{"host":"0z6l31g9ps0v9zzp","time":1611415799,"event":{"mods":["BaseMod","Downfall","Minty Spire (QoL Compilation)","MostiFishMod","StSLib"],"gold_per_floor":[99,99,99,91,91,126,126,160,181,98,140,40,61,86,107,212,212,112,138,152,152,1,37,84,97,107,121,136,161,177,44,56,161,161,161,171,221,221,231,251,551,563,563,463,493,493,493,509,527,527,527,552,219,219,219,219],"floor_reached":57,"language":"ZHS","playtime":2838,"items_purged":["hexamod:Defend","hexamod:Defend"],"score":1696,"play_id":"d6532bd3-03e8-4df8-9afc-74df65ff79ce","local_time":"20210123232959","is_ascension_mode":false,"campfire_choices":[{"data":"hexamod:Float","floor":1.0,"key":"SMITH"},{"data":"hexamod:RecurringNightmare","floor":12.0,"key":"SMITH"},{"data":"hexamod:TimeOfNeed","floor":18.0,"key":"SMITH"},{"floor":35,"key":"RECALL"},{"data":"hexamod:EmpoweredFlame","floor":44,"key":"SMITH"},{"data":"1","floor":47,"key":"LIFT"},{"data":"2","floor":54,"key":"LIFT"}],"circlet_count":0,"master_deck":["hexamod:Strike+1","hexamod:Strike+1","hexamod:Strike","hexamod:Defend","hexamod:Defend","hexamod:Sear+1","hexamod:Float+1","hexamod:RecurringNightmare+1","hexamod:AdvancingGuard","hexamod:TimeOfNeed+1","hexamod:Hexaguard","hexamod:EmpoweredFlame+1","hexamod:UnleashSpirits+1","CurseOfTheBell","CurseOfTheBell","hexamod:RainOfEmbers+1"],"relics":["hexamod:SpiritBrand","DaveBox","PatriotShield","downfall:HeartsMalice","InkBottle","Mercury Hourglass","Bottled Tornado","downfall:HeartBlessingGreen","hexamod:IceCube","downfall:HeartBlessingBlue","MutagenicStrength","TheAbacus","hexamod:TheBrokenSeal","sneckomod:BlankCard","Anchor","Whetstone","Civilization","Molten Egg 2","ChiXiaoBlade","Incense Burner","Blue Candle","Old Coin","downfall:HeartBlessingRed","Nunchaku","downfall:ExtraCursedBell","hexamod:MatchstickCase","Toxic Egg 2","Girya","ImprovedEquipment","MostiFishMod:AdaptiveDefenses"],"acts_visited":["Exordium","TheCity","TheBeyond","TheEnding"],"potions_floor_usage":[],"damage_taken":[{"damage":0.0,"enemies":"Cultist","floor":2.0,"turns":1.0},{"damage":0.0,"enemies":"Small Slimes","floor":3.0,"turns":1.0},{"damage":0.0,"enemies":"3 Sentries","floor":6.0,"turns":1.0},{"damage":0.0,"enemies":"Lagavulin","floor":8.0,"turns":6.0},{"damage":0.0,"enemies":"2 Louse","floor":9.0,"turns":3.0},{"damage":0.0,"enemies":"downfall:FleeingMerchant","floor":10.0,"turns":4.0},{"damage":0.0,"enemies":"3 Sentries","floor":11.0,"turns":6.0},{"damage":0.0,"enemies":"Large Slime","floor":13.0,"turns":7.0},{"damage":0.0,"enemies":"Exordium Thugs","floor":14.0,"turns":5.0},{"damage":0.0,"enemies":"3 Louse","floor":15.0,"turns":4.0},{"damage":0.0,"enemies":"WA_ARCHETYPE_RETAIN","floor":16.0,"turns":9.0},{"damage":0.0,"enemies":"3 Byrds","floor":19.0,"turns":5.0},{"damage":0.0,"enemies":"Shell Parasite","floor":20.0,"turns":5.0},{"damage":0.0,"enemies":"downfall:FleeingMerchant","floor":22.0,"turns":4.0},{"damage":0,"enemies":"Gremlin Leader","floor":23,"turns":8},{"damage":0,"enemies":"Chosen and Byrds","floor":25,"turns":3},{"damage":0,"enemies":"Centurion and Healer","floor":26,"turns":4},{"damage":0,"enemies":"Shelled Parasite and Fungi","floor":27,"turns":3},{"damage":0,"enemies":"Snake Plant","floor":28,"turns":2},{"damage":0,"enemies":"Book of Stabbing","floor":29,"turns":4},{"damage":0,"enemies":"Centurion and Healer","floor":30,"turns":2},{"damage":0,"enemies":"downfall:FleeingMerchant","floor":31,"turns":4},{"damage":0,"enemies":"Snecko","floor":32,"turns":2},{"damage":0,"enemies":"SI_MIRROR_ARCHETYPE","floor":33,"turns":7},{"damage":0,"enemies":"3 Darklings","floor":36,"turns":3},{"damage":0,"enemies":"3 Darklings","floor":37,"turns":4},{"damage":0,"enemies":"Orb Walker","floor":39,"turns":2},{"damage":0,"enemies":"Jaw Worm Horde","floor":40,"turns":3},{"damage":0,"enemies":"3 Darklings","floor":42,"turns":3},{"damage":0,"enemies":"Reptomancer","floor":45,"turns":4},{"damage":0,"enemies":"Writhing Mass","floor":48,"turns":3},{"damage":0,"enemies":"Jaw Worm Horde","floor":49,"turns":1},{"damage":0,"enemies":"IC_BLOCK_ARCHETYPE","floor":50,"turns":4},{"damage":0,"enemies":"downfall:CharBossMerchant","floor":52,"turns":4},{"damage":2,"enemies":"downfall:NeowBoss","floor":55,"turns":11},{"damage":3,"enemies":"downfall:NeowBossFinal","floor":56,"turns":6}],"seed_played":"4464470269588029638","potions_obtained":[{"floor":8.0,"key":"FearPotion"},{"floor":13.0,"key":"Ancient Potion"},{"floor":14.0,"key":"AttackPotion"},{"floor":16.0,"key":"Swift Potion"}],"is_trial":false,"path_per_floor":["R","M","M","?","?","E","T","E","M","$","E","R","M","M","M","B",null,"R","M","M","?","$","E","T","M","M","M","M","E","M","$","M","B",null,"R","M","?","T","M","M","T","M","?","R","E","?","R","M","M","B",null,"E","$","R","B","B",null],"character_chosen":"THE_SPIRIT","items_purchased":["hexamod:FourthSeal","TheAbacus","Civilization","Molten Egg 2","MostiFishMod:AdaptiveDefenses","GamblersBrew"],"campfire_rested":0,"item_purchase_floors":[10,22,31,31,53,53],"current_hp_per_floor":[70,70,70,63,63,63,63,70,70,70,70,70,70,70,70,70,70,80,80,80,80,80,90,90,90,90,90,90,90,90,90,91,96,96,96,101,106,106,111,116,116,121,121,121,126,126,126,131,136,141,141,146,146,146,149,151],"gold":219,"neow_bonus":"THREE_ENEMY_KILL","is_daily":false,"chose_seed":false,"campfire_upgraded":4,"win_rate":0.0,"timestamp":1611415799,"path_taken":["R","M","?","?","?","E","T","E","M","$","E","R","?","M","M","BOSS","R","M","M","?","$","E","T","M","M","M","M","E","M","$","M","BOSS","R","M","?","?","M","M","T","M","?","R","E","?","R","M","M","BOSS","E","$","R","BOSS","BOSS"],"items_purchased_type":["Card","Relic","Relic","Relic","Relic","Potion"],"build_version":"2020-12-22","purchased_purges":2,"victory":true,"max_hp_per_floor":[70,70,70,70,70,70,70,70,70,70,70,70,70,70,70,70,70,80,80,80,80,80,90,90,90,90,90,90,90,90,90,91,96,96,96,101,106,106,111,116,116,121,121,121,126,126,126,131,136,141,141,146,146,146,151,156],"card_choices":[{"not_picked":["hexamod:InspiringFlames","hexamod:RainOfEmbers"],"picked":"hexamod:Hexaguard","floor":2.0},{"not_picked":["hexamod:ExtraCrispy","hexamod:Hexaguard"],"picked":"hexamod:RecurringNightmare","floor":3.0},{"not_picked":["hexamod:SwordOfDarkness","hexamod:SuperheatedStrike","hexamod:TurnItUp"],"picked":"SKIP","floor":6.0},{"not_picked":["hexamod:RainOfEmbers","hexamod:Firestarter"],"picked":"hexamod:FifthSeal","floor":8.0},{"not_picked":["hexamod:GhostShield","hexamod:SuperheatedStrike","hexamod:GhostflameBarrier"],"picked":"SKIP","floor":8.0},{"not_picked":["hexamod:NightmareGuise","hexamod:PhantomFireball"],"picked":"hexamod:AdvancingGuard","floor":9.0},{"not_picked":["hexamod:EmpoweredFlame","hexamod:Hexaguard","hexamod:Incineration"],"picked":"SKIP","floor":9.0},{"not_picked":["hexamod:ApocalypseNow","hexamod:SwordOfDarkness","hexamod:GhostLash"],"picked":"SKIP","floor":10.0},{"not_picked":["hexamod:GhostShield","hexamod:HauntingEcho","hexamod:SoulSteal"],"picked":"SKIP","floor":10.0},{"not_picked":["hexamod:NightmareStrike","hexamod:SoulSteal","hexamod:Incineration"],"picked":"SKIP","floor":11.0},{"not_picked":["hexamod:EmpoweredFlame","hexamod:BurningTouch","hexamod:SpectersWail"],"picked":"SKIP","floor":11.0},{"not_picked":["hexamod:HeatShield","hexamod:FlamesFromBeyond","hexamod:BacktrackSmack"],"picked":"SKIP","floor":13.0},{"not_picked":["hexamod:HeatMetal","hexamod:PhantomCloak","hexamod:RetreatToShadows"],"picked":"SKIP","floor":13.0},{"not_picked":["hexamod:NightmareStrike","hexamod:SpectersWail","hexamod:SecondSeal"],"picked":"SKIP","floor":14.0},{"not_picked":["hexamod:BacktrackSmack","hexamod:SwordOfDarkness","hexamod:ShieldOfDarkness"],"picked":"SKIP","floor":14.0},{"not_picked":["hexamod:SuperheatedStrike","hexamod:StepThrough","hexamod:NightmareGuise"],"picked":"SKIP","floor":15.0},{"not_picked":["hexamod:GhostflameBarrier","hexamod:WildfireWeapon","hexamod:Rewind"],"picked":"SKIP","floor":15.0},{"not_picked":["hexamod:UnlimitedPower","hexamod:TurnItUp"],"picked":"hexamod:TimeOfNeed","floor":16.0},{"not_picked":["hexamod:FirstSeal","hexamod:SecondSeal","hexamod:ThirdSeal"],"picked":"SKIP","floor":19.0},{"not_picked":["hexamod:HeatShield+1","hexamod:StepThrough","hexamod:CatchUp"],"picked":"SKIP","floor":19.0},{"not_picked":["hexamod:FirstSeal","hexamod:FourthSeal"],"picked":"hexamod:SixthSeal","floor":20.0},{"not_picked":["hexamod:ExtraCrispy+1","hexamod:StepThrough","hexamod:FlamesFromBeyond"],"picked":"SKIP","floor":20.0},{"not_picked":["hexamod:EtherealExpedition","hexamod:ShieldOfDarkness","hexamod:DynamicBlow+1"],"picked":"SKIP","floor":22.0},{"not_picked":["hexamod:FirstSeal","hexamod:ThirdSeal","hexamod:SecondSeal"],"picked":"SKIP","floor":22.0},{"not_picked":["hexamod:ShieldOfDarkness","hexamod:SpectralSpark","hexamod:GiftsFromTheDead"],"picked":"SKIP","floor":22.0},{"not_picked":["hexamod:SpectralAdrenaline","hexamod:GhostShield+1","hexamod:Firestarter"],"picked":"SKIP","floor":23},{"not_picked":["hexamod:ExtraCrispy","hexamod:SpectralSpark","hexamod:ShieldOfDarkness"],"picked":"SKIP","floor":25},{"not_picked":["hexamod:NightmareGuise","hexamod:FlamesFromBeyond","hexamod:GhostShield+1"],"picked":"SKIP","floor":26},{"not_picked":["hexamod:NightmareStrike","hexamod:GhostShield","hexamod:AdvancingGuard+1"],"picked":"SKIP","floor":27},{"not_picked":["hexamod:FlamesFromBeyond","hexamod:SpectersWail","hexamod:Firestarter"],"picked":"SKIP","floor":28},{"not_picked":["hexamod:Haunt","hexamod:RecurringNightmare","hexamod:SearingWound"],"picked":"SKIP","floor":29},{"not_picked":["hexamod:BacktrackSmack+1","hexamod:PhantomCloak"],"picked":"hexamod:Hexaguard","floor":30},{"not_picked":["hexamod:NightmareGuise+1","hexamod:HauntingEcho+1","hexamod:SecondSeal"],"picked":"SKIP","floor":31},{"not_picked":["hexamod:SwordOfDarkness+1","hexamod:EtherealExpedition"],"picked":"hexamod:EmpoweredFlame","floor":32},{"not_picked":["hexamod:GiftsFromTheDead","hexamod:GhostflameInferno"],"picked":"hexamod:UnleashSpirits+1","floor":33},{"not_picked":["hexamod:AdvancingGuard","hexamod:NightmareGuise","hexamod:ThermalTransfer+1"],"picked":"SKIP","floor":36},{"not_picked":["hexamod:FourthSeal","hexamod:GhostShield","hexamod:SpectralSpark"],"picked":"SKIP","floor":39},{"not_picked":["hexamod:Hexaguard+1","hexamod:BacktrackSmack+1","hexamod:GhostShield"],"picked":"SKIP","floor":40},{"not_picked":["hexamod:ThermalTransfer+1","hexamod:SuperheatedStrike+1","hexamod:FlamesFromBeyond+1"],"picked":"SKIP","floor":42},{"not_picked":["hexamod:ChargedBarrage","hexamod:GhostShield+1","hexamod:StepThrough+1"],"picked":"SKIP","floor":45},{"not_picked":["hexamod:ThirdSeal","hexamod:InspiringFlames+1"],"picked":"hexamod:RainOfEmbers+1","floor":48},{"not_picked":["hexamod:ThermalTransfer+1","hexamod:FlamesFromBeyond+1","hexamod:RainOfEmbers+1"],"picked":"SKIP","floor":49},{"not_picked":["hexamod:ChargedBarrage+1","hexamod:GhostOfSpirePast+1","hexamod:Incineration+1"],"picked":"SKIP","floor":52}],"player_experience":349645,"relics_obtained":[{"floor":6.0,"key":"InkBottle"},{"floor":8.0,"key":"Mercury Hourglass"},{"floor":11.0,"key":"Bottled Tornado"},{"floor":23,"key":"sneckomod:BlankCard"},{"floor":24,"key":"Anchor"},{"floor":29,"key":"Whetstone"},{"floor":37,"key":"Incense Burner"},{"floor":38,"key":"Blue Candle"},{"floor":41,"key":"Old Coin"},{"floor":45,"key":"Nunchaku"},{"floor":46,"key":"hexamod:MatchstickCase"},{"floor":46,"key":"Toxic Egg 2"},{"floor":46,"key":"Girya"},{"floor":52,"key":"ImprovedEquipment"}],"event_choices":[{"cards_removed":["hexamod:Strike"],"damage_healed":0.0,"max_hp_gain":0.0,"max_hp_loss":0.0,"gold_gain":0.0,"event_name":"Bonfire Elementals","player_choice":"Offered Basic","floor":5.0,"gold_loss":0.0,"damage_taken":0.0},{"damage_healed":0.0,"max_hp_gain":0.0,"max_hp_loss":0.0,"gold_gain":0.0,"event_name":"Drug Dealer","player_choice":"Inject Mutagens","floor":21.0,"gold_loss":0.0,"damage_taken":0.0,"relics_obtained":["MutagenicStrength"]}],"is_beta":false,"boss_relics":[{"not_picked":["Pandora\u0027s Box","OneHitWonderSystem"],"picked":"hexamod:IceCube"},{"not_picked":["SynthV:MejaisSoulstealer","ExusiaiGun"],"picked":"ChiXiaoBlade"}],"items_purged_floors":[31,53],"is_endless":false,"potions_floor_spawned":[8,13,15,16,19,20,27,28,32,33,39,40,42,52],"ascension_level":0}}