{"host":"ua86kx5x377bzm1z","time":1611438811,"event":{"mods":["BaseMod","Colored Map","DeckTracker","Infinite Spire","Minty Spire (QoL Compilation)","Replay The Spire","StSLib"],"gold_per_floor":[116,129,129,142,19,50,50,65,141,141,141,155,155,1,11,22,22,120,120,138,149,159,159,0,0,0,0],"floor_reached":26,"language":"ENG","playtime":1458,"items_purged":["Strike_R"],"score":210,"play_id":"23157084-1191-47c6-8b39-862170573dee","local_time":"20210123225331","is_ascension_mode":false,"campfire_choices":[{"data":"Armaments","floor":7,"key":"SMITH"},{"data":"Bash","floor":13,"key":"SMITH"},{"floor":17,"key":"REST"},{"floor":25,"key":"REST"}],"circlet_count":0,"master_deck":["Strike_R","Strike_R","Strike_R","Strike_R","Defend_R","Defend_R","Defend_R","Defend_R","Bash+1","Anger+1","Cleave","Headbutt","Armaments+1","True Grit","Rage","Whirlwind","Cleave","Double Tap","Shrug It Off+1","Flex","Power Through","Anger"],"relics":["Burning Blood","Ginger","Replay:Bottled Steam","infinitespire:Cupcake"],"acts_visited":["Exordium","TheCity"],"potions_floor_usage":[18,18,21,22,22],"damage_taken":[{"damage":6,"enemies":"2 Louse","floor":1,"turns":2},{"damage":1,"enemies":"Cultist","floor":2,"turns":3},{"damage":0,"enemies":"Small Slimes","floor":4,"turns":3},{"damage":31,"enemies":"Lagavulin","floor":6,"turns":5},{"damage":7,"enemies":"2 Fungi Beasts","floor":8,"turns":4},{"damage":3,"enemies":"Gremlin Gang","floor":12,"turns":3},{"damage":3,"enemies":"Exordium Thugs","floor":15,"turns":4},{"damage":8,"enemies":"Looter","floor":16,"turns":3},{"damage":56,"enemies":"Slime Boss","floor":18,"turns":12},{"damage":25,"enemies":"Chosen","floor":20,"turns":5},{"damage":0,"enemies":"3 Byrds","floor":21,"turns":3},{"damage":33,"enemies":"Snecko","floor":22,"turns":8},{"damage":67,"enemies":"Cultist and Chosen","floor":26,"turns":5}],"seed_played":"3502630076542940995","potions_obtained":[{"floor":2,"key":"DistilledChaos"},{"floor":6,"key":"Block Potion"},{"floor":15,"key":"Block Potion"},{"floor":18,"key":"Explosive Potion"},{"floor":21,"key":"SkillPotion"}],"is_trial":false,"path_per_floor":["M","M","?","M","$","E","R","M","T","PTL","PTL","M","R","$","M","M","R","B",null,"M","M","M","?","?","R","M"],"character_chosen":"IRONCLAD","items_purchased":["Headbutt","Rage","Whirlwind"],"campfire_rested":2,"item_purchase_floors":[5,14,14],"current_hp_per_floor":[80,80,80,80,80,55,55,54,54,54,54,57,57,57,60,58,80,30,80,61,67,40,40,40,64,0,0],"gold":0,"neow_bonus":"THREE_CARDS","is_daily":false,"chose_seed":false,"campfire_upgraded":2,"win_rate":0.0,"timestamp":1611438811,"path_taken":["M","M","?","M","$","E","R","M","T","PTL","PTL","M","R","$","M","M","R","BOSS","M","M","M","?","?","R","M"],"items_purchased_type":["Card","Card","Card"],"build_version":"2020-12-13","purchased_purges":1,"victory":false,"max_hp_per_floor":[80,80,80,80,80,80,80,80,80,80,80,80,80,80,80,80,80,80,80,80,80,80,80,80,80,80,80],"card_choices":[{"not_picked":["ReplayTheSpireMod:Limb From Limb","Thunderclap"],"picked":"Anger","floor":0},{"not_picked":["Thunderclap","Clash","Rupture"],"picked":"SKIP","floor":1},{"not_picked":["Massacre","Run Through","Disarm"],"picked":"SKIP","floor":2},{"not_picked":["Perfected Strike","Body Slam"],"picked":"Cleave","floor":4},{"not_picked":["Anger","Body Slam"],"picked":"Armaments","floor":6},{"not_picked":["Sword Boomerang","ReplayTheSpireMod:Limb From Limb","Replay:Undeath\u0027s Touch"],"picked":"SKIP","floor":8},{"not_picked":["Second Wind","Warcry"],"picked":"True Grit","floor":12},{"not_picked":["Headbutt","Sword Boomerang","Life Link"],"picked":"SKIP","floor":15},{"not_picked":["Burning Pact","Massacre"],"picked":"Cleave","floor":16},{"not_picked":["Fiend Fire","Impervious"],"picked":"Double Tap","floor":18},{"not_picked":["Clash","Twin Strike"],"picked":"Shrug It Off+1","floor":20},{"not_picked":["Whirlwind","Warcry"],"picked":"Flex","floor":21},{"not_picked":["Run Through+1","Rupture"],"picked":"Power Through","floor":22}],"player_experience":8159,"relics_obtained":[{"floor":6,"key":"Ginger"},{"floor":9,"key":"Replay:Bottled Steam"}],"event_choices":[{"damage_healed":0,"gold_gain":0,"player_choice":"Forge","damage_taken":0,"max_hp_gain":0,"max_hp_loss":0,"event_name":"Accursed Blacksmith","floor":3,"gold_loss":0,"cards_upgraded":["Anger"]},{"damage_healed":0,"gold_gain":0,"player_choice":"Read","damage_taken":0,"max_hp_gain":0,"max_hp_loss":0,"event_name":"The Library","floor":23,"gold_loss":0,"cards_obtained":["Anger"]},{"damage_healed":0,"gold_gain":0,"player_choice":"Paid Fearfully","damage_taken":0,"max_hp_gain":0,"max_hp_loss":0,"event_name":"Masked Bandits","floor":24,"gold_loss":159}],"is_beta":false,"boss_relics":[{"not_picked":["Replay:Ancient Bell","SlaversCollar"],"picked":"infinitespire:Cupcake"}],"items_purged_floors":[5],"is_endless":false,"potions_floor_spawned":[2,6,15,18,21],"killed_by":"Cultist and Chosen","ascension_level":0}}