{"host":"bq4pt811tk9yrmjl","time":1611363692,"event":{"mods":["AchievementEnabler","BaseMod","Colored Map","Colored Powertips","Defuse TimeMaze Blight","Hermit","Minty Spire (QoL Compilation)","StSLib","SuperFastMode"],"gold_per_floor":[117,130,130,130,130,166,245,245,272,285,285,24,24,55,55,55,55],"floor_reached":16,"language":"ENG","playtime":176,"items_purged":[],"score":138,"play_id":"dad00abd-ca68-43bd-86ff-8103ade72299","local_time":"20210122230132","is_ascension_mode":true,"campfire_choices":[{"data":"Judgement","floor":8,"key":"SMITH"},{"floor":15,"key":"REST"}],"circlet_count":0,"master_deck":["Strike_P","Strike_P","Strike_P","Strike_P","Defend_P","Defend_P","Defend_P","Defend_P","Eruption","Vigilance","Consecrate","BowlingBash+1","Judgement+1","JustLucky+1"],"relics":["PureWater","NeowsBlessing","Golden Idol","Juzu Bracelet","Potion Belt","Toxic Egg 2","Pen Nib"],"acts_visited":["Exordium"],"potions_floor_usage":[7,14,16],"damage_taken":[{"damage":0,"enemies":"2 Louse","floor":1,"turns":1},{"damage":0,"enemies":"Jaw Worm","floor":2,"turns":1},{"damage":0,"enemies":"Gremlin Nob","floor":6,"turns":1},{"damage":5,"enemies":"3 Sentries","floor":7,"turns":5},{"damage":0,"enemies":"Small Slimes","floor":10,"turns":1},{"damage":13,"enemies":"Lagavulin","floor":14,"turns":5},{"damage":14,"enemies":"The Guardian","floor":16,"turns":5}],"seed_played":"-3728784152086691833","potions_obtained":[{"floor":1,"key":"LiquidMemories"},{"floor":10,"key":"LiquidBronze"},{"floor":14,"key":"Energy Potion"}],"is_trial":false,"path_per_floor":["M","M","$","?","?","E","?","R","T","M","?","$","?","E","R","B"],"character_chosen":"WATCHER","items_purchased":["Toxic Egg 2"],"campfire_rested":1,"item_purchase_floors":[12],"current_hp_per_floor":[72,72,72,72,54,54,49,49,49,49,49,49,35,22,43,29,29],"gold":55,"neow_bonus":"THREE_ENEMY_KILL","is_daily":false,"chose_seed":false,"campfire_upgraded":1,"win_rate":0.0,"timestamp":1611363692,"path_taken":["M","M","$","?","?","E","?","R","T","M","?","$","?","E","R","BOSS"],"items_purchased_type":["Relic"],"build_version":"2020-12-22","purchased_purges":0,"victory":false,"max_hp_per_floor":[72,72,72,72,72,72,72,72,72,72,72,72,72,72,72,72,72],"card_choices":[{"not_picked":["Sanctity","ThirdEye"],"picked":"Consecrate","floor":1},{"not_picked":["Crescendo","FlyingSleeves"],"picked":"BowlingBash","floor":2},{"not_picked":["SignatureMove","InnerPeace"],"picked":"Judgement","floor":6},{"not_picked":["WheelKick","Swivel"],"picked":"JustLucky","floor":7},{"not_picked":["PathToVictory","EmptyBody","CrushJoints"],"picked":"SKIP","floor":10},{"not_picked":["FlyingSleeves","Vengeance+1","Indignation+1"],"picked":"SKIP","floor":14}],"player_experience":213408,"relics_obtained":[{"floor":6,"key":"Juzu Bracelet"},{"floor":14,"key":"Pen Nib"}],"event_choices":[{"damage_healed":0,"gold_gain":0,"player_choice":"Ignored","damage_taken":0,"max_hp_gain":0,"max_hp_loss":0,"event_name":"Liars Game","floor":4,"gold_loss":0},{"damage_healed":0,"gold_gain":0,"player_choice":"Take Damage","damage_taken":18,"relics_obtained":["Golden Idol"],"max_hp_gain":0,"max_hp_loss":0,"event_name":"Golden Idol","floor":5,"gold_loss":0},{"damage_healed":0,"gold_gain":0,"player_choice":"Searched \u00273\u0027 times","damage_taken":0,"relics_obtained":["Potion Belt"],"max_hp_gain":0,"max_hp_loss":0,"event_name":"Dead Adventurer","floor":7,"gold_loss":0},{"damage_healed":0,"gold_gain":0,"player_choice":"Ignored","damage_taken":0,"max_hp_gain":0,"max_hp_loss":0,"event_name":"Golden Wing","floor":11,"gold_loss":0},{"damage_healed":0,"gold_gain":0,"player_choice":"Entered Light","damage_taken":14,"max_hp_gain":0,"max_hp_loss":0,"event_name":"Shining Light","floor":13,"gold_loss":0,"cards_upgraded":["JustLucky","BowlingBash"]}],"is_beta":false,"boss_relics":[],"items_purged_floors":[],"is_endless":false,"potions_floor_spawned":[1,10,14],"killed_by":"The Guardian","ascension_level":1}}