{"host":"p7cjtxxrilhp4dw7","time":1611387302,"event":{"mods":["BaseMod","Block Reminder","Colored Map","Highlight Path","Minty Spire (QoL Compilation)","Replay The Spire","StSLib","The Hierophant"],"gold_per_floor":[11,11,31,31,46,46,85,85,163,163,143,181,195,236,236,357,357,380,223,248,262,262,298,298,313,338,350,487,532,435,476,476,602,665,683,704,299,315,378,414,414,435,435,466,466,466,502,502,502,502],"floor_reached":51,"language":"ENG","playtime":6616,"items_purged":["Languid"],"score":1276,"play_id":"a274d069-2f31-4e21-85e5-a9399dec43a6","local_time":"20210123003502","is_ascension_mode":true,"campfire_choices":[{"floor":6,"key":"REST"},{"data":"Armaments","floor":8,"key":"SMITH"},{"floor":10,"key":"REST"},{"data":"Injury","floor":15,"key":"PURGE"},{"data":"Infernal Blade","floor":27,"key":"SMITH"},{"data":"ReplayTheSpireMod:Limb From Limb","floor":32,"key":"SMITH"},{"floor":41,"key":"REST"},{"data":"Metallicize","floor":45,"key":"SMITH"},{"data":"Pain","floor":49,"key":"PURGE"}],"circlet_count":0,"master_deck":["Defend_R+1","Defend_R","Defend_R","Defend_R+1","Bash","Inflame","ReplayTheSpireMod:Stacked","Armaments+1","Pot Of Greed","Run Through","Iron Wave","Infernal Blade+1","Bludgeon","Burning Pact+1","Replay:Parry+1","Combust+1","Twin Strike","Blood for Blood+1","ReplayTheSpireMod:Limb From Limb+1","Pot Of Greed","RitualDagger","Intimidate","Bite+1","Bite+1","Bite+1","Bite+1","Bite+1","Replay:Undeath\u0027s Touch+1","Rampage+1","Clothesline+1","Pot Of Greed","Feed","Sword Boomerang","Twin Strike+1","ReplayTheSpireMod:Muscle Training","Whirlwind+1","Thunderclap","Flame Barrier+1","Shockwave"],"relics":["Burning Blood","Golden Idol","Grinning Jar","Replay:Bottled Snecko","Toy Ornithopter","Orichalcum","Replay:Grab Bag","Replay:Bronze Core","Cursed Key","Astrolabe","Oddly Smooth Stone","Replay:Ringing Soul","MawBank","Dead Branch","Replay:Bottled Eggs","Happy Flower","Replay:Bottled Flurry","Tiny House","Mercury Hourglass","Replay:Mystery Machine","Ginger","MealTicket","Meat on the Bone","Magic Flower","Question Card"],"acts_visited":["Exordium","TheCity","TheBeyond"],"potions_floor_usage":[12,14,14,18,28,28,28,28,33,33,44,50,50,50],"damage_taken":[{"damage":10,"enemies":"Small Slimes","floor":1,"turns":4},{"damage":8,"enemies":"2 Louse","floor":3,"turns":3},{"damage":6,"enemies":"Cultist","floor":5,"turns":4},{"damage":37,"enemies":"Gremlin Nob","floor":7,"turns":5},{"damage":3,"enemies":"Lagavulin","floor":12,"turns":5},{"damage":8,"enemies":"Lots of Slimes","floor":13,"turns":7},{"damage":2,"enemies":"3 Sentries","floor":14,"turns":5},{"damage":41,"enemies":"Slime Boss","floor":16,"turns":10},{"damage":13,"enemies":"2 Thieves","floor":18,"turns":4},{"damage":8,"enemies":"3 Byrds","floor":20,"turns":4},{"damage":10,"enemies":"Centurion and Healer","floor":21,"turns":4},{"damage":19,"enemies":"Replay:Snechameleon","floor":23,"turns":6},{"damage":13,"enemies":"3 Cultists","floor":25,"turns":4},{"damage":26,"enemies":"Colosseum Slavers","floor":28,"turns":4},{"damage":1,"enemies":"Colosseum Nobs","floor":28,"turns":3},{"damage":19,"enemies":"Gremlin Leader","floor":29,"turns":5},{"damage":23,"enemies":"Replay:Snechameleon","floor":31,"turns":7},{"damage":72,"enemies":"Automaton","floor":33,"turns":10},{"damage":3,"enemies":"3 Shapes","floor":35,"turns":5},{"damage":5,"enemies":"Orb Walker","floor":36,"turns":3},{"damage":7,"enemies":"Transient","floor":38,"turns":5},{"damage":1,"enemies":"Mind Bloom Boss Battle","floor":39,"turns":3},{"damage":58,"enemies":"Giant Head","floor":40,"turns":8},{"damage":13,"enemies":"Sphere and 2 Shapes","floor":42,"turns":4},{"damage":42,"enemies":"R_Hoarder","floor":44,"turns":8},{"damage":20,"enemies":"Nemesis","floor":47,"turns":5},{"damage":149,"enemies":"Awakened One","floor":50,"turns":13}],"seed_played":"4181316601998317768","potions_obtained":[{"floor":5,"key":"Block Potion"},{"floor":7,"key":"Dexterity Potion"},{"floor":11,"key":"Toxic Potion"},{"floor":12,"key":"Toxic Potion"},{"floor":16,"key":"Flashbang"},{"floor":20,"key":"EntropicBrew"},{"floor":25,"key":"Doom Potion"},{"floor":29,"key":"SpeedPotion"},{"floor":34,"key":"Explosive Potion"},{"floor":35,"key":"Adrenaline Potion"},{"floor":38,"key":"Strength Potion"},{"floor":44,"key":"Energy Potion"}],"is_trial":false,"path_per_floor":["M","?","M","?","M","R","E","R","T","R","?","E","M","E","R_BF","B",null,"M","$","M","M","?","E","?","M","T","R","?","E","$","E","R","B",null,"M","M","$","M","?","E","R","M","T","E","R","?","E","?","R_BF","B",null],"character_chosen":"IRONCLAD","items_purchased":["Oddly Smooth Stone","Metallicize","Mercury Hourglass","Replay:Mystery Machine"],"campfire_rested":3,"item_purchase_floors":[19,30,37,37],"current_hp_per_floor":[84,84,82,63,63,91,60,60,60,88,88,91,89,96,96,61,87,85,85,83,79,73,63,66,72,75,75,81,74,77,72,72,46,87,101,104,104,107,110,73,106,107,110,95,95,95,94,94,94,41],"gold":502,"neow_bonus":"TWENTY_PERCENT_HP_BONUS","is_daily":false,"chose_seed":false,"campfire_upgraded":4,"win_rate":0.0,"timestamp":1611387302,"path_taken":["M","?","M","?","M","R","E","R","T","R","?","E","?","E","R_BF","BOSS","M","?","M","M","?","E","?","M","T","R","?","E","?","E","R","BOSS","M","M","$","M","?","E","R","M","T","E","R","?","E","?","R_BF","BOSS"],"items_purchased_type":["Relic","Card","Relic","Relic"],"build_version":"2020-12-22","purchased_purges":1,"victory":true,"max_hp_per_floor":[96,96,96,96,96,96,96,96,96,96,96,96,96,96,96,96,96,96,96,96,96,96,99,72,75,78,78,81,84,87,87,87,90,98,101,104,104,107,110,113,113,113,116,119,119,119,119,119,119,122],"card_choices":[{"not_picked":["Replay:Undeath\u0027s Touch","Warcry"],"picked":"Inflame","floor":1},{"not_picked":["Thunderclap","Headbutt"],"picked":"ReplayTheSpireMod:Stacked","floor":3},{"not_picked":["Anger","True Grit"],"picked":"Armaments","floor":5},{"not_picked":["ReplayTheSpireMod:LeadingStrike","Corruption"],"picked":"Run Through","floor":7},{"not_picked":["Pommel Strike","Battle Trance","Heavy Blade"],"picked":"SKIP","floor":12},{"not_picked":["Bloodletting","Perfected Strike"],"picked":"Iron Wave","floor":13},{"not_picked":["Body Slam","Havoc"],"picked":"Infernal Blade","floor":14},{"not_picked":["Corruption","Exhume"],"picked":"Bludgeon","floor":16},{"not_picked":["Anger","Armaments+1"],"picked":"Twin Strike","floor":18},{"not_picked":["Warcry+1","ReplayTheSpireMod:LeadingStrike"],"picked":"Blood for Blood+1","floor":20},{"not_picked":["Pommel Strike","Run Through"],"picked":"ReplayTheSpireMod:Limb From Limb","floor":21},{"not_picked":["Fiend Fire","Blood for Blood"],"picked":"Intimidate","floor":23},{"not_picked":["Perfected Strike","Sword Boomerang"],"picked":"Replay:Undeath\u0027s Touch+1","floor":25},{"not_picked":["Massacre","Body Slam+1"],"picked":"Rampage+1","floor":28},{"not_picked":["Replay:Undeath\u0027s Touch","Clash"],"picked":"Clothesline+1","floor":29},{"not_picked":["Dropkick","Bludgeon","Replay:Undeath\u0027s Touch+1"],"picked":"SKIP","floor":31},{"not_picked":["Replay:Many Hands","Limit Break"],"picked":"Feed","floor":33},{"not_picked":["Headbutt","Dropkick"],"picked":"Sword Boomerang","floor":34},{"not_picked":["Heavy Blade+1","Armaments"],"picked":"Twin Strike+1","floor":35},{"not_picked":["Warcry","Headbutt+1"],"picked":"ReplayTheSpireMod:Muscle Training","floor":36},{"not_picked":["Sword Boomerang","Body Slam+1"],"picked":"Whirlwind+1","floor":38},{"not_picked":["Abandon","Power Through"],"picked":"Thunderclap","floor":39},{"not_picked":["Limit Break","Shrug It Off+1"],"picked":"Flame Barrier+1","floor":40},{"not_picked":["Anger+1","Rage","Pommel Strike"],"picked":"SKIP","floor":42},{"not_picked":["True Grit+1","Sever Soul"],"picked":"Shockwave","floor":44},{"not_picked":["Anger+1","Sever Soul","Immolate"],"picked":"SKIP","floor":47}],"player_experience":566345,"relics_obtained":[{"floor":7,"key":"Grinning Jar"},{"floor":9,"key":"Replay:Bottled Snecko"},{"floor":12,"key":"Toy Ornithopter"},{"floor":14,"key":"Orichalcum"},{"floor":23,"key":"Replay:Ringing Soul"},{"floor":26,"key":"MawBank"},{"floor":28,"key":"Dead Branch"},{"floor":28,"key":"Replay:Bottled Eggs"},{"floor":29,"key":"Happy Flower"},{"floor":31,"key":"Replay:Bottled Flurry"},{"floor":39,"key":"Ginger"},{"floor":40,"key":"MealTicket"},{"floor":43,"key":"Meat on the Bone"},{"floor":44,"key":"Magic Flower"},{"floor":47,"key":"Question Card"}],"event_choices":[{"damage_healed":0,"gold_gain":0,"player_choice":"Take Wound","damage_taken":0,"relics_obtained":["Golden Idol"],"max_hp_gain":0,"max_hp_loss":0,"event_name":"Golden Idol","floor":2,"gold_loss":0,"cards_obtained":["Injury"]},{"damage_healed":0,"gold_gain":0,"player_choice":"Entered Light","damage_taken":19,"max_hp_gain":0,"max_hp_loss":0,"event_name":"Shining Light","floor":4,"gold_loss":0,"cards_upgraded":["Strike_R","Defend_R"]},{"damage_healed":0,"gold_gain":0,"player_choice":"Bought 1 Potion","damage_taken":0,"max_hp_gain":0,"max_hp_loss":0,"event_name":"The Woman in Blue","floor":11,"gold_loss":0},{"damage_healed":0,"gold_gain":0,"player_choice":"Joined the Cult","damage_taken":6,"max_hp_gain":0,"max_hp_loss":0,"event_name":"Nest","floor":22,"gold_loss":0,"cards_obtained":["RitualDagger"]},{"damage_healed":0,"gold_gain":0,"player_choice":"Became a vampire","damage_taken":0,"max_hp_gain":0,"max_hp_loss":30,"event_name":"Vampires","floor":24,"gold_loss":0,"cards_obtained":["Bite","Bite","Bite","Bite","Bite"]},{"damage_healed":0,"gold_gain":0,"player_choice":"Fight","damage_taken":0,"max_hp_gain":0,"max_hp_loss":0,"event_name":"Colosseum","floor":28,"gold_loss":0},{"damage_healed":0,"gold_gain":0,"player_choice":"Fought Nobs","damage_taken":0,"max_hp_gain":0,"max_hp_loss":0,"event_name":"Colosseum","floor":28,"gold_loss":0},{"damage_healed":0,"gold_gain":0,"player_choice":"Fight","damage_taken":0,"max_hp_gain":0,"max_hp_loss":0,"event_name":"MindBloom","floor":39,"gold_loss":0},{"damage_healed":0,"gold_gain":0,"player_choice":"Ignored","damage_taken":0,"max_hp_gain":0,"max_hp_loss":0,"event_name":"Mysterious Sphere","floor":46,"gold_loss":0},{"cards_removed":["Metallicize"],"damage_healed":0,"gold_gain":0,"player_choice":"Removed Power","damage_taken":0,"max_hp_gain":0,"max_hp_loss":0,"event_name":"Falling","floor":48,"gold_loss":0}],"is_beta":false,"boss_relics":[{"not_picked":["Busted Crown","Empty Cage"],"picked":"Replay:Grab Bag"},{"not_picked":["Fusion Hammer","ReplayTheSpireMod:Onyx Gauntlets"],"picked":"Replay:Bronze Core"},{"not_picked":["Philosopher\u0027s Stone","Mark of Pain"],"picked":"Cursed Key"},{"not_picked":["Snecko Eye","Kintsugi"],"picked":"Astrolabe"},{"not_picked":["Replay:Ancient Bell","Black Star"],"picked":"Tiny House"}],"items_purged_floors":[30],"is_endless":false,"potions_floor_spawned":[5,7,12,16,20,25,28,29,35,38,44],"ascension_level":9}}