{"host":"70zhvo5nwrhp1mbg","time":1611360901,"event":{"mods":["BaseMod","Colored Map","Colored Powertips","Highlight Path","Minty Spire (QoL Compilation)","Rare Cards Sparkle","StSLib"],"gold_per_floor":[113,124,124,142,161,161,192,192,192,225,20,95,121,138,138,239,239,250,250,267,281,129,129,129],"floor_reached":23,"language":"ENG","playtime":2931,"items_purged":[],"score":274,"play_id":"7af50e7e-d45f-4a74-a9e6-ddf2b017d490","local_time":"20210122191501","is_ascension_mode":true,"campfire_choices":[{"data":"Body Slam","floor":6,"key":"SMITH"},{"floor":8,"key":"REST"},{"floor":15,"key":"REST"}],"circlet_count":0,"master_deck":["Strike_R","Strike_R","Strike_R","Strike_R","Strike_R","Defend_R","Defend_R+1","Defend_R+1","Defend_R","Bash","Body Slam+1","Headbutt","Rage","Ghostly Armor","Thunderclap","Thunderclap","Clothesline","Juggernaut","Cleave","Battle Trance","Double Tap","CurseOfTheBell","Heavy Blade","Inflame","Flame Barrier","Impervious","Pommel Strike","Cleave+1","True Grit+1"],"relics":["Burning Blood","Mercury Hourglass","Prayer Wheel","Peace Pipe","Juzu Bracelet","Bronze Scales","Calling Bell","Potion Belt","Question Card","Girya","Oddly Smooth Stone"],"acts_visited":["Exordium","TheCity"],"potions_floor_usage":[7,14,16,21],"damage_taken":[{"damage":3,"enemies":"Jaw Worm","floor":1,"turns":5},{"damage":0,"enemies":"Small Slimes","floor":2,"turns":5},{"damage":5,"enemies":"Cultist","floor":4,"turns":4},{"damage":11,"enemies":"Blue Slaver","floor":5,"turns":5},{"damage":20,"enemies":"Gremlin Nob","floor":7,"turns":4},{"damage":6,"enemies":"3 Sentries","floor":10,"turns":8},{"damage":10,"enemies":"Gremlin Nob","floor":13,"turns":5},{"damage":19,"enemies":"Lots of Slimes","floor":14,"turns":2},{"damage":53,"enemies":"Hexaghost","floor":16,"turns":9},{"damage":26,"enemies":"2 Thieves","floor":18,"turns":3},{"damage":13,"enemies":"Shell Parasite","floor":20,"turns":7},{"damage":11,"enemies":"Shelled Parasite and Fungi","floor":21,"turns":7},{"damage":46,"enemies":"Gremlin Leader","floor":23,"turns":3}],"seed_played":"-4231519666000302167","potions_obtained":[{"floor":1,"key":"ElixirPotion"},{"floor":4,"key":"BlessingOfTheForge"},{"floor":5,"key":"SteroidPotion"},{"floor":10,"key":"SneckoOil"},{"floor":16,"key":"Swift Potion"},{"floor":20,"key":"LiquidMemories"}],"is_trial":false,"path_per_floor":["M","M","?","M","M","R","E","R","T","E","$","?","E","M","R","B",null,"M","?","M","M","$","E"],"character_chosen":"IRONCLAD","items_purchased":["Juzu Bracelet","Clothesline","Oddly Smooth Stone"],"campfire_rested":2,"item_purchase_floors":[11,11,22],"current_hp_per_floor":[83,88,70,71,66,66,52,78,78,78,78,67,63,50,76,29,73,53,53,46,41,41,0,0],"gold":129,"neow_bonus":"TEN_PERCENT_HP_BONUS","is_daily":false,"chose_seed":false,"campfire_upgraded":1,"win_rate":0.0,"timestamp":1611360901,"path_taken":["M","M","?","M","M","R","E","R","T","E","$","?","E","M","R","BOSS","M","?","M","M","$","E"],"items_purchased_type":["Relic","Card","Relic"],"build_version":"2020-12-22","purchased_purges":0,"victory":false,"max_hp_per_floor":[88,88,88,88,88,88,88,88,88,88,88,88,88,88,88,88,88,88,88,88,88,88,88,88],"card_choices":[{"not_picked":["Battle Trance","Havoc"],"picked":"Body Slam","floor":1},{"not_picked":["Dropkick","Reckless Charge"],"picked":"Headbutt","floor":2},{"not_picked":["Iron Wave","Burning Pact"],"picked":"Rage","floor":4},{"not_picked":["Armaments","Cleave"],"picked":"Ghostly Armor","floor":5},{"not_picked":["Hemokinesis","Sentinel"],"picked":"Thunderclap","floor":7},{"not_picked":["Limit Break","Berserk"],"picked":"Thunderclap","floor":10},{"not_picked":["Searing Blow","Fire Breathing"],"picked":"Juggernaut","floor":13},{"not_picked":["Body Slam","True Grit"],"picked":"Cleave","floor":14},{"not_picked":["Rupture","Twin Strike"],"picked":"Battle Trance","floor":14},{"not_picked":["Fiend Fire","Brutality"],"picked":"Double Tap","floor":16},{"not_picked":["Blood for Blood","Rupture","Rampage"],"picked":"Heavy Blade","floor":18},{"not_picked":["Uppercut","Anger","Clash"],"picked":"Inflame","floor":18},{"not_picked":["Metallicize","True Grit","Body Slam"],"picked":"Impervious","floor":20},{"not_picked":["Thunderclap","Clash","Disarm+1"],"picked":"Pommel Strike","floor":20},{"not_picked":["Pommel Strike","Dropkick","Twin Strike+1"],"picked":"Cleave+1","floor":21},{"not_picked":["Wild Strike+1","Flex","Sever Soul"],"picked":"True Grit+1","floor":21}],"player_experience":443932,"relics_obtained":[{"floor":7,"key":"Mercury Hourglass"},{"floor":9,"key":"Prayer Wheel"},{"floor":10,"key":"Peace Pipe"},{"floor":13,"key":"Bronze Scales"},{"floor":17,"key":"Potion Belt"},{"floor":17,"key":"Question Card"},{"floor":17,"key":"Girya"}],"event_choices":[{"damage_healed":0,"gold_gain":0,"player_choice":"Entered Light","damage_taken":18,"max_hp_gain":0,"max_hp_loss":0,"event_name":"Shining Light","floor":3,"gold_loss":0,"cards_upgraded":["Defend_R","Defend_R"]},{"damage_healed":0,"gold_gain":75,"player_choice":"Gather Gold","damage_taken":11,"max_hp_gain":0,"max_hp_loss":0,"event_name":"World of Goop","floor":12,"gold_loss":0},{"damage_healed":0,"gold_gain":0,"player_choice":"1 cards matched","damage_taken":0,"max_hp_gain":0,"max_hp_loss":0,"event_name":"Match and Keep!","floor":19,"gold_loss":0,"cards_obtained":["Flame Barrier"]}],"is_beta":false,"boss_relics":[{"not_picked":["SlaversCollar","Cursed Key"],"picked":"Calling Bell"}],"items_purged_floors":[],"is_endless":false,"potions_floor_spawned":[1,4,5,10,16,20],"killed_by":"Gremlin Leader","ascension_level":6}}