{"host":"ln76an1o32p2wxtf","time":1611409941,"event":{"mods":["AchievementEnabler","Act Like it!","BaseMod","BetterRewards","Colored Powertips","Energized Spire","GifTheSpireLib","Infinite Spire","Minty Spire (QoL Compilation)","Shop Mod","StSLib","Yuri Mod"],"gold_per_floor":[365,384,384,396,396,396,423,442,442,455,37,56,71,104,104,209,209,228,228,228,240,256,272,300,300,324,340,340,373,373,197,197,311,311,345,378,408,472,602,642,687,719,719,719,767,767,793,793,793,904,904,914,1089,1086,1086,1086,1086,1099,1079,1103,978,978,977,678,690,690,793,793,793,802,811,833,833,861,686,725,786,798,819,820,829,852,852,939,939,960,980,980,995,1013,1013,1054,695,753,753,747,758,767,581,581,648,648,658,683,508,515,525,525,539,565,574,593,619,274,274,281,281,380,380,383,383,383,482,482,498,528,527,559,579,600,525,518,553,553,654,654,695,758,767,776,811,855,873,910,969,969,969,977,1000,1021,1021,993,993,993,736,760,841],"floor_reached":158,"language":"ENG","playtime":23269,"items_purged":["yuri:yuriStrike","yuri:yuriStrike","yuri:SelfHarm","yuri:yuriStrike","Doubt","Doubt","yuri:yuriDefend","infinitespire:Pacifist","yuri:yuriDefend+1","Shame","Normality"],"score":4287,"play_id":"5fc1a61f-fab0-44a2-87d9-4ffd24ded6a4","local_time":"20210123215221","is_ascension_mode":false,"campfire_choices":[{"data":"yuri:HoldBack","floor":6.0,"key":"SMITH"},{"floor":15.0,"key":"REST"},{"floor":25.0,"key":"RECALL"},{"data":"yuri:yuriStab","floor":30.0,"key":"PURGE"},{"data":"yuri:yuriDefend","floor":32.0,"key":"PURGE"},{"data":"yuri:yuriStrike","floor":46.0,"key":"PURGE"},{"data":"yuri:yuriStrike","floor":49.0,"key":"PURGE"},{"data":"yuri:yuriDefend","floor":62.0,"key":"PURGE"},{"data":"yuri:yuriDefend","floor":66.0,"key":"PURGE"},{"data":"Shame","floor":83.0,"key":"PURGE"},{"data":"yuri:CalmingAura","floor":91.0,"key":"PURGE"},{"data":"Normality","floor":95.0,"key":"PURGE"},{"data":"infinitespire:NeuralNetwork","floor":100.0,"key":"SMITH"},{"data":"yuri:Skip","floor":108,"key":"PURGE"},{"data":"Apotheosis","floor":115,"key":"SMITH"},{"data":"yuri:GrowingInsanity","floor":117,"key":"SMITH"},{"data":"yuri:ExploitStrike","floor":134,"key":"PURGE"},{"data":"Pain","floor":147,"key":"PURGE"},{"data":"Purity","floor":151,"key":"PURGE"},{"data":"yuri:yuriStab","floor":154,"key":"PURGE"}],"circlet_count":0,"master_deck":["yuri:Oolong+1","yuri:BookPurple","yuri:HoldBack+1","yuri:WickedSlash","yuri:NerfBat","yuri:BookRed","yuri:NerfBat+1","yuri:NoEscape","yuri:Virus","yuri:BookRed+1","yuri:BookRed","Impatience","yuri:BookRed","yuri:StealPen+1","yuri:NoEscape+1","infinitespire:Punishment","infinitespire:TheBestDefense+1","yuri:MirrorInsanity","infinitespire:NeuralNetwork+1","yuri:ArmBrace","yuri:ConsumeGlitch","infinitespire:Collect+1","yuri:StealPen","yuri:HoldBack","RitualDagger","yuri:HoldBack+1","yuri:GrowingInsanity+1","yuri:BookPurple","Mayhem","Apotheosis+1","infinitespire:NeuralNetwork","yuri:Virus","yuri:WickedSlash","yuri:StealPen","yuri:DragonForm","yuri:SelfHarm","yuri:GrowingInsanity","infinitespire:DeathsTouch","Transmutation","yuri:GrowingInsanity","yuri:MirrorInsanity","yuri:ExploitStrike"],"relics":["yuri:yuriKnife","Vajra","Peace Pipe","Kunai","yuri:BookOfBooks","CaptainsWheel","Lantern","Ancient Tea Set","Busted Crown","Unceasing Top","WingedGreaves","Blood Vial","MealTicket","yuri:PortableGlitches","infinitespire:PuzzleCube","Cursed Key","Pen Nib","CeramicFish","PreservedInsect","Coffee Dripper","infinitespire:CheckeredPen","infinitespire:ShieldingShard","Potion Belt","War Paint","Darkstone Periapt","energizedSpire:MagnifyingGlass","Singing Bowl","Calipers","infinitespire:Satchel","Matryoshka","Runic Pyramid","Smiling Mask","Strawberry","yuri:GlitchPowder","yuri:GlassOfWine","Nunchaku","Fusion Hammer","Gambling Chip","Oddly Smooth Stone","infinitespire:Eraser","Tiny Chest","Lizard Tail","Question Card","Pantograph","Letter Opener","Whetstone","Bag of Marbles","energizedSpire:OgreHead","infinitespire:Bottled Soul","InkBottle"],"acts_visited":["Exordium","TheCity","TheBeyond","TheCity","TheBeyond","TheCity","TheBeyond","TheEnding"],"potions_floor_usage":[152],"damage_taken":[{"damage":1.0,"enemies":"Cultist","floor":1.0,"turns":3.0},{"damage":2.0,"enemies":"2 Louse","floor":2.0,"turns":3.0},{"damage":5.0,"enemies":"Small Slimes","floor":4.0,"turns":3.0},{"damage":60.0,"enemies":"Gremlin Nob","floor":7.0,"turns":6.0},{"damage":6.0,"enemies":"Exordium Wildlife","floor":8.0,"turns":4.0},{"damage":12.0,"enemies":"Exordium Thugs","floor":10.0,"turns":6.0},{"damage":5.0,"enemies":"3 Louse","floor":12.0,"turns":3.0},{"damage":4.0,"enemies":"Blue Slaver","floor":13.0,"turns":5.0},{"damage":14.0,"enemies":"3 Sentries","floor":14.0,"turns":7.0},{"damage":38.0,"enemies":"Slime Boss","floor":16.0,"turns":8.0},{"damage":21.0,"enemies":"2 Thieves","floor":18.0,"turns":5.0},{"damage":6.0,"enemies":"3 Byrds","floor":21.0,"turns":6.0},{"damage":8.0,"enemies":"Cultist and Chosen","floor":22.0,"turns":7.0},{"damage":9.0,"enemies":"3 Cultists","floor":23.0,"turns":6.0},{"damage":46.0,"enemies":"Slavers","floor":24.0,"turns":11.0},{"damage":10.0,"enemies":"Centurion and Healer","floor":27.0,"turns":9.0},{"damage":16.0,"enemies":"Nightmare","floor":29.0,"turns":12.0},{"damage":20.0,"enemies":"Champ","floor":33.0,"turns":14.0},{"damage":8.0,"enemies":"Orb Walker","floor":35.0,"turns":5.0},{"damage":31.0,"enemies":"3 Shapes","floor":36.0,"turns":11.0},{"damage":9.0,"enemies":"Maw","floor":37.0,"turns":10.0},{"damage":100.0,"enemies":"2 Orb Walkers","floor":38.0,"turns":10.0},{"damage":34.0,"enemies":"infinitespire:Three Voidlings","floor":39.0,"turns":6.0},{"damage":13.0,"enemies":"Nightmare_Alpha","floor":39.0,"turns":16.0},{"damage":59.0,"enemies":"Nemesis","floor":40.0,"turns":13.0},{"damage":29.0,"enemies":"Nightmare","floor":41.0,"turns":11.0},{"damage":28.0,"enemies":"Transient","floor":42.0,"turns":5.0},{"damage":53.0,"enemies":"Reptomancer","floor":45.0,"turns":7.0},{"damage":8.0,"enemies":"Spire Growth","floor":47.0,"turns":6.0},{"damage":17.0,"enemies":"Time Eater","floor":50.0,"turns":13.0},{"damage":2.0,"enemies":"Cultist","floor":52.0,"turns":5.0},{"damage":8.0,"enemies":"Small Slimes","floor":54.0,"turns":4.0},{"damage":0.0,"enemies":"Jaw Worm","floor":58.0,"turns":4.0},{"damage":97.0,"enemies":"Nightmare","floor":59.0,"turns":12.0},{"damage":0.0,"enemies":"3 Louse","floor":63.0,"turns":2.0},{"damage":0.0,"enemies":"2 Fungi Beasts","floor":65.0,"turns":2.0},{"damage":4.0,"enemies":"Slime Boss","floor":67.0,"turns":6.0},{"damage":3.0,"enemies":"3 Byrds","floor":69.0,"turns":7.0},{"damage":1.0,"enemies":"Spheric Guardian","floor":72.0,"turns":3.0},{"damage":0.0,"enemies":"Slavers","floor":74.0,"turns":2.0},{"damage":0.0,"enemies":"Gremlin Leader","floor":76.0,"turns":5.0},{"damage":22.0,"enemies":"Centurion and Healer","floor":78.0,"turns":4.0},{"damage":18.0,"enemies":"Sentry and Sphere","floor":79.0,"turns":3.0},{"damage":31.0,"enemies":"Nightmare","floor":80.0,"turns":8.0},{"damage":12.0,"enemies":"Snecko","floor":82.0,"turns":7.0},{"damage":50.0,"enemies":"Collector","floor":84.0,"turns":8.0},{"damage":44.0,"enemies":"3 Shapes","floor":86.0,"turns":4.0},{"damage":0.0,"enemies":"Orb Walker","floor":87.0,"turns":1.0},{"damage":12.0,"enemies":"Jaw Worm Horde","floor":89.0,"turns":3.0},{"damage":3.0,"enemies":"4 Shapes","floor":90.0,"turns":3.0},{"damage":0.0,"enemies":"Nemesis","floor":92.0,"turns":3.0},{"damage":0.0,"enemies":"3 Darklings","floor":96.0,"turns":4.0},{"damage":52.0,"enemies":"Reptomancer","floor":97.0,"turns":6.0},{"damage":0.0,"enemies":"Maw","floor":98.0,"turns":7.0},{"damage":101.0,"enemies":"Donu and Deca","floor":101.0,"turns":9.0},{"damage":15,"enemies":"infinitespire:Voidling","floor":103,"turns":2},{"damage":0,"enemies":"Small Slimes","floor":104,"turns":3},{"damage":0,"enemies":"Cultist","floor":106,"turns":2},{"damage":28,"enemies":"Exordium Wildlife","floor":107,"turns":4},{"damage":0,"enemies":"Large Slime","floor":109,"turns":1},{"damage":0,"enemies":"Red Slaver","floor":110,"turns":5},{"damage":0,"enemies":"Nightmare_Alpha","floor":112,"turns":10},{"damage":4,"enemies":"3 Louse","floor":113,"turns":3},{"damage":0,"enemies":"2 Fungi Beasts","floor":116,"turns":1},{"damage":0,"enemies":"Slime Boss","floor":118,"turns":4},{"damage":13,"enemies":"Spheric Guardian","floor":120,"turns":4},{"damage":80,"enemies":"Gremlin Leader","floor":125,"turns":5},{"damage":23,"enemies":"2 Thieves","floor":126,"turns":3},{"damage":57,"enemies":"Nightmare_Alpha","floor":127,"turns":8},{"damage":29,"enemies":"Centurion and Healer","floor":129,"turns":5},{"damage":16,"enemies":"Sentry and Sphere","floor":130,"turns":5},{"damage":0,"enemies":"Snake Plant","floor":132,"turns":2},{"damage":7,"enemies":"Snecko","floor":133,"turns":5},{"damage":0,"enemies":"Automaton","floor":135,"turns":6},{"damage":0,"enemies":"Orb Walker","floor":137,"turns":4},{"damage":0,"enemies":"Mind Bloom Boss Battle","floor":138,"turns":5},{"damage":34,"enemies":"3 Shapes","floor":141,"turns":4},{"damage":47,"enemies":"Nightmare","floor":142,"turns":7},{"damage":96,"enemies":"Reptomancer","floor":144,"turns":4},{"damage":11,"enemies":"Transient","floor":148,"turns":5},{"damage":25,"enemies":"3 Darklings","floor":149,"turns":4},{"damage":17,"enemies":"Nemesis","floor":150,"turns":7},{"damage":416,"enemies":"infinitespire:LordOfFortification","floor":152,"turns":15},{"damage":284,"enemies":"Shield and Spear","floor":156,"turns":6},{"damage":135,"enemies":"The Heart","floor":157,"turns":9}],"seed_played":"-3164125510225748881","potions_obtained":[{"floor":7.0,"key":"Strength Potion"},{"floor":10.0,"key":"AttackPotion"},{"floor":13.0,"key":"FairyPotion"},{"floor":21.0,"key":"ColorlessPotion"},{"floor":47.0,"key":"ColorlessPotion"},{"floor":74.0,"key":"DuplicationPotion"},{"floor":76.0,"key":"ColorlessPotion"},{"floor":78.0,"key":"Fire Potion"},{"floor":80.0,"key":"EssenceOfSteel"},{"floor":97.0,"key":"LiquidMemories"},{"floor":152,"key":"DistilledChaos"}],"is_trial":false,"path_per_floor":["M","M","?","M","?","R","E","M","T","M","$","M","M","E","R","B",null,"M","?","?","M","M","M","E","R","T","M","AVR","NM","R","$","R","B",null,"M","M","M","?","?","E","NM","M","T","AVR","E","R","M","?","R","B",null,"M","?","M","?","?","AVR","M","NM","T","$","R","M","$","M","R","B",null,"M","?","T","M","AVR","E","$","E","T","M","M","NM","?","M","R","B",null,"M","M","?","M","M","R","E","$","T","R","M","E","M","$","R","B",null,"M","M","$","M","M","R","M","M","T","NM","M","$","R","M","R","B",null,"M","?","?","?","$","E","M","NM","T","M","M","?","M","M","R","B",null,"M","?","?","T","M","NM","?","E","T","AVR","R","M","M","E","R","B",null,"R","$","E","B",null],"character_chosen":"YURI","items_purchased":["Peace Pipe","yuri:CalmingAura","yuri:StealPen","PreservedInsect","yuri:GrowingInsanity","Calipers","Mayhem","Apotheosis","yuri:GlassOfWine","Nunchaku","infinitespire:Bottled Soul"],"campfire_rested":1,"item_purchase_floors":[11,11,31,64,93,93,99,105,114,114,155],"current_hp_per_floor":[59,61,61,63,63,63,10,11,11,6,6,8,14,10,34,6,80,79,64,64,85,85,85,85,85,85,85,85,83,83,83,83,83,85,85,85,85,52,85,85,85,69,69,69,85,85,85,64,64,84,85,85,85,85,68,68,68,85,69,69,84,84,85,85,85,85,81,85,88,88,88,87,87,88,88,88,88,88,70,100,94,104,104,104,104,76,85,85,88,104,104,107,107,113,113,115,127,157,157,157,145,168,155,170,172,174,182,182,184,192,205,207,209,209,209,211,211,211,211,212,164,164,164,179,157,151,185,191,196,208,208,216,242,242,242,242,242,253,253,259,254,261,253,191,197,197,197,250,272,289,289,177,312,312,312,92,240],"gold":841,"neow_bonus":"TWO_FIFTY_GOLD","is_daily":false,"chose_seed":false,"campfire_upgraded":4,"win_rate":0.0,"timestamp":1611409941,"path_taken":["M","?","?","M","?","R","E","M","T","M","?","?","M","E","R","BOSS","M","?","?","M","M","M","E","R","T","?","AVR","NM","R","$","R","BOSS","M","M","M","?","?","E","NM","M","T","AVR","E","R","M","?","R","BOSS","M","?","M","?","?","AVR","M","NM","T","$","R","M","$","M","R","BOSS","M","?","?","M","AVR","E","$","E","T","M","M","NM","?","M","R","BOSS","M","M","?","M","M","R","E","?","T","R","?","E","M","$","R","BOSS","M","M","$","M","M","R","M","M","T","NM","M","$","R","M","R","BOSS","M","?","?","?","?","E","M","NM","T","M","M","?","M","M","R","BOSS","M","?","?","?","M","NM","?","E","T","AVR","R","M","?","E","R","BOSS","R","$","E","BOSS"],"items_purchased_type":["Relic","Card","Card","Relic","Card","Relic","Card","Card","Relic","Relic","Relic"],"build_version":"2020-12-22","purchased_purges":11,"victory":true,"max_hp_per_floor":[80,80,80,80,80,80,80,80,80,80,80,80,80,80,80,80,80,80,85,85,85,85,85,85,85,85,85,85,85,85,85,85,85,85,85,85,85,85,85,85,85,85,85,85,85,85,85,85,85,85,85,85,85,85,85,85,85,85,85,85,85,85,85,85,85,85,85,85,88,88,88,88,88,88,88,88,88,88,88,100,100,104,104,104,104,104,104,104,106,107,107,107,107,113,113,115,137,157,157,157,168,168,170,172,172,174,182,182,184,192,205,207,209,209,209,211,211,211,211,213,218,218,218,218,225,225,227,233,236,238,238,240,242,242,242,242,242,253,253,259,264,266,268,268,274,274,274,279,294,296,296,312,312,312,312,320,340],"card_choices":[{"not_picked":["yuri:GlitchedStrike","yuri:ThrowBook"],"picked":"yuri:SelfHarm","floor":1.0},{"not_picked":["yuri:TPose","yuri:WickedSlash"],"picked":"yuri:BookPurple","floor":2.0},{"not_picked":["yuri:ThrowingKnives","yuri:ArmBrace"],"picked":"yuri:HoldBack","floor":4.0},{"not_picked":["yuri:BrokenCode","yuri:MPose"],"picked":"yuri:WickedSlash","floor":7.0},{"not_picked":["yuri:RecklessStrike","yuri:HeavierStrike"],"picked":"yuri:NerfBat","floor":8.0},{"not_picked":["yuri:UntestedCode","yuri:SturdyUniform"],"picked":"yuri:BookRed","floor":10.0},{"not_picked":["yuri:yuriHeavyStrike","yuri:ThrowBook"],"picked":"yuri:NerfBat","floor":12.0},{"not_picked":["yuri:yuriHeavyStrike","yuri:ThornRemove","yuri:Stalk"],"picked":"SKIP","floor":13.0},{"not_picked":["yuri:AdaptiveAI","yuri:Parry"],"picked":"yuri:NoEscape","floor":14.0},{"not_picked":["yuri:ConsumeGlitch","yuri:NoEscape"],"picked":"yuri:Virus","floor":16.0},{"not_picked":["yuri:BookGreen+1","yuri:BookBlue+1","yuri:BookPurple+1"],"picked":"yuri:BookRed+1","floor":17.0},{"not_picked":["yuri:yuriHeavyStrike","yuri:ThrowBook"],"picked":"yuri:BookRed","floor":18.0},{"not_picked":["yuri:MultiDip","yuri:WickedSlash","yuri:Stalk"],"picked":"SKIP","floor":21.0},{"not_picked":["yuri:DebugCard","yuri:yuriHeavyStrike","yuri:Spin"],"picked":"SKIP","floor":22.0},{"not_picked":["yuri:DebugCard+1","yuri:InsanityDefense","yuri:Stalk+1"],"picked":"SKIP","floor":23.0},{"not_picked":["yuri:TPose","yuri:NoEscape"],"picked":"yuri:BookRed","floor":24.0},{"not_picked":["yuri:GlitchedStrike","yuri:yuriQuickStrike","yuri:UnstableStrike"],"picked":"SKIP","floor":27.0},{"not_picked":["yuri:ThrowBook","yuri:ArmBrace","yuri:yuriQuickStrike+1"],"picked":"SKIP","floor":29.0},{"not_picked":["yuri:ExploitStrike","yuri:RemoveSafetyChecks"],"picked":"yuri:NoEscape","floor":33.0},{"not_picked":["yuri:SelfHarm"],"picked":"SKIP","floor":35.0},{"not_picked":["yuri:DebugCard+1"],"picked":"SKIP","floor":36.0},{"not_picked":["yuri:UntestedCode"],"picked":"SKIP","floor":37.0},{"not_picked":["infinitespire:SevenWalls","infinitespire:FutureSight"],"picked":"infinitespire:Punishment","floor":39.0},{"not_picked":["yuri:SelfHarm+1"],"picked":"SKIP","floor":40.0},{"not_picked":["yuri:MPose"],"picked":"SKIP","floor":41.0},{"not_picked":["yuri:CorruptHitbox+1"],"picked":"SKIP","floor":42.0},{"not_picked":[],"picked":"yuri:Skip","floor":45.0},{"not_picked":["yuri:Parry"],"picked":"SKIP","floor":47.0},{"not_picked":["infinitespire:Execution","infinitespire:SealOfDarkness+"],"picked":"infinitespire:TheBestDefense","floor":48.0},{"not_picked":[],"picked":"yuri:MirrorInsanity","floor":50.0},{"not_picked":["yuri:ThrowingKnives"],"picked":"SKIP","floor":52.0},{"not_picked":["yuri:MPose"],"picked":"SKIP","floor":54.0},{"not_picked":["yuri:ReloadGame"],"picked":"SKIP","floor":58.0},{"not_picked":["infinitespire:Punishment","infinitespire:Fortify"],"picked":"infinitespire:NeuralNetwork","floor":59.0},{"not_picked":["yuri:ThrowingKnives"],"picked":"SKIP","floor":59.0},{"not_picked":["yuri:CorruptHitbox"],"picked":"SKIP","floor":63.0},{"not_picked":[],"picked":"yuri:ArmBrace","floor":65.0},{"not_picked":[],"picked":"yuri:ConsumeGlitch","floor":67.0},{"not_picked":["infinitespire:SealOfDarkness+","infinitespire:TheBestDefense"],"picked":"infinitespire:Collect","floor":67.0},{"not_picked":["yuri:ThrowBook"],"picked":"SKIP","floor":69.0},{"not_picked":["yuri:TPose+1"],"picked":"SKIP","floor":72.0},{"not_picked":["yuri:UntestedCode+1"],"picked":"SKIP","floor":74.0},{"not_picked":[],"picked":"yuri:HoldBack","floor":76.0},{"not_picked":["yuri:ThrowBook"],"picked":"SKIP","floor":78.0},{"not_picked":["yuri:Stalk"],"picked":"SKIP","floor":79.0},{"not_picked":["yuri:yuriQuickStrike"],"picked":"SKIP","floor":80.0},{"not_picked":[],"picked":"yuri:ExploitStrike","floor":82.0},{"not_picked":["yuri:RecklessStrike+1"],"picked":"SKIP","floor":86.0},{"not_picked":["yuri:MPose"],"picked":"SKIP","floor":87.0},{"not_picked":["yuri:GlitchedStrike+1"],"picked":"SKIP","floor":89.0},{"not_picked":["yuri:RecklessStrike"],"picked":"SKIP","floor":90.0},{"not_picked":[],"picked":"yuri:HoldBack+1","floor":92.0},{"not_picked":["yuri:MPose+1"],"picked":"Singing Bowl","floor":96.0},{"not_picked":["yuri:CalmingAura+1"],"picked":"Singing Bowl","floor":97.0},{"not_picked":[],"picked":"yuri:BookPurple","floor":98.0},{"not_picked":["yuri:NoEscape"],"picked":"Singing Bowl","floor":101.0},{"not_picked":["yuri:DeepBreathing"],"picked":"Singing Bowl","floor":103},{"not_picked":["yuri:RecklessStrike"],"picked":"Singing Bowl","floor":104},{"not_picked":["yuri:yuriHeavyStrike"],"picked":"Singing Bowl","floor":106},{"not_picked":["yuri:InsanityDefense"],"picked":"Singing Bowl","floor":107},{"not_picked":["yuri:DejaVu"],"picked":"Singing Bowl","floor":109},{"not_picked":["yuri:CalmingAura"],"picked":"Singing Bowl","floor":110},{"not_picked":["yuri:TPose"],"picked":"Singing Bowl","floor":112},{"not_picked":["infinitespire:Menacing","infinitespire:FinalStrike"],"picked":"infinitespire:NeuralNetwork","floor":112},{"not_picked":["yuri:MPose"],"picked":"Singing Bowl","floor":113},{"not_picked":["yuri:DebugCard"],"picked":"Singing Bowl","floor":116},{"not_picked":[],"picked":"yuri:Virus","floor":118},{"not_picked":["yuri:UntestedCode+1"],"picked":"Singing Bowl","floor":120},{"not_picked":["yuri:TeaSet"],"picked":"Singing Bowl","floor":125},{"not_picked":[],"picked":"yuri:WickedSlash","floor":126},{"not_picked":["yuri:DebugCard"],"picked":"Singing Bowl","floor":127},{"not_picked":["yuri:ThrowingKnives"],"picked":"Singing Bowl","floor":129},{"not_picked":["yuri:BookRed"],"picked":"Singing Bowl","floor":130},{"not_picked":["yuri:WickedSlash"],"picked":"Singing Bowl","floor":132},{"not_picked":["yuri:ThornRemove"],"picked":"Singing Bowl","floor":133},{"not_picked":[],"picked":"yuri:DragonForm","floor":135},{"not_picked":[],"picked":"yuri:SelfHarm","floor":137},{"not_picked":["yuri:RepairCode+1"],"picked":"Singing Bowl","floor":138},{"not_picked":["yuri:Skip+1","yuri:Stare+1"],"picked":"Singing Bowl","floor":141},{"not_picked":["yuri:DejaVu","yuri:ReloadGame"],"picked":"Singing Bowl","floor":142},{"not_picked":["infinitespire:FutureSight","infinitespire:Execution"],"picked":"infinitespire:DeathsTouch","floor":142},{"not_picked":["Jack Of All Trades","Thinking Ahead"],"picked":"Singing Bowl","floor":143},{"not_picked":["The Bomb"],"picked":"Transmutation","floor":143},{"not_picked":["Good Instincts"],"picked":"Purity","floor":143},{"not_picked":["yuri:WickedSlash"],"picked":"yuri:GrowingInsanity","floor":144},{"not_picked":["yuri:HeavierStrike+1","yuri:GlitchedStrike+1"],"picked":"Singing Bowl","floor":148},{"not_picked":["yuri:DeepBreathing+1","yuri:DebugCard"],"picked":"Singing Bowl","floor":149},{"not_picked":["yuri:ThrowBook","yuri:Skip"],"picked":"Singing Bowl","floor":150},{"not_picked":["yuri:Suicide"],"picked":"yuri:MirrorInsanity","floor":152},{"not_picked":["yuri:TPose+1","yuri:StealPen"],"picked":"Singing Bowl","floor":156},{"not_picked":["yuri:RemoveSafetyChecks"],"picked":"yuri:ExploitStrike","floor":157}],"player_experience":755783,"relics_obtained":[{"floor":7.0,"key":"Vajra"},{"floor":14.0,"key":"Kunai"},{"floor":24.0,"key":"CaptainsWheel"},{"floor":26.0,"key":"Lantern"},{"floor":29.0,"key":"Ancient Tea Set"},{"floor":38.0,"key":"Unceasing Top"},{"floor":39.0,"key":"WingedGreaves"},{"floor":40.0,"key":"Blood Vial"},{"floor":41.0,"key":"MealTicket"},{"floor":43.0,"key":"yuri:PortableGlitches"},{"floor":45.0,"key":"infinitespire:PuzzleCube"},{"floor":59.0,"key":"Pen Nib"},{"floor":60.0,"key":"CeramicFish"},{"floor":71.0,"key":"infinitespire:CheckeredPen"},{"floor":74.0,"key":"infinitespire:ShieldingShard"},{"floor":76.0,"key":"Potion Belt"},{"floor":77.0,"key":"War Paint"},{"floor":80.0,"key":"Darkstone Periapt"},{"floor":92.0,"key":"Singing Bowl"},{"floor":94.0,"key":"infinitespire:Satchel"},{"floor":97.0,"key":"Matryoshka"},{"floor":111,"key":"Smiling Mask"},{"floor":111,"key":"Strawberry"},{"floor":112,"key":"yuri:GlitchPowder"},{"floor":125,"key":"Gambling Chip"},{"floor":127,"key":"Oddly Smooth Stone"},{"floor":128,"key":"infinitespire:Eraser"},{"floor":128,"key":"Tiny Chest"},{"floor":138,"key":"Lizard Tail"},{"floor":140,"key":"Question Card"},{"floor":142,"key":"Pantograph"},{"floor":144,"key":"Letter Opener"},{"floor":145,"key":"Whetstone"},{"floor":150,"key":"Bag of Marbles"},{"floor":156,"key":"InkBottle"}],"event_choices":[{"damage_healed":0.0,"max_hp_gain":5.0,"max_hp_loss":0.0,"gold_gain":0.0,"event_name":"Forgotten Altar","player_choice":"Shed Blood","floor":19.0,"gold_loss":0.0,"damage_taken":20.0},{"damage_healed":0.0,"max_hp_gain":0.0,"max_hp_loss":0.0,"gold_gain":0.0,"event_name":"Match and Keep!","player_choice":"2 cards matched","floor":20.0,"gold_loss":0.0,"damage_taken":0.0,"cards_obtained":["yuri:yuriStab","Impatience"]},{"damage_healed":0.0,"max_hp_gain":0.0,"max_hp_loss":0.0,"gold_gain":0.0,"event_name":"Mysterious Sphere","player_choice":"Fight","floor":38.0,"gold_loss":0.0,"damage_taken":0.0},{"damage_healed":0.0,"max_hp_gain":0.0,"max_hp_loss":0.0,"gold_gain":175.0,"event_name":"Liars Game","player_choice":"AGREE","floor":53.0,"gold_loss":0.0,"damage_taken":0.0,"cards_obtained":["Doubt"]},{"damage_healed":0.0,"max_hp_gain":0.0,"max_hp_loss":0.0,"gold_gain":0.0,"event_name":"Shining Light","player_choice":"Entered Light","floor":55.0,"gold_loss":0.0,"damage_taken":17.0,"cards_upgraded":["yuri:yuriDefend","yuri:NoEscape"]},{"damage_healed":0.0,"max_hp_gain":0.0,"max_hp_loss":0.0,"gold_gain":0.0,"event_name":"NoteForYourself","player_choice":"Ignored","floor":56.0,"gold_loss":0.0,"damage_taken":0.0},{"damage_healed":0.0,"max_hp_gain":0.0,"max_hp_loss":0.0,"gold_gain":0.0,"event_name":"The Library","player_choice":"Read","floor":70.0,"gold_loss":0.0,"damage_taken":0.0,"cards_obtained":["yuri:StealPen"]},{"damage_healed":0.0,"max_hp_gain":0.0,"max_hp_loss":0.0,"gold_gain":0.0,"event_name":"Nest","player_choice":"Joined the Cult","floor":81.0,"gold_loss":0.0,"damage_taken":6.0,"cards_obtained":["RitualDagger"]},{"damage_healed":0.0,"max_hp_gain":0.0,"max_hp_loss":0.0,"gold_gain":0.0,"event_name":"SecretPortal","player_choice":"Ignored","floor":88.0,"gold_loss":0.0,"damage_taken":0.0},{"damage_healed":0,"gold_gain":0,"player_choice":"Shed Blood","damage_taken":53,"max_hp_gain":5,"max_hp_loss":0,"event_name":"Forgotten Altar","floor":121,"gold_loss":0},{"damage_healed":0,"gold_gain":0,"player_choice":"Ignored","damage_taken":0,"max_hp_gain":0,"max_hp_loss":0,"event_name":"Ghosts","floor":122,"gold_loss":0},{"damage_healed":0,"gold_gain":99,"player_choice":"Stole From Cult","damage_taken":0,"max_hp_gain":0,"max_hp_loss":0,"event_name":"Nest","floor":123,"gold_loss":0},{"cards_removed":["yuri:RhapsodyCurse"],"damage_healed":0,"gold_gain":0,"player_choice":"Gave Gold","damage_taken":0,"max_hp_gain":0,"max_hp_loss":0,"event_name":"Beggar","floor":131,"gold_loss":75},{"damage_healed":0,"gold_gain":0,"player_choice":"Fight","damage_taken":0,"max_hp_gain":0,"max_hp_loss":0,"event_name":"MindBloom","floor":138,"gold_loss":0},{"damage_healed":0,"gold_gain":0,"player_choice":"1 cards matched","damage_taken":0,"max_hp_gain":0,"max_hp_loss":0,"event_name":"Match and Keep!","floor":139,"gold_loss":0,"cards_obtained":["yuri:GrowingInsanity"]},{"damage_healed":0,"gold_gain":0,"player_choice":"Memory 3","damage_taken":10,"max_hp_gain":0,"max_hp_loss":0,"event_name":"SensoryStone","floor":143,"gold_loss":0}],"is_beta":false,"boss_relics":[{"not_picked":["Calling Bell","SacredBark"],"picked":"yuri:BookOfBooks"},{"not_picked":["energizedSpire:MagnifyingGlass","energizedSpire:EnergizedDie"],"picked":"Busted Crown"},{"not_picked":["energizedSpire:HugeHouse","Empty Cage"],"picked":"Cursed Key"},{"not_picked":["energizedSpire:HugeHouse","energizedSpire:StickyHand"],"picked":"Coffee Dripper"},{"not_picked":["Calling Bell","SacredBark"],"picked":"energizedSpire:MagnifyingGlass"},{"not_picked":["Snecko Eye","energizedSpire:NeverEndingSparkler"],"picked":"Runic Pyramid"},{"not_picked":["Philosopher\u0027s Stone","energizedSpire:DeadBattery"],"picked":"Fusion Hammer"},{"not_picked":["energizedSpire:RedRose","infinitespire:Cupcake","energizedSpire:EnergizedDie"]},{"not_picked":["Snecko Eye","Pandora\u0027s Box"],"picked":"energizedSpire:OgreHead"}],"items_purged_floors":[11,28,31,44,57,61,64,73,75,114,146],"is_endless":true,"potions_floor_spawned":[7,10,13,21,27,38,39,40,42,47,50,52,54,67,74,76,78,80,82,86,90,97,104,106,107,112,116,130,132,133,138,142,152],"ascension_level":0}}