{"host":"1zjc08c6hob33401","time":1611438030,"event":{"mods":["AchievementEnabler","Act Like it!","Aspiration","BaseMod","Downfall","Elementarium","Energized Spire","Evolution","Friendly Minions","Gensokyo","GifTheSpireLib","Hubris","Infinite Spire","Jedi Mod","Menagerie","Minty Spire (QoL Compilation)","Pale of the Ancients","Quick Restart","Replay The Spire","Retaliation","Shop Mod","Spire Arcade","StS++","StSLib","Stuff the Spire","The Blue Laboratory","Wandering Minibosses","vexMod","??????REMEMod"],"gold_per_floor":[110,129,129,142,153,153,183,183,183,217,218,0,0,0,0,71,71,88,88,108,108,122,133,133,152,176,101,127,127,139,149,149,226,226,242,261,45,45,45,73,73,104,128,128,138,148,148,165,165,165],"floor_reached":51,"language":"RUS","playtime":3103,"items_purged":["Shame"],"score":1279,"play_id":"a27117bc-87bf-4b59-a2d7-2f485d7d45e6","local_time":"20210123234030","is_ascension_mode":true,"campfire_choices":[{"data":"jedi:collectorvenom","floor":6.0,"key":"SMITH"},{"data":"Dash","floor":8.0,"key":"SMITH"},{"data":"Gensokyo:TurboGranny","floor":13.0,"key":"SMITH"},{"data":"FTL","floor":15.0,"key":"SMITH"},{"data":"Buffer","floor":24.0,"key":"SMITH"},{"floor":29.0,"key":"REST"},{"floor":32.0,"key":"REST"},{"data":"Gensokyo:LochNessMonster","floor":41.0,"key":"SMITH"},{"data":"infinitespire:Oblivion","floor":44.0,"key":"SMITH"},{"data":"jedi:bruteforce","floor":49.0,"key":"SMITH"}],"circlet_count":0,"master_deck":["AscendersBane","Strike_B","Strike_B","Defend_B","Zap","Dualcast","All For One+1","Storm","FTL+1","jedi:collectorvenom+1","Dash+1","Self Repair","jedi:bruteforce+1","Glacier","Gensokyo:TurboGranny+1","Buffer+1","ReplayTheSpireMod:Splinters","infinitespire:Oblivion+1","Sweeping Beam+1","Gensokyo:LochNessMonster+1"],"relics":["Cracked Core","REME_ComplimentaryCards","aspiration:Nostalgia","infinitespire:DarkRift","jedi:firstaidkit","StSpp:BrokenTotem","MerchantsRug","Replay:Ancient Bell","DataDisk","infinitespire:ShieldingShard","StoneCalendar","Dream Catcher","Orichalcum","StuffTheSpire:Expresso","aspiration:FutureDiary","hubris:Icosahedron","Symbiotic Virus","Garlic","StuffTheSpire:Gunfinga"],"acts_visited":["Gensokyo:Gensokyo","TheCity","Gensokyo:Gensokyoest"],"potions_floor_usage":[],"damage_taken":[{"damage":4.0,"enemies":"Gensokyo:2_Kodama","floor":1.0,"turns":3.0},{"damage":10.0,"enemies":"Gensokyo:3_Fairies","floor":2.0,"turns":4.0},{"damage":0.0,"enemies":"Gensokyo:Gryphon","floor":4.0,"turns":3.0},{"damage":7.0,"enemies":"Gensokyo:Python_and_Kodama","floor":5.0,"turns":4.0},{"damage":20.0,"enemies":"Gensokyo:Aya","floor":7.0,"turns":4.0},{"damage":7.0,"enemies":"Gensokyo:Cirno","floor":10.0,"turns":5.0},{"damage":4.0,"enemies":"Gensokyo:Reimu","floor":16.0,"turns":11.0},{"damage":11.0,"enemies":"Chosen","floor":18.0,"turns":5.0},{"damage":0.0,"enemies":"Spheric Guardian","floor":20.0,"turns":3.0},{"damage":31.0,"enemies":"Snake Plant","floor":22.0,"turns":5.0},{"damage":40.0,"enemies":"Centurion and Healer","floor":23.0,"turns":6.0},{"damage":34.0,"enemies":"Cultist and Chosen","floor":25.0,"turns":7.0},{"damage":21.0,"enemies":"Slavers","floor":28.0,"turns":7.0},{"damage":23.0,"enemies":"Shelled Parasite and Fungi","floor":30.0,"turns":4.0},{"damage":18.0,"enemies":"Centurion and Healer","floor":31.0,"turns":5.0},{"damage":14.0,"enemies":"Collector","floor":33.0,"turns":6.0},{"damage":0.0,"enemies":"Gensokyo:3_Boulders","floor":35.0,"turns":5.0},{"damage":0.0,"enemies":"Gensokyo:3_Bats","floor":36.0,"turns":2.0},{"damage":0.0,"enemies":"Gensokyo:Doremy","floor":40.0,"turns":6.0},{"damage":16.0,"enemies":"Gensokyo:Marisa","floor":42.0,"turns":6.0},{"damage":8.0,"enemies":"Gensokyo:Sharpion","floor":45.0,"turns":4.0},{"damage":19.0,"enemies":"Gensokyo:Rafflesia","floor":46.0,"turns":5.0},{"damage":5.0,"enemies":"Gensokyo:4_Bats","floor":48.0,"turns":3.0},{"damage":65,"enemies":"Gensokyo:Shinki","floor":50,"turns":10}],"seed_played":"6364638852182727076","potions_obtained":[{"floor":2.0,"key":"blueLaboratory:ConsumingVoid"},{"floor":7.0,"key":"blueLaboratory:FrostheartPotion"},{"floor":10.0,"key":"REME_GoldPotion"},{"floor":18.0,"key":"Energy Potion"},{"floor":22.0,"key":"blueLaboratory:EmptyBottle"},{"floor":30.0,"key":"infinitespire:BlackPotion"},{"floor":31.0,"key":"blueLaboratory:RelayPotion"},{"floor":33.0,"key":"Dexterity Potion"},{"floor":35.0,"key":"blueLaboratory:BiasPotion"},{"floor":39.0,"key":"DistilledChaos"},{"floor":45.0,"key":"Languid Potion"}],"is_trial":false,"path_per_floor":["M","M","?","M","M","R","E","R","T","E","$","COS","R","$","R","B",null,"M","AVR","M","?","M","M","R","M","T","$","E","R","M","M","R","B",null,"M","M","COS","?","?","E","R","E","T","R","M","M","?","M","R","B",null],"character_chosen":"DEFECT","items_purchased":["MerchantsRug"],"campfire_rested":2,"item_purchase_floors":[11],"current_hp_per_floor":[60,50,50,50,50,50,37,37,37,40,40,40,40,40,40,43,64,60,60,60,60,55,42,42,31,31,31,27,48,43,37,58,46,65,71,71,71,71,71,71,71,71,71,71,71,62,62,67,67,30],"gold":165,"neow_bonus":"UPGRADE_CARD","is_daily":false,"chose_seed":false,"campfire_upgraded":8,"win_rate":0.0,"timestamp":1611438030,"path_taken":["M","M","?","M","?","R","E","R","T","E","?","COS","R","$","R","BOSS","M","AVR","?","?","M","M","R","M","T","$","E","R","?","M","R","BOSS","M","M","COS","?","?","E","R","E","T","R","M","?","?","M","R","BOSS"],"items_purchased_type":["Relic"],"build_version":"2020-12-22","purchased_purges":1,"victory":true,"max_hp_per_floor":[71,71,71,71,71,71,71,71,71,71,71,71,71,71,71,71,71,71,71,71,71,71,71,71,71,71,71,71,71,71,71,71,71,71,71,71,71,71,71,71,71,71,71,71,71,71,71,71,71,71],"card_choices":[{"not_picked":["BasicCrystalCard","Hello World"],"picked":"Storm","floor":1.0},{"not_picked":["Sweeping Beam","Melter"],"picked":"FTL","floor":2.0},{"not_picked":["Turbo","jedi:blockon"],"picked":"Self Repair","floor":4.0},{"not_picked":["Compile Driver","Auto Shields"],"picked":"jedi:collectorvenom","floor":5.0},{"not_picked":["jedi:overflow","Melter"],"picked":"jedi:bruteforce","floor":7.0},{"not_picked":["Compile Driver","Darkness"],"picked":"Glacier","floor":10.0},{"not_picked":["Seek","jedi:collectorvenom+1"],"picked":"Buffer","floor":16.0},{"not_picked":["downfall:Aged","ReplayTheSpireMod:Faulty Equipment"],"picked":"Shame","floor":17.0},{"not_picked":["StuffTheSpire:GnomedCurse","hubris:Sloth"],"picked":"ReplayTheSpireMod:Splinters","floor":17.0},{"not_picked":["Overencumbered","Doubt"],"picked":"Elementarium:StickyTar","floor":17.0},{"not_picked":["Compile Driver","Steam"],"picked":"jedi:collectorvenom+1","floor":18.0},{"not_picked":["Go for the Eyes","jedi:BurstDark"],"picked":"jedi:collectorvenom+1","floor":20.0},{"not_picked":["Coolheaded","BasicCrystalCard"],"picked":"jedi:collectorvenom+1","floor":22.0},{"not_picked":["Turbo","Heatsinks"],"picked":"jedi:collectorvenom+1","floor":23.0},{"not_picked":["Turbo","Ball Lightning"],"picked":"jedi:collectorvenom+1","floor":25.0},{"not_picked":["jedi:sharpshooter","Storm+1"],"picked":"jedi:collectorvenom+1","floor":28.0},{"not_picked":["Coolheaded","Rebound"],"picked":"jedi:collectorvenom+1","floor":29.0},{"not_picked":["StuffTheSpire:Plugnplay","Rebound"],"picked":"jedi:collectorvenom+1","floor":30.0},{"not_picked":["Conserve Battery","jedi:BurstLightning"],"picked":"jedi:collectorvenom+1","floor":31.0},{"not_picked":["Barrage","Genetic Algorithm"],"picked":"jedi:collectorvenom+1","floor":32.0},{"not_picked":["Multi-Cast","Thunder Strike"],"picked":"jedi:collectorvenom+1","floor":33.0},{"not_picked":["Genetic Algorithm","Beam Cell+1"],"picked":"jedi:collectorvenom+1","floor":35.0},{"not_picked":["BasicCrystalCard","Beam Cell+1"],"picked":"Sweeping Beam+1","floor":36.0},{"not_picked":["StuffTheSpire:Coldhearted+1","Reboot"],"picked":"jedi:collectorvenom+1","floor":40.0},{"not_picked":["Time Bomb","Turbo"],"picked":"jedi:collectorvenom+1","floor":42.0},{"not_picked":["StuffTheSpire:Plugnplay+1","Panic Button"],"picked":"jedi:collectorvenom+1","floor":45.0},{"not_picked":["Ball Lightning","Skim"],"picked":"jedi:collectorvenom+1","floor":46.0},{"not_picked":["Hologram","BasicCrystalCard"],"picked":"jedi:collectorvenom+1","floor":48.0}],"player_experience":671808,"relics_obtained":[{"floor":7.0,"key":"aspiration:SeaSaltIceCream"},{"floor":9.0,"key":"jedi:firstaidkit"},{"floor":10.0,"key":"StSpp:BrokenTotem"},{"floor":21.0,"key":"Dream Catcher"},{"floor":26.0,"key":"Orichalcum"},{"floor":28.0,"key":"StuffTheSpire:Expresso"},{"floor":40.0,"key":"Symbiotic Virus"},{"floor":42.0,"key":"Garlic"},{"floor":43.0,"key":"StuffTheSpire:Gunfinga"}],"event_choices":[{"damage_healed":0.0,"max_hp_gain":0.0,"max_hp_loss":0.0,"gold_gain":0.0,"event_name":"Wheel of Change","player_choice":"Relic","floor":21.0,"gold_loss":0.0,"damage_taken":0.0}],"is_beta":false,"boss_relics":[{"not_picked":["REME_DemonsWealth","Ring of Chaos"],"picked":"Replay:Ancient Bell"},{"not_picked":["vexMod:BarristanHead","Lantern"],"picked":"DataDisk"},{"not_picked":["REME_ArchaeologicalTools","vexMod:BerryBomb"],"picked":"infinitespire:ShieldingShard"},{"not_picked":["vexMod:PlasmaPancake","Replay:PocketPolymizer"],"picked":"StoneCalendar"},{"not_picked":["hubris:CrackedHourglass","ReplayTheSpireMod:SealedPack"],"picked":"aspiration:FutureDiary"}],"items_purged_floors":[27],"is_endless":false,"potions_floor_spawned":[2,7,10,18,22,30,31,33,35,45],"ascension_level":14}}