{"host":"g01l53quoe6lrer0","time":1611438073,"event":{"mods":["2.2 Compatiblity","AchievementEnabler","BaseMod","Colored Map","Highlight Path","Keyboard Shortcuts","Minty Spire (QoL Compilation)","Permanent Neow","StSLib","SuperFastMode","everything is the same but u backflip on backflip"],"gold_per_floor":[115,132,151,163,173,173,207,207,288,302,327,327,338,401,401,504,504,519,429,429,429,429,429,462,200,200,220,253,253,253,280,280,280,280],"floor_reached":33,"language":"KOR","playtime":1070,"items_purged":["Strike_G"],"score":469,"play_id":"4dbf74a9-5104-493a-bd65-d3c3eb81db53","local_time":"20210124064113","is_ascension_mode":true,"campfire_choices":[{"data":"Neutralize","floor":6.0,"key":"SMITH"},{"floor":8.0,"key":"REST"},{"floor":12.0,"key":"REST"},{"floor":15.0,"key":"REST"},{"data":"Burst","floor":23.0,"key":"SMITH"},{"data":"Envenom","floor":29.0,"key":"SMITH"},{"floor":32,"key":"REST"}],"circlet_count":0,"master_deck":["AscendersBane","Strike_G+1","Strike_G+1","Defend_G+1","Defend_G+1","Defend_G+1","Defend_G+1","Defend_G+1","Survivor","Neutralize+1","Underhanded Strike+1","Calculated Gamble","Dagger Throw","Blade Dance","Blade Dance","Prepared","Accuracy","Deflect","Envenom+1","Acrobatics","Burst+1","Blur","Backstab","Accuracy","Deflect","Finisher","Deflect","Caltrops","All Out Attack"],"relics":["Ring of the Snake","Ginger","Anchor","Letter Opener","Unceasing Top","Juzu Bracelet","Empty Cage","MutagenicStrength","FossilizedHelix","Matryoshka","Red Mask","Omamori"],"acts_visited":["Exordium","TheCity"],"potions_floor_usage":[33],"damage_taken":[{"damage":1.0,"enemies":"Cultist","floor":1.0,"turns":4.0},{"damage":0.0,"enemies":"Small Slimes","floor":2.0,"turns":3.0},{"damage":6.0,"enemies":"Jaw Worm","floor":3.0,"turns":6.0},{"damage":3.0,"enemies":"Red Slaver","floor":4.0,"turns":4.0},{"damage":0.0,"enemies":"2 Fungi Beasts","floor":5.0,"turns":3.0},{"damage":27.0,"enemies":"Gremlin Nob","floor":7.0,"turns":5.0},{"damage":3.0,"enemies":"Looter","floor":10.0,"turns":3.0},{"damage":15.0,"enemies":"3 Sentries","floor":11.0,"turns":6.0},{"damage":0.0,"enemies":"Exordium Thugs","floor":13.0,"turns":3.0},{"damage":20.0,"enemies":"Lagavulin Event","floor":14.0,"turns":4.0},{"damage":12.0,"enemies":"Hexaghost","floor":16.0,"turns":8.0},{"damage":24.0,"enemies":"Shell Parasite","floor":18.0,"turns":6.0},{"damage":18.0,"enemies":"Slavers","floor":24.0,"turns":8.0},{"damage":10.0,"enemies":"Spheric Guardian","floor":27.0,"turns":4.0},{"damage":0.0,"enemies":"Masked Bandits","floor":28.0,"turns":3.0},{"damage":15,"enemies":"Gremlin Leader","floor":31,"turns":6},{"damage":48,"enemies":"Collector","floor":33,"turns":9}],"seed_played":"-8935477832319496527","potions_obtained":[{"floor":1.0,"key":"LiquidBronze"},{"floor":4.0,"key":"AttackPotion"},{"floor":13.0,"key":"AttackPotion"},{"floor":16.0,"key":"LiquidMemories"},{"floor":24.0,"key":"Ancient Potion"},{"floor":31,"key":"PowerPotion"}],"is_trial":false,"path_per_floor":["M","M","M","M","M","R","E","R","T","M","E","R","M","?","R","B",null,"M","?","?","?","?","R","E","$","T","M","?","R","?","E","R","B"],"character_chosen":"THE_SILENT","items_purchased":["Accuracy","Deflect","Finisher"],"campfire_rested":4,"item_purchase_floors":[25,25,25],"current_hp_per_floor":[62,62,56,53,53,53,26,47,47,44,29,50,50,30,51,39,62,38,38,38,38,70,70,52,52,52,42,42,42,42,27,48,0,0],"gold":280,"neow_bonus":"ONE_RARE_RELIC","is_daily":false,"chose_seed":false,"campfire_upgraded":3,"win_rate":0.0,"timestamp":1611438073,"path_taken":["M","M","M","M","?","R","E","R","T","M","E","R","M","?","R","BOSS","M","?","?","?","?","R","E","$","T","M","?","R","?","E","R","BOSS"],"items_purchased_type":["Card","Card","Card"],"build_version":"2020-12-22","purchased_purges":1,"victory":false,"max_hp_per_floor":[70,70,70,70,70,70,70,70,70,70,70,70,70,70,70,70,70,70,70,70,70,70,70,70,70,70,70,70,70,70,70,70,70,70],"card_choices":[{"not_picked":["Backflip","Eviscerate"],"picked":"Underhanded Strike","floor":1.0},{"not_picked":["Distraction","Flechettes"],"picked":"Calculated Gamble","floor":2.0},{"not_picked":["PiercingWail","Underhanded Strike"],"picked":"Dagger Throw","floor":3.0},{"not_picked":["Outmaneuver","Night Terror"],"picked":"Blade Dance","floor":4.0},{"not_picked":["Underhanded Strike","Dodge and Roll"],"picked":"Blade Dance","floor":5.0},{"not_picked":["All Out Attack","Sucker Punch"],"picked":"Prepared","floor":7.0},{"not_picked":["Dodge and Roll","Underhanded Strike"],"picked":"Accuracy","floor":10.0},{"not_picked":["Blade Dance","Outmaneuver"],"picked":"Deflect","floor":11.0},{"not_picked":["Underhanded Strike","Deflect"],"picked":"Envenom","floor":13.0},{"not_picked":["Deadly Poison","Dagger Throw"],"picked":"Acrobatics","floor":14.0},{"not_picked":["Night Terror","Malaise"],"picked":"Burst","floor":16.0},{"not_picked":["Deadly Poison","Quick Slash"],"picked":"Blur","floor":18.0},{"not_picked":["Quick Slash","Poisoned Stab"],"picked":"Backstab","floor":24.0},{"not_picked":["Bouncing Flask","Eviscerate"],"picked":"Deflect","floor":27.0},{"not_picked":["Deflect","Prepared+1"],"picked":"Caltrops","floor":28.0},{"not_picked":["Deflect+1","Bouncing Flask"],"picked":"All Out Attack","floor":31}],"player_experience":269448,"relics_obtained":[{"floor":7.0,"key":"Anchor"},{"floor":9.0,"key":"Letter Opener"},{"floor":11.0,"key":"Unceasing Top"},{"floor":14.0,"key":"Juzu Bracelet"},{"floor":24.0,"key":"FossilizedHelix"},{"floor":26.0,"key":"Matryoshka"},{"floor":28.0,"key":"Red Mask"},{"floor":31,"key":"Omamori"}],"event_choices":[{"damage_healed":0.0,"max_hp_gain":0.0,"max_hp_loss":0.0,"gold_gain":30.0,"event_name":"Dead Adventurer","player_choice":"Searched \u00272\u0027 times","floor":14.0,"gold_loss":0.0,"damage_taken":0.0},{"cards_removed":["Strike_G"],"damage_healed":0.0,"max_hp_gain":0.0,"max_hp_loss":0.0,"gold_gain":0.0,"event_name":"Designer","player_choice":"Upgrade and Remove","floor":19.0,"gold_loss":90.0,"damage_taken":0.0,"cards_upgraded":["Underhanded Strike"]},{"damage_healed":0.0,"max_hp_gain":0.0,"max_hp_loss":0.0,"gold_gain":0.0,"event_name":"Drug Dealer","player_choice":"Inject Mutagens","floor":20.0,"gold_loss":0.0,"damage_taken":0.0,"relics_obtained":["MutagenicStrength"]},{"damage_healed":0.0,"max_hp_gain":0.0,"max_hp_loss":0.0,"gold_gain":0.0,"event_name":"Vampires","player_choice":"Ignored","floor":21.0,"gold_loss":0.0,"damage_taken":0.0},{"damage_healed":32.0,"max_hp_gain":0.0,"max_hp_loss":0.0,"gold_gain":0.0,"event_name":"Wheel of Change","player_choice":"Full Heal","floor":22.0,"gold_loss":0.0,"damage_taken":0.0},{"damage_healed":0.0,"max_hp_gain":0.0,"max_hp_loss":0.0,"gold_gain":0.0,"event_name":"Masked Bandits","player_choice":"Fought Bandits","floor":28.0,"gold_loss":0.0,"damage_taken":0.0},{"damage_healed":0.0,"max_hp_gain":0.0,"max_hp_loss":0.0,"gold_gain":0.0,"event_name":"Back to Basics","player_choice":"Simplicity","floor":30.0,"gold_loss":0.0,"damage_taken":0.0,"cards_upgraded":["Strike_G","Strike_G","Defend_G","Defend_G","Defend_G","Defend_G","Defend_G"]}],"is_beta":false,"boss_relics":[{"not_picked":["Ring of the Serpent","Tiny House"],"picked":"Empty Cage"}],"items_purged_floors":[25],"is_endless":false,"potions_floor_spawned":[1,4,5,13,16,24,31],"killed_by":"Collector","ascension_level":12}}