{"host":"uclt3t1usqzz4m5p","time":1611369812,"event":{"mods":["100% Spire Juice","AchievementEnabler","BaseMod","Better Altar","Better Match","Better Sensory Stone","Better Skull","Better Third Choice","Booster Modes","Card Forge","Colored Powertips","Displayed Cursed Tome","Downfall","GifTheSpireLib","Gremlin Skip","Minty Spire (QoL Compilation)","Permanent Neow","Quick Restart","StSLib","SuperFastMode","The Dragonkin"],"gold_per_floor":[99,115,131,151,151,169,251,277,288,288,288,22,57,71,90,90,90,90],"floor_reached":16,"language":"ENG","playtime":1606,"items_purged":[],"score":114,"play_id":"b4734edd-457f-4a39-9055-afed3460c0a4","local_time":"20210122184332","is_ascension_mode":false,"campfire_choices":[{"data":"bronze:Goto","floor":1.0,"key":"SMITH"},{"data":"bronze:OilSpill","floor":11.0,"key":"SMITH"}],"circlet_count":0,"master_deck":["bronze:Strike","bronze:Strike","bronze:Strike","bronze:Strike","bronze:Defend","bronze:Defend","bronze:Defend","bronze:Defend","bronze:Replicate","bronze:Goto+1","bronze:Iterate","bronze:WhirlingStrike","bronze:Constructor","bronze:Frontload","bronze:OilSpill+1","bronze:DarkDash","bronze:Library","bronze:FindAndReplace","bronze:Separator","bronze:BitShift"],"relics":["bronze:BronzeCore","Hammer of Thor","Seething Fire","Anvil of the Gods","Strawberry","Slimebound:PreparedRelic","Lantern","downfall:BrokenWingStatue","Meat on the Bone"],"acts_visited":["Exordium"],"potions_floor_usage":[13,16],"damage_taken":[{"damage":6.0,"enemies":"Jaw Worm","floor":2.0,"turns":5.0},{"damage":5.0,"enemies":"Cultist","floor":3.0,"turns":5.0},{"damage":2.0,"enemies":"2 Louse","floor":4.0,"turns":2.0},{"damage":12.0,"enemies":"Exordium Thugs","floor":6.0,"turns":4.0},{"damage":30.0,"enemies":"Gremlin Nob","floor":8.0,"turns":5.0},{"damage":11.0,"enemies":"Exordium Wildlife","floor":9.0,"turns":4.0},{"damage":0.0,"enemies":"downfall:FleeingMerchant","floor":12.0,"turns":4.0},{"damage":17,"enemies":"3 Sentries","floor":13,"turns":5},{"damage":0,"enemies":"2 Fungi Beasts","floor":14,"turns":3},{"damage":2,"enemies":"Exordium Thugs","floor":15,"turns":3},{"damage":29,"enemies":"WA_ARCHETYPE_RETAIN","floor":16,"turns":6}],"seed_played":"5750422214542712347","potions_obtained":[{"floor":3.0,"key":"PowerPotion"},{"floor":6.0,"key":"FearPotion"},{"floor":8.0,"key":"FearPotion"}],"is_trial":false,"path_per_floor":["R","M","M","M","?","M","T","E","M","?","R","$","E","M","M","B"],"character_chosen":"THE_AUTOMATON","items_purchased":["bronze:Library","CultistPotion"],"campfire_rested":0,"item_purchase_floors":[12,12],"current_hp_per_floor":[77,71,66,64,77,65,65,35,24,24,24,24,7,19,29,0,0,0],"gold":90,"neow_bonus":"RANDOM_COMMON_RELIC","is_daily":false,"chose_seed":false,"campfire_upgraded":2,"win_rate":0.0,"timestamp":1611369812,"path_taken":["R","M","M","M","?","M","T","E","?","?","R","$","E","M","M","BOSS"],"items_purchased_type":["Card","Potion"],"build_version":"2020-12-22","purchased_purges":0,"victory":false,"max_hp_per_floor":[77,77,77,77,77,77,77,77,77,77,77,77,77,77,77,77,77,77],"card_choices":[{"not_picked":["bronze:BugBarrage","bronze:Optimize"],"picked":"bronze:Iterate","floor":2.0},{"not_picked":["bronze:Iterate","bronze:BugBarrage"],"picked":"bronze:WhirlingStrike","floor":3.0},{"not_picked":["bronze:ForLoop","bronze:Philosophize"],"picked":"bronze:Constructor","floor":4.0},{"not_picked":["bronze:Repulsor","bronze:BitShift"],"picked":"bronze:Frontload","floor":6.0},{"not_picked":["bronze:Refactor","bronze:DarkDash","bronze:BitShift"],"picked":"SKIP","floor":8.0},{"not_picked":["bronze:Refactor","bronze:DarkDash","bronze:BitShift"],"picked":"SKIP","floor":8.0},{"not_picked":["bronze:CutThrough","bronze:MaxOutput"],"picked":"bronze:OilSpill","floor":9.0},{"not_picked":["bronze:Iterate","bronze:Frontload"],"picked":"bronze:DarkDash","floor":12.0},{"not_picked":["bronze:BronzeArmor","bronze:Invalidate"],"picked":"bronze:FindAndReplace","floor":13},{"not_picked":["bronze:OilSpill","bronze:Deprecate"],"picked":"bronze:Separator","floor":14},{"not_picked":["bronze:DarkDash","bronze:OilSpill"],"picked":"bronze:BitShift","floor":15}],"player_experience":632447,"relics_obtained":[{"floor":7.0,"key":"Slimebound:PreparedRelic"},{"floor":8.0,"key":"Lantern"},{"floor":13,"key":"Meat on the Bone"}],"event_choices":[{"damage_healed":13.0,"max_hp_gain":0.0,"max_hp_loss":0.0,"gold_gain":0.0,"event_name":"Wheel of Change","player_choice":"Full Heal","floor":5.0,"gold_loss":0.0,"damage_taken":0.0}],"is_beta":false,"boss_relics":[],"items_purged_floors":[],"is_endless":false,"potions_floor_spawned":[3,6,8],"killed_by":"WA_ARCHETYPE_RETAIN","ascension_level":0}}