{"host":"ooe12lh8pgcirntb","time":1611375182,"event":{"mods":["AchievementEnabler","Act Like it!","Bard","BaseMod","Beaked The Cultist","ChefMod","Colored Map","Colored Powertips","Downfall","Hallownest","Hermit","Jorbs\u0027s Wanderer Trilogy","Minty Spire (QoL Compilation)","Robot Space Explorer","StSLib","The Animator","The Blackbeard","The Bug Knight","The Construct","The Cursed","The Disciple","The Hayseed","The Hierophant","The Problem Sleuth","TheVacant"],"gold_per_floor":[231,243,33,46,12,12,12],"floor_reached":6,"language":"ENG","playtime":1387,"items_purged":[],"score":36,"play_id":"2049197f-c9a7-4ec8-9d13-dbb02d76ebea","local_time":"20210122231302","is_ascension_mode":false,"campfire_choices":[],"circlet_count":0,"master_deck":["animator:Strike_Konosuba","animator:Defend_Konosuba","animator:Strike","animator:Strike","animator:Strike","animator:Defend","animator:Defend","animator:Defend","animator:Kazuma","animator:Aqua","animator:Megumin+3","animator:Sloth","animator:Entoma","animator:Verdia","animator:WinryRockbell"],"relics":["animator:LivingPicture","animator:TheMissingPiece","champ:Barbells"],"acts_visited":["Exordium"],"potions_floor_usage":[],"damage_taken":[{"damage":0,"enemies":"Cultist","floor":1,"turns":6},{"damage":0,"enemies":"Small Slimes","floor":2,"turns":5},{"damage":16,"enemies":"Jaw Worm","floor":4,"turns":7},{"damage":54,"enemies":"Lagavulin","floor":6,"turns":14}],"seed_played":"6633839930528058346","potions_obtained":[{"floor":2,"key":"SkillPotion"}],"is_trial":false,"path_per_floor":["M","M","$","M","$","E"],"character_chosen":"THE_ANIMATOR","items_purchased":["animator:Entoma","champ:Barbells","animator:WinryRockbell"],"campfire_rested":0,"item_purchase_floors":[3,3,5],"current_hp_per_floor":[66,66,66,51,51,0,0],"gold":12,"neow_bonus":"HUNDRED_GOLD","is_daily":false,"chose_seed":false,"campfire_upgraded":0,"win_rate":0.0,"timestamp":1611375182,"path_taken":["M","M","$","M","$","E"],"items_purchased_type":["Card","Relic","Card"],"build_version":"2020-12-22","purchased_purges":0,"victory":false,"max_hp_per_floor":[66,66,66,67,67,67,67],"card_choices":[{"not_picked":["animator:Ara","animator:Lu"],"picked":"animator:Megumin","floor":1},{"not_picked":["animator:Vanir","animator:LizardPriest"],"picked":"animator:Sloth","floor":2},{"not_picked":["animator:Kazuma","animator:Hakurou"],"picked":"animator:Verdia","floor":4}],"player_experience":749952,"relics_obtained":[],"event_choices":[],"is_beta":false,"boss_relics":[],"items_purged_floors":[],"is_endless":false,"potions_floor_spawned":[2],"killed_by":"Lagavulin","ascension_level":0}}