{"host":"2l3i55whvwk76mom","time":1611377220,"event":{"mods":["BaseMod","Googly Eyes","Hermit","Hubris","Minty Spire (QoL Compilation)","Replay The Spire","StSLib","The Cursed","The Disciple","The Hierophant","The Jungle","The Necromancer"],"gold_per_floor":[10,20,31,42,56,56,71,97,120,120,120,152,152,169,169,271,271,283,61,80,90,15,15,15,15,15,40,66,83,83,116,128,157,157,261,261,287,0,0,29,29,29,60,60,60,60,85,108,108,139,40,40,40,42,42],"floor_reached":54,"language":"ENG","playtime":2392,"items_purged":["Normality"],"score":713,"play_id":"cff77302-b90b-4404-8b19-94f979907bbe","local_time":"20210122204700","is_ascension_mode":true,"campfire_choices":[{"data":"Combust","floor":6.0,"key":"SMITH"},{"data":"Hemogenesis","floor":13.0,"key":"SMITH"},{"floor":15.0,"key":"REST"},{"data":"Apotheosis","floor":23.0,"key":"SMITH"},{"data":"Demonic Infusion","floor":30,"key":"SMITH"},{"floor":34,"key":"REST"},{"data":"Brutality","floor":42,"key":"SMITH"},{"data":"Juggernaut","floor":44,"key":"SMITH"},{"floor":49,"key":"RECALL"},{"floor":53,"key":"REST"}],"circlet_count":0,"master_deck":["Strike_R","Strike_R","Strike_R","Strike_R","Strike_R","Defend_R","Defend_R","Defend_R","Defend_R","Bash","Demon Form","Pummel+1","ReplayTheSpireMod:Corrosion Curse+1","Juggernaut+1","Combust+1","Intimidate","Metallicize","Blood for Blood","Hemogenesis+1","ReplayTheSpireMod:Stacked","Demonic Infusion+1","Battle Trance","Rupture","Rupture","Apotheosis+1","Headbutt+1","Flame Barrier+1","Iron Wave","Brutality+1","True Grit+1","True Grit","Shrug It Off"],"relics":["Burning Blood","ReplayTheSpireMod:CursedCoin","ReplayFunnel","Red Skull","hubris:Towel","Torii","Sozu","hubris:ChampionShield","Happy Flower","Replay:Bandana","Busted Crown","TungstenRod","Replay:Wax Seal","hubris:Zylophone","hubris:Icosahedron"],"acts_visited":["Exordium","TheCity","TheBeyond"],"potions_floor_usage":[],"damage_taken":[{"damage":7.0,"enemies":"Small Slimes","floor":1.0,"turns":4.0},{"damage":1.0,"enemies":"2 Louse","floor":2.0,"turns":2.0},{"damage":5.0,"enemies":"Cultist","floor":4.0,"turns":3.0},{"damage":15.0,"enemies":"Looter","floor":5.0,"turns":4.0},{"damage":8.0,"enemies":"2 Fungi Beasts","floor":7.0,"turns":4.0},{"damage":26.0,"enemies":"3 Sentries","floor":8.0,"turns":6.0},{"damage":9.0,"enemies":"Replay:BlueRogue","floor":12.0,"turns":5.0},{"damage":11.0,"enemies":"Large Slime","floor":14.0,"turns":5.0},{"damage":14.0,"enemies":"Hexaghost","floor":16.0,"turns":8.0},{"damage":20.0,"enemies":"3 Byrds","floor":18.0,"turns":6.0},{"damage":14.0,"enemies":"Shell Parasite","floor":20.0,"turns":5.0},{"damage":12.0,"enemies":"Shelled Parasite and Fungi","floor":21.0,"turns":6.0},{"damage":12.0,"enemies":"Replay:Snechameleon","floor":27.0,"turns":7.0},{"damage":7,"enemies":"Chosen and Byrds","floor":29,"turns":6},{"damage":55,"enemies":"Gremlin Leader","floor":31,"turns":7},{"damage":36,"enemies":"Centurion and Healer","floor":32,"turns":5},{"damage":10,"enemies":"Shelled Parasite and Fungi","floor":33,"turns":5},{"damage":13,"enemies":"Champ","floor":35,"turns":8},{"damage":15,"enemies":"3 Darklings","floor":37,"turns":5},{"damage":13,"enemies":"3 Shapes","floor":40,"turns":5},{"damage":21,"enemies":"Nemesis","floor":43,"turns":7},{"damage":42,"enemies":"Sphere and 2 Shapes","floor":48,"turns":5},{"damage":36,"enemies":"Reptomancer","floor":50,"turns":6},{"damage":59,"enemies":"Awakened One","floor":54,"turns":4}],"seed_played":"4479616479828996711","potions_obtained":[{"floor":1.0,"key":"SpeedPotion"},{"floor":5.0,"key":"FairyPotion"},{"floor":8.0,"key":"SteroidPotion"},{"floor":16.0,"key":"Weak Potion"}],"is_trial":false,"path_per_floor":["M","M","$","M","M","R","M","E","T","?","?","E","R","M","R","B",null,"M","$","M","M","$","R","?","PTL","PTL","E","T","M","R","E","M","M","R","B",null,"M","$","?","M","?","R","E","R","PTL","PTL","T","M","R","E","$","?","R","B"],"character_chosen":"IRONCLAD","items_purchased":["ReplayTheSpireMod:CursedCoin","Juggernaut","Rupture","Apotheosis","TungstenRod","True Grit","Shrug It Off"],"campfire_rested":3,"item_purchase_floors":[3,3,19,19,38,51,51],"current_hp_per_floor":[79,80,80,80,71,71,69,49,49,49,33,30,30,33,57,57,74,66,66,69,74,74,74,59,59,59,61,61,71,71,33,40,36,61,65,80,82,82,82,85,81,81,74,74,74,74,74,49,49,30,30,30,54,0,0],"gold":42,"neow_bonus":"THREE_RARE_CARDS","is_daily":false,"chose_seed":false,"campfire_upgraded":6,"win_rate":0.0,"timestamp":1611377220,"path_taken":["M","M","$","M","M","R","M","E","T","?","?","E","R","M","R","BOSS","M","$","M","M","$","R","?","PTL","PTL","E","T","M","R","E","M","M","R","BOSS","M","$","?","?","?","R","E","R","PTL","PTL","T","M","R","E","$","?","R","BOSS"],"items_purchased_type":["Relic","Card","Card","Card","Relic","Card","Card"],"build_version":"2020-12-22","purchased_purges":1,"victory":false,"max_hp_per_floor":[80,80,80,80,80,80,80,80,80,80,80,80,80,80,80,80,80,80,80,80,80,80,80,85,85,85,85,85,85,85,85,85,85,85,85,85,85,85,85,85,81,81,81,81,81,81,81,81,81,81,81,81,81,81,81],"card_choices":[{"not_picked":["Barricade","Double Tap"],"picked":"Demon Form","floor":0.0},{"not_picked":["Havoc","hubris:CleavingFinish"],"picked":"Pummel","floor":1.0},{"not_picked":["Clash","Entrench"],"picked":"ReplayTheSpireMod:Corrosion Curse","floor":2.0},{"not_picked":["Thunderclap","Iron Wave"],"picked":"Combust","floor":4.0},{"not_picked":["Havoc","Clothesline"],"picked":"Intimidate","floor":5.0},{"not_picked":["ReplayTheSpireMod:Corrosion Curse","Warcry"],"picked":"Metallicize","floor":7.0},{"not_picked":["Sword Boomerang","Anger"],"picked":"Blood for Blood","floor":8.0},{"not_picked":["Inflame","True Grit"],"picked":"Hemogenesis","floor":12.0},{"not_picked":["Run Through","Heavy Blade"],"picked":"ReplayTheSpireMod:Stacked","floor":14.0},{"not_picked":["Demon Form","Fiend Fire"],"picked":"Demonic Infusion","floor":16.0},{"not_picked":["Flex","Hemokinesis"],"picked":"Battle Trance","floor":18.0},{"not_picked":["Clash+1","Warcry","Cleave"],"picked":"SKIP","floor":20.0},{"not_picked":["Thunderclap","Reckless Charge"],"picked":"Headbutt+1","floor":21.0},{"not_picked":["Abandon","Massacre"],"picked":"Flame Barrier+1","floor":27},{"not_picked":["Shrug It Off","Abandon","Run Through"],"picked":"SKIP","floor":29},{"not_picked":["Cleave+1","Twin Strike","Impervious"],"picked":"SKIP","floor":31},{"not_picked":["Run Through","Clothesline+1"],"picked":"Iron Wave","floor":32},{"not_picked":["Uppercut","Massacre","Headbutt"],"picked":"SKIP","floor":33},{"not_picked":["Corruption","Fiend Fire"],"picked":"Brutality","floor":35},{"not_picked":[],"picked":"True Grit+1","floor":37},{"not_picked":["Heavy Blade"],"picked":"SKIP","floor":40},{"not_picked":["Rupture+1"],"picked":"SKIP","floor":43},{"not_picked":["Ghostly Armor"],"picked":"SKIP","floor":48},{"not_picked":["ReplayTheSpireMod:Strike From Hell+1"],"picked":"SKIP","floor":50}],"player_experience":307419,"relics_obtained":[{"floor":8.0,"key":"ReplayFunnel"},{"floor":9.0,"key":"Red Skull"},{"floor":12.0,"key":"Torii"},{"floor":27,"key":"hubris:ChampionShield"},{"floor":28,"key":"Happy Flower"},{"floor":31,"key":"Replay:Bandana"},{"floor":43,"key":"Replay:Wax Seal"},{"floor":50,"key":"hubris:Zylophone"}],"event_choices":[{"damage_healed":0.0,"max_hp_gain":0.0,"max_hp_loss":0.0,"gold_gain":0.0,"event_name":"Shining Light","player_choice":"Entered Light","floor":11.0,"gold_loss":0.0,"damage_taken":16.0,"cards_upgraded":["ReplayTheSpireMod:Corrosion Curse","Pummel"]},{"damage_healed":0.0,"max_hp_gain":5.0,"max_hp_loss":0.0,"gold_gain":0.0,"event_name":"Forgotten Altar","player_choice":"Shed Blood","floor":24.0,"gold_loss":0.0,"damage_taken":20.0},{"damage_healed":0,"gold_gain":0,"player_choice":"Got Potions","damage_taken":0,"max_hp_gain":0,"max_hp_loss":0,"event_name":"Lab","floor":39,"gold_loss":0},{"damage_healed":0,"gold_gain":0,"player_choice":"Max HP","damage_taken":0,"max_hp_gain":0,"max_hp_loss":4,"event_name":"Winding Halls","floor":41,"gold_loss":0}],"is_beta":false,"boss_relics":[{"not_picked":["Philosopher\u0027s Stone","hubris:RunicObelisk"],"picked":"Sozu"},{"not_picked":["Coffee Dripper","hubris:CrackedHourglass"],"picked":"Busted Crown"}],"items_purged_floors":[22],"is_endless":false,"potions_floor_spawned":[1,5,8,16,20,27,32,33,35,43,48,50],"killed_by":"Awakened One","ascension_level":5}}