{"host":"tq7pufgtqftqw8yr","time":1611422586,"event":{"mods":["BaseMod","Downfall","Minty Spire (QoL Compilation)","StSLib"],"gold_per_floor":[99,99,99,99,99,134,134,161,179,79,109,59,59,69,85,186,186,186,197,197,197,197,207,207,207,70,70,80,97,97,111,127,230,230,230,250,250,250,265,265,265,265,278,298,298,298,298],"floor_reached":45,"language":"ZHS","playtime":2333,"items_purged":["downfall:Malfunctioning"],"score":471,"play_id":"ea0bc3d4-03de-49ad-9bc0-0b8cb44d80f0","local_time":"20210124012306","is_ascension_mode":false,"campfire_choices":[{"data":"champ:Execute","floor":1,"key":"SMITH"},{"data":"champ:IronFortress","floor":10,"key":"SMITH"},{"data":"champ:UltimateStance","floor":13,"key":"SMITH"},{"data":"champ:StanceDance","floor":18,"key":"SMITH"},{"data":"champ:BerserkersShout","floor":27,"key":"SMITH"},{"floor":30,"key":"REST"},{"data":"champ:DancingMaster","floor":35,"key":"SMITH"},{"data":"expansioncontent:Chronoboost","floor":42,"key":"SMITH"}],"circlet_count":0,"master_deck":["champ:Strike","champ:Strike","champ:Strike+1","champ:Defend+1","champ:Execute+1","champ:Taunt","champ:GutPunch","champ:CrownThrow","champ:CrookedStrike","champ:IronFortress+1","champ:FocusedBerserking","champ:UltimateStance+1","champ:Backstep","champ:GladiatorStyle","champ:StanceDance+1","champ:BringItOn","champ:HoldFirm","champ:FlashCut+1","champ:Haymaker+1","champ:VampiricStrike","champ:BerserkersShout+1","champ:Encircle","champ:BringItOn+1","champ:EnGarde+1","champ:Endure+1","champ:DancingMaster+1","champ:FalseCounter+1","champ:LastStand+1","champ:GutPunch+1","champ:FaceSlap+1","expansioncontent:Chronoboost+1","expansioncontent:AwakenDeath","expansioncontent:Hexaburn","champ:ShieldWall+1","champ:IgnorePain+1","champ:Circumvent+1"],"relics":["champ:ChampionCrown","Ornamental Fan","Gremlin Horn","Odd Mushroom","downfall:HeartBlessingGreen","HornCleat","bronze:MakeshiftBattery","downfall:RedIOU","MutagenicStrength","Pear","Nloth\u0027s Gift","Astrolabe","Toxic Egg 2"],"acts_visited":["Exordium","TheCity","TheBeyond"],"potions_floor_usage":[16,16,16,32,33,33,33],"damage_taken":[{"damage":0,"enemies":"2 Louse","floor":2,"turns":1},{"damage":0,"enemies":"Small Slimes","floor":3,"turns":1},{"damage":0,"enemies":"Gremlin Nob","floor":6,"turns":1},{"damage":27,"enemies":"The Mushroom Lair","floor":8,"turns":4},{"damage":20,"enemies":"Cultist","floor":9,"turns":4},{"damage":20,"enemies":"Lagavulin","floor":11,"turns":5},{"damage":5,"enemies":"downfall:FleeingMerchant","floor":12,"turns":4},{"damage":5,"enemies":"Gremlin Gang","floor":14,"turns":5},{"damage":20,"enemies":"Large Slime","floor":15,"turns":5},{"damage":40,"enemies":"DF_ARCHETYPE_STREAMLINE","floor":16,"turns":13},{"damage":32,"enemies":"Shell Parasite","floor":19,"turns":6},{"damage":30,"enemies":"3 Byrds","floor":23,"turns":6},{"damage":20,"enemies":"downfall:FleeingMerchant","floor":26,"turns":4},{"damage":37,"enemies":"Snake Plant","floor":28,"turns":4},{"damage":52,"enemies":"Sentry and Sphere","floor":29,"turns":6},{"damage":40,"enemies":"3 Cultists","floor":31,"turns":7},{"damage":38,"enemies":"Cultist and Chosen","floor":32,"turns":7},{"damage":59,"enemies":"WA_ARCHETYPE_CALM","floor":33,"turns":10},{"damage":10,"enemies":"Orb Walker","floor":36,"turns":4},{"damage":40,"enemies":"3 Darklings","floor":39,"turns":6},{"damage":77,"enemies":"Transient","floor":43,"turns":5},{"damage":31,"enemies":"Maw","floor":44,"turns":9},{"damage":20,"enemies":"Spire Growth","floor":45,"turns":2}],"seed_played":"7276350851928935607","potions_obtained":[{"floor":8,"key":"Fire Potion"},{"floor":11,"key":"CultistPotion"},{"floor":14,"key":"SpeedPotion"},{"floor":15,"key":"Strength Potion"},{"floor":16,"key":"LiquidBronze"},{"floor":19,"key":"Weak Potion"},{"floor":29,"key":"SteroidPotion"},{"floor":32,"key":"EssenceOfSteel"},{"floor":39,"key":"SteroidPotion"}],"is_trial":false,"path_per_floor":["R","M","M","?","?","E","T","?","M","R","E","$","R","M","M","B",null,"R","M","?","?","?","M","T","?","$","R","M","M","R","M","M","B",null,"R","M","?","?","M","?","T","R","M","M","M"],"character_chosen":"THE_CHAMP","items_purchased":["champ:GladiatorStyle","champ:BerserkersShout"],"campfire_rested":1,"item_purchase_floors":[12,26],"current_hp_per_floor":[90,90,90,87,87,87,87,80,75,75,70,70,70,70,70,45,90,90,83,83,83,83,68,78,78,78,78,61,44,74,59,41,27,100,100,100,100,90,90,90,90,90,28,7,0,0,0],"gold":298,"neow_bonus":"THREE_ENEMY_KILL","is_daily":false,"chose_seed":false,"campfire_upgraded":7,"win_rate":0.0,"timestamp":1611422586,"path_taken":["R","M","M","?","?","E","T","?","M","R","E","$","R","M","M","BOSS","R","M","?","?","?","M","T","?","$","R","M","?","R","?","M","BOSS","R","M","?","?","M","?","T","R","M","M","M"],"items_purchased_type":["Card","Card"],"build_version":"2020-12-22","purchased_purges":1,"victory":false,"max_hp_per_floor":[90,90,90,90,90,90,90,90,90,90,90,90,90,90,90,90,90,90,90,90,90,90,90,100,100,100,100,100,100,100,100,100,100,100,100,100,100,100,100,100,100,100,100,100,100,100,100],"card_choices":[{"not_picked":["champ:AdrenalArmor","champ:BringItOn"],"picked":"champ:GutPunch","floor":2},{"not_picked":["champ:FanOfKnives","champ:BladeFlurry"],"picked":"champ:CrownThrow","floor":3},{"not_picked":["champ:PerfectedStrike","champ:SetATrap"],"picked":"champ:CrookedStrike","floor":6},{"not_picked":["champ:BringItOn","champ:Circumvent"],"picked":"champ:IronFortress","floor":8},{"not_picked":["champ:ArenaPreparation","champ:PerfectedStrike"],"picked":"champ:FocusedBerserking","floor":9},{"not_picked":["champ:FanOfKnives","champ:BringItOn"],"picked":"champ:UltimateStance","floor":11},{"not_picked":["champ:HeartStrike","champ:CrownThrow"],"picked":"champ:Backstep","floor":12},{"not_picked":["champ:HeartStrike","champ:FaceSlap"],"picked":"champ:StanceDance","floor":14},{"not_picked":["champ:TornadoPunch","champ:Backstep"],"picked":"champ:BringItOn","floor":15},{"not_picked":["champ:Improvising","champ:SteelEdge"],"picked":"champ:HoldFirm","floor":16},{"not_picked":["champ:Encircle","champ:Shatter"],"picked":"champ:FlashCut+1","floor":19},{"not_picked":["champ:FlashCut","champ:Parry"],"picked":"champ:Haymaker+1","floor":23},{"not_picked":["champ:ShieldSlam","champ:FalseCounter"],"picked":"champ:VampiricStrike","floor":26},{"not_picked":["champ:Parry","champ:CrownThrow"],"picked":"champ:Encircle","floor":28},{"not_picked":["champ:RisingSlash","champ:EnGarde"],"picked":"champ:BringItOn+1","floor":29},{"not_picked":["champ:PreciseThrust","champ:BladeFlurry"],"picked":"champ:EnGarde+1","floor":31},{"not_picked":["champ:FocusedDefense","champ:FalseCounter"],"picked":"champ:Endure+1","floor":32},{"not_picked":["champ:SteelEdge","champ:ShieldThrow"],"picked":"champ:DancingMaster","floor":33},{"not_picked":["champ:PerfectedStrike+1","champ:EnGarde+1"],"picked":"champ:FaceSlap+1","floor":36},{"not_picked":["expansioncontent:YouAreMine","expansioncontent:GuardianWhirl"],"picked":"expansioncontent:Chronoboost","floor":38},{"not_picked":["expansioncontent:PrepareCrush","expansioncontent:YouAreMine"],"picked":"expansioncontent:AwakenDeath","floor":38},{"not_picked":["expansioncontent:GuardianWhirl","expansioncontent:HyperBeam"],"picked":"expansioncontent:Hexaburn","floor":38},{"not_picked":["champ:IronFortress","champ:RisingSlash+1"],"picked":"champ:ShieldWall+1","floor":39},{"not_picked":["champ:Haymaker+1","champ:ShieldThrow"],"picked":"champ:IgnorePain+1","floor":43},{"not_picked":["champ:FanOfKnives+1","champ:EnragedBash"],"picked":"champ:Circumvent+1","floor":44}],"player_experience":811516,"relics_obtained":[{"floor":6,"key":"Ornamental Fan"},{"floor":7,"key":"Gremlin Horn"},{"floor":8,"key":"Odd Mushroom"},{"floor":11,"key":"HornCleat"},{"floor":24,"key":"Pear"},{"floor":41,"key":"Toxic Egg 2"}],"event_choices":[{"damage_healed":0,"gold_gain":0,"player_choice":"Success","damage_taken":3,"relics_obtained":["champ:FightingForDummies"],"max_hp_gain":0,"max_hp_loss":0,"event_name":"Scrap Ooze","floor":4,"gold_loss":0},{"damage_healed":0,"gold_gain":0,"player_choice":"Fought Mushrooms","damage_taken":0,"max_hp_gain":0,"max_hp_loss":0,"event_name":"Mushrooms","floor":8,"gold_loss":0},{"damage_healed":0,"gold_gain":0,"player_choice":"Inject Mutagens","damage_taken":0,"relics_obtained":["MutagenicStrength"],"max_hp_gain":0,"max_hp_loss":0,"event_name":"Drug Dealer","floor":21,"gold_loss":0},{"cards_removed":["champ:Defend"],"damage_healed":0,"gold_gain":0,"player_choice":"Removed Skill","damage_taken":0,"max_hp_gain":0,"max_hp_loss":0,"event_name":"Falling","floor":40,"gold_loss":0}],"is_beta":false,"boss_relics":[{"not_picked":["SacredBark","Snecko Eye"],"picked":"bronze:MakeshiftBattery"},{"not_picked":["Coffee Dripper","Velvet Choker"],"picked":"Astrolabe"}],"items_purged_floors":[26],"is_endless":false,"potions_floor_spawned":[8,11,14,15,16,19,29,31,32,39],"killed_by":"Spire Growth","ascension_level":0}}