{"host":"hg77cm6lvslg446i","time":1611441693,"event":{"mods":["BaseMod","BetterRewards","Minty Spire (QoL Compilation)","Say the Spire","StSLib"],"gold_per_floor":[114,129,144,144,159,159,189,189,189,204,219,234,251,266,266,366,366,381,381,396,58,58,58,58],"floor_reached":23,"language":"DEU","playtime":1118,"items_purged":[],"score":195,"play_id":"48cfae1c-2a5e-4de4-93f9-86824c6d7575","local_time":"20210123234133","daily_mods":["Heirloom","Uncertain Future","Night Terrors"],"is_ascension_mode":false,"campfire_choices":[{"floor":6.0,"key":"REST"},{"floor":8.0,"key":"REST"},{"floor":15.0,"key":"REST"}],"circlet_count":0,"master_deck":["Strike_G","Strike_G","Defend_G","Defend_G","Defend_G","Defend_G","Defend_G","Survivor","Neutralize","Deadly Poison","Noxious Fumes","Catalyst","Poisoned Stab","Backstab","Quick Slash","Cloak And Dagger","Storm of Steel","Predator","Night Terror","Heel Hook+1","Sucker Punch+1","Calculated Gamble+1","Well Laid Plans+1","Dagger Throw","Well Laid Plans+1","RitualDagger"],"relics":["Ring of the Snake","Pocketwatch","StrikeDummy","Frozen Egg 2","Odd Mushroom","Astrolabe","Membership Card","MealTicket","Lantern"],"acts_visited":["Exordium","TheCity"],"potions_floor_usage":[],"damage_taken":[{"damage":0.0,"enemies":"Cultist","floor":1.0,"turns":4.0},{"damage":0.0,"enemies":"Small Slimes","floor":2.0,"turns":4.0},{"damage":15.0,"enemies":"Jaw Worm","floor":3.0,"turns":4.0},{"damage":11.0,"enemies":"3 Louse","floor":5.0,"turns":5.0},{"damage":37.0,"enemies":"3 Sentries","floor":7.0,"turns":8.0},{"damage":0.0,"enemies":"Blue Slaver","floor":10.0,"turns":3.0},{"damage":32.0,"enemies":"Exordium Thugs","floor":11.0,"turns":4.0},{"damage":0.0,"enemies":"3 Louse","floor":12.0,"turns":2.0},{"damage":18.0,"enemies":"The Mushroom Lair","floor":13.0,"turns":4.0},{"damage":2.0,"enemies":"Exordium Wildlife","floor":14.0,"turns":6.0},{"damage":37.0,"enemies":"The Guardian","floor":16.0,"turns":8.0},{"damage":33.0,"enemies":"2 Thieves","floor":18.0,"turns":4.0},{"damage":10.0,"enemies":"Chosen","floor":20.0,"turns":4.0},{"damage":11,"enemies":"Slavers","floor":23,"turns":1}],"seed_played":"8945501730091475425","potions_obtained":[{"floor":1.0,"key":"Regen Potion"},{"floor":11.0,"key":"Weak Potion"},{"floor":12.0,"key":"Regen Potion"},{"floor":13.0,"key":"Dexterity Potion"},{"floor":20.0,"key":"Weak Potion"}],"is_trial":false,"path_per_floor":["M","M","M","$","M","R","E","R","T","M","M","M","?","M","R","B",null,"M","?","M","$","?","E"],"character_chosen":"THE_SILENT","items_purchased":["Membership Card","MealTicket","Lantern","Well Laid Plans+1"],"campfire_rested":3,"item_purchase_floors":[21,21,21,21],"current_hp_per_floor":[70,70,55,55,44,65,28,60,60,60,28,28,10,23,55,33,55,22,22,12,12,6,0,0],"gold":58,"neow_bonus":"","is_daily":true,"chose_seed":false,"campfire_upgraded":0,"win_rate":0.0,"timestamp":1611441693,"path_taken":["M","M","M","$","M","R","E","R","T","?","?","M","?","M","R","BOSS","M","?","M","$","?","E"],"items_purchased_type":["Relic","Relic","Relic","Card"],"build_version":"2020-12-22","purchased_purges":0,"victory":false,"max_hp_per_floor":[70,70,70,70,70,65,65,60,60,60,60,60,60,60,55,55,55,55,55,55,55,55,55,55],"card_choices":[{"not_picked":["Terror","Quick Slash"],"picked":"Deadly Poison","floor":1.0},{"not_picked":["Expertise","Deflect"],"picked":"Noxious Fumes","floor":2.0},{"not_picked":["Expertise","Predator"],"picked":"Catalyst","floor":3.0},{"not_picked":["Predator","Calculated Gamble"],"picked":"Poisoned Stab","floor":5.0},{"not_picked":["Flying Knee","Flechettes"],"picked":"Backstab","floor":7.0},{"not_picked":["Outmaneuver","Flying Knee"],"picked":"Quick Slash","floor":10.0},{"not_picked":["PiercingWail","Bane"],"picked":"Cloak And Dagger","floor":11.0},{"not_picked":["Dagger Spray","Acrobatics"],"picked":"Storm of Steel","floor":12.0},{"not_picked":["Burst","Skewer"],"picked":"Predator","floor":14.0},{"not_picked":["A Thousand Cuts+1","Malaise"],"picked":"Night Terror","floor":16.0},{"not_picked":["Deflect","Bane"],"picked":"Well Laid Plans+1","floor":18.0},{"not_picked":["PiercingWail","Acrobatics+1"],"picked":"Dagger Throw","floor":20.0}],"player_experience":121749,"relics_obtained":[{"floor":7.0,"key":"StrikeDummy"},{"floor":9.0,"key":"Frozen Egg 2"},{"floor":13.0,"key":"Odd Mushroom"}],"event_choices":[{"damage_healed":0.0,"max_hp_gain":0.0,"max_hp_loss":0.0,"gold_gain":0.0,"event_name":"Mushrooms","player_choice":"Fought Mushrooms","floor":13.0,"gold_loss":0.0,"damage_taken":0.0},{"damage_healed":0.0,"max_hp_gain":0.0,"max_hp_loss":0.0,"gold_gain":0.0,"event_name":"Beggar","player_choice":"Ignored","floor":19.0,"gold_loss":0.0,"damage_taken":0.0},{"damage_healed":0,"gold_gain":0,"player_choice":"Joined the Cult","damage_taken":6,"max_hp_gain":0,"max_hp_loss":0,"event_name":"Nest","floor":22,"gold_loss":0,"cards_obtained":["RitualDagger"]}],"is_beta":false,"boss_relics":[{"not_picked":["SlaversCollar","Empty Cage"],"picked":"Astrolabe"}],"items_purged_floors":[],"is_endless":false,"potions_floor_spawned":[1,11,12,13,20],"killed_by":"Slavers","ascension_level":0}}