{"host":"u21q392b5xaj11fl","time":1611431910,"event":{"mods":["2.2 Compatiblity","Bard","BaseMod","Better Note","Colored Map","Colored Powertips","Conspire","Custom Start","Downfall","Faster Ascension Climbing","GifTheSpireLib","Gremlin Skip","Highlight Path","Hubris","Infinite Spire","Mad Scientist","Marisa????????","Mimic Mod","Minty Spire (QoL Compilation)","Permanent Neow","Potionbrewer","Quick Restart","READ ME - Guardian Mod","Relic Sorter","Replay The Spire","Shop Mod","Somnambulant","StSLib","Stuff the Spire","SuperFastMode","The Construct","The Disciple","The Servant 0.9.4","vexMod"],"gold_per_floor":[109,124,124,139,65,65,96,126,138,150,150,150],"floor_reached":10,"language":"ENG","playtime":763,"items_purged":[],"score":112,"play_id":"f6ae2172-2658-47f2-a5a2-8c5d5d5930ac","local_time":"20210123135830","is_ascension_mode":true,"campfire_choices":[{"data":"bronze:FineTuning","floor":6.0,"key":"SMITH"}],"circlet_count":0,"master_deck":["AscendersBane","bronze:Strike","bronze:Strike","bronze:Strike","bronze:Strike","bronze:Defend","bronze:Defend","bronze:Defend","bronze:Defend","bronze:Replicate","bronze:Goto","bronze:OilSpill","bronze:Overheat","bronze:FineTuning+1","bronze:Fortify","bronze:DelayedSlice","bronze:Overload"],"relics":["bronze:BronzeCore","MawBank"],"acts_visited":["Exordium"],"potions_floor_usage":[10,10],"damage_taken":[{"damage":0.0,"enemies":"conspire:RoseBush","floor":1.0,"turns":5.0},{"damage":1.0,"enemies":"Cultist","floor":2.0,"turns":3.0},{"damage":0.0,"enemies":"Small Slimes","floor":4.0,"turns":3.0},{"damage":32.0,"enemies":"3 Sentries","floor":7.0,"turns":9.0},{"damage":18.0,"enemies":"3 Louse","floor":8.0,"turns":3.0},{"damage":20,"enemies":"Lagavulin","floor":10,"turns":4}],"seed_played":"4585267664547830337","potions_obtained":[{"floor":0.0,"key":"DuplicationPotion"},{"floor":0.0,"key":"ColorlessPotion"},{"floor":4.0,"key":"Swift Potion"},{"floor":8.0,"key":"Milkshake"}],"is_trial":false,"path_per_floor":["M","M","?","M","$","R","E","M","T","E"],"character_chosen":"THE_AUTOMATON","items_purchased":["bronze:Fortify"],"campfire_rested":0,"item_purchase_floors":[5],"current_hp_per_floor":[63,62,70,70,70,70,38,20,20,0,0,0],"gold":150,"neow_bonus":"THREE_SMALL_POTIONS","is_daily":false,"chose_seed":false,"campfire_upgraded":1,"win_rate":0.0,"timestamp":1611431910,"path_taken":["M","M","?","M","$","R","E","M","T","E"],"items_purchased_type":["Card"],"build_version":"2020-12-22","purchased_purges":0,"victory":false,"max_hp_per_floor":[70,70,70,70,70,70,70,70,70,70,70,70],"card_choices":[{"not_picked":["bronze:DelayedSlice","bronze:Iterate"],"picked":"bronze:OilSpill","floor":1.0},{"not_picked":["bronze:BitShift","bronze:ClassDefault"],"picked":"bronze:Overheat","floor":2.0},{"not_picked":["bronze:Shield","bronze:BuggyMess"],"picked":"bronze:FineTuning","floor":4.0},{"not_picked":["bronze:Iterate","bronze:FollowUp"],"picked":"bronze:DelayedSlice","floor":7.0},{"not_picked":["bronze:FineTuning","bronze:Shell"],"picked":"bronze:Overload","floor":8.0}],"player_experience":177864,"relics_obtained":[{"floor":7.0,"key":"MawBank"}],"event_choices":[{"damage_healed":8.0,"max_hp_gain":0.0,"max_hp_loss":0.0,"gold_gain":0.0,"event_name":"Wheel of Change","player_choice":"Full Heal","floor":3.0,"gold_loss":0.0,"damage_taken":0.0}],"is_beta":false,"boss_relics":[],"items_purged_floors":[],"is_endless":false,"potions_floor_spawned":[4,8],"killed_by":"Lagavulin","ascension_level":13}}