{"host":"w2kjv12xyhtt0cv2","time":1611427727,"event":{"mods":["Act Like it!","BaseMod","Colored Map","Friendly Minions","Gensokyo","Highlight Path","Hubris","Kiyohime（清姬）","Marisa（F雨　魔理沙）","Minty Spire (QoL Compilation)","Quick Restart","Reimu（博丽灵梦）","Relic Stats","Replay The Spire","RumiaBox-露米娅的神秘盒子","Shop Mod","Spicy Shops","StSLib","The Cursed","The Servant 0.9.4","UnlockEverythingMod","Waifu the Spire","[功能]功能增强和修复MOD","vexMod","【功能Mod】Neow奖励","【遗物卡牌】REMEMod","没有小屋子和绿帽子啦"],"gold_per_floor":[16,36,54,4,4,38,55,55,127,138,186,186,215,215,215,314,314,325,425,442,455,18,51,51,80,106,133,133,533,564,35,35,140,140,151,11,11,46,60,71,71,105,128,128,160,213,237,237,237,237,237,237,365,398,298],"floor_reached":56,"playtime":3695,"items_purged":["TheCursedMod:Defend_TheCursed","TheCursedMod:Defend_TheCursed","TheCursedMod:Defend_TheCursed"],"score":1772,"play_id":"e6713eaa-0d92-4b8f-8323-d9d6de67596d","local_time":"20210124024847","is_ascension_mode":true,"campfire_choices":[{"data":"Creative AI","floor":8.0,"key":"SMITH"},{"floor":12.0,"key":"REST"},{"data":"TheCursedMod:SpitefulPlan","floor":15.0,"key":"SMITH"},{"data":"TheCursedMod:VoidForm","floor":24.0,"key":"SMITH"},{"data":"TheCursedMod:ShockAndAwe","floor":32.0,"key":"SMITH"},{"data":"TheCursedMod:LuckyCharm","floor":41.0,"key":"SMITH"},{"floor":49.0,"key":"RECALL"},{"floor":52.0,"key":"DIG"}],"circlet_count":0,"master_deck":["Creative AI+1","TheCursedMod:SpitefulPlan+1","TheCursedMod:AshesToAshes+1","TheCursedMod:SoulReap+1","TheCursedMod:ShockAndAwe+1","TheCursedMod:VoidForm+1","CurseOfTheBell","TheCursedMod:CursedAmulet+1","TheCursedMod:CircleOfAmplification+1","TheCursedMod:RapidMovement+1","TheCursedMod:DarkBarrier+1","TheCursedMod:Evocation+1","TheCursedMod:ReleasedKnowledge+1","Night Terror+1","TheCursedMod:SaltUponWound+1","TheCursedMod:BlessingInDisguise+1","TheCursedMod:NeowsMight+1","TheCursedMod:CursedBoomerang+1","TheCursedMod:LuckyCharm+1","CommonCold","ReplayTheSpireMod:Splinters","TheCursedMod:Grudge+1","TheCursedMod:CollectTribute","TheCursedMod:VoidForm","Panacea+1","TheCursedMod:BlessingInDisguise+1"],"relics":["REME_ComplimentaryCards","EctoplasmExtend","Potion Belt","Toxic Egg 2","hubris:SlimyHat","PreservedInsect","Calling Bell","Bag of Marbles","Ornamental Fan","ChaoDraw","Replay:PocketPolymizer","REME_HandOfSuture","Replay:Mystery Machine","GodSword4","Ccalipers","hubris:ToyBattleship","hubris:CrystalStatue","SSSystem","hubris:EmptyBottle","GodSword7","Snecko Eye","Ring of Hypnosis","Mastiff:ReiMu","Bag of Preparation","Whetstone","Replay:Multitool","Pocketwatch","Lantern","SumBook","Membership Card","OrangePellets","hubris:NiceRug","TheCursedMod:BloodyHarpoon","Nunchaku","MoreBug","ReplayTheSpireMod:Lightbulb","Bird Faced Urn"],"acts_visited":["Exordium","Gensokyo:Gensokyoer","TheBeyond","TheEnding"],"potions_floor_usage":[55,55,55,55,55],"damage_taken":[{"damage":0.0,"enemies":"Cultist","floor":1.0,"turns":4.0},{"damage":18.0,"enemies":"Jaw Worm","floor":2.0,"turns":4.0},{"damage":1.0,"enemies":"Small Slimes","floor":3.0,"turns":5.0},{"damage":33.0,"enemies":"3 Sentries","floor":6.0,"turns":12.0},{"damage":13.0,"enemies":"Exordium Wildlife","floor":7.0,"turns":3.0},{"damage":4.0,"enemies":"3 Louse","floor":10.0,"turns":3.0},{"damage":17.0,"enemies":"Lagavulin","floor":13.0,"turns":6.0},{"damage":26.0,"enemies":"Slime Boss","floor":16.0,"turns":8.0},{"damage":0.0,"enemies":"Gensokyo:AngelMirror","floor":18.0,"turns":2.0},{"damage":21.0,"enemies":"Gensokyo:AngelMirror","floor":19.0,"turns":9.0},{"damage":33.0,"enemies":"Gensokyo:3_Dogs","floor":20.0,"turns":8.0},{"damage":15.0,"enemies":"Gensokyo:Slime_Group","floor":21.0,"turns":5.0},{"damage":0.0,"enemies":"Gensokyo:Reisen","floor":23.0,"turns":1.0},{"damage":2.0,"enemies":"Gensokyo:Koishi","floor":25.0,"turns":4.0},{"damage":30.0,"enemies":"Gensokyo:Reisen","floor":30.0,"turns":4.0},{"damage":4.0,"enemies":"Gensokyo:Eiki","floor":33.0,"turns":3.0},{"damage":2.0,"enemies":"3 Darklings","floor":35.0,"turns":2.0},{"damage":3.0,"enemies":"3 Shapes","floor":39.0,"turns":15.0},{"damage":0.0,"enemies":"Nemesis","floor":40.0,"turns":3.0},{"damage":0.0,"enemies":"Giant Head","floor":42.0,"turns":1.0},{"damage":0.0,"enemies":"Reptomancer","floor":45.0,"turns":1.0},{"damage":0.0,"enemies":"2 Orb Walkers","floor":46.0,"turns":2.0},{"damage":4.0,"enemies":"Time Eater","floor":50.0,"turns":5.0},{"damage":0.0,"enemies":"hubris:Merchant","floor":53.0,"turns":3.0},{"damage":0.0,"enemies":"Shield and Spear","floor":54.0,"turns":2.0},{"damage":63,"enemies":"The Heart","floor":55,"turns":9}],"seed_played":"1176057185947747199","potions_obtained":[{"floor":1.0,"key":"MagicPotion:ReiMu"},{"floor":5.0,"key":"Reflective Coating"},{"floor":5.0,"key":"SkillPotion"},{"floor":6.0,"key":"Venom Potion"},{"floor":13.0,"key":"Block Potion"},{"floor":16.0,"key":"ZuzhouPotion:ReiMu"},{"floor":21.0,"key":"Fire Potion"},{"floor":21.0,"key":"BlessingOfTheForge"},{"floor":25.0,"key":"ColorlessPotion"},{"floor":30.0,"key":"Explosive Potion"},{"floor":33.0,"key":"Energy Potion"},{"floor":35.0,"key":"Cursed Concoction"},{"floor":38.0,"key":"FairyPotion"},{"floor":38.0,"key":"FearPotion"},{"floor":39.0,"key":"Flashbang"},{"floor":53.0,"key":"LiquidBronze"}],"is_trial":false,"path_per_floor":["M","M","M","?","?","E","M","R","T","M","T","R","E","?","R","B",null,"M","?","M","M","$","E","R","E","T","T","?","?","E","$","R","B",null,"M","$","?","?","M","E","R","E","T","?","E","?","T","?","R","B",null,"R","$","E","B",null],"character_chosen":"THE_CURSED","items_purchased":["REME_HandOfSuture","Replay:Mystery Machine","SSSystem","hubris:EmptyBottle","GodSword7","TheCursedMod:LuckyCharm","Membership Card","OrangePellets"],"campfire_rested":1,"item_purchase_floors":[22,22,31,31,31,36,53,53],"current_hp_per_floor":[75,57,56,56,56,28,18,18,18,16,16,38,34,34,34,13,75,75,63,65,75,75,75,75,73,73,73,66,66,49,49,49,45,75,75,75,75,75,72,75,75,75,75,75,75,75,75,75,75,71,75,75,75,75,69],"gold":298,"neow_bonus":"BOSS_RELIC","is_daily":false,"chose_seed":false,"campfire_upgraded":5,"win_rate":0.0,"timestamp":1611427727,"path_taken":["M","?","?","?","?","E","?","R","T","M","?","R","E","?","R","BOSS","M","?","?","?","?","E","R","E","T","?","?","?","E","$","R","BOSS","M","$","?","?","?","E","R","E","T","?","E","?","?","?","R","BOSS","R","$","E","BOSS"],"items_purchased_type":["Relic","Relic","Relic","Relic","Relic","Card","Relic","Relic"],"build_version":"2020-12-22","purchased_purges":3,"victory":true,"max_hp_per_floor":[75,75,75,75,75,75,75,75,75,75,75,75,75,75,75,75,75,75,75,75,75,75,75,75,75,75,75,75,75,75,75,75,75,75,75,75,75,75,75,75,75,75,75,75,75,75,75,75,75,75,75,75,75,75,75],"relic_stats":{"OrangePellets":[6],"Nunchaku":[0],"counters":[26,123],"Ornamental Fan":[52],"Bird Faced Urn":[16],"Snecko Eye":[68,61,80,70],"PreservedInsect":484,"Bag of Preparation":[12],"Whetstone":["TheCursedMod:Strike_TheCursed","TheCursedMod:SoulReap"],"obtain_stats":[{"TheCursedMod:BloodyHarpoon":53,"Lantern":47,"Replay:PocketPolymizer":19,"hubris:CrystalStatue":30,"SSSystem":31,"hubris:SlimyHat":11,"Bag of Preparation":42,"Replay:Multitool":45,"Whetstone":43,"Replay:Mystery Machine":22,"hubris:EmptyBottle":31,"Frozen Eye":25,"Nunchaku":53,"Ccalipers":25,"Mastiff:ReiMu":40,"Toxic Egg 2":9,"SumBook":52,"Potion Belt":6,"MoreBug":53,"TheCursedMod:BlackMagic101":0,"EctoplasmExtend":0,"Ring of Hypnosis":37,"hubris:64BitClover":19,"PreservedInsect":13,"ChaoDraw":17,"Calling Bell":17,"OrangePellets":53,"Ornamental Fan":17,"Bird Faced Urn":54,"Snecko Eye":34,"REME_HandOfSuture":22,"GodSword7":31,"Bag of Marbles":17,"hubris:ToyBattleship":27,"Membership Card":53,"GodSword4":23,"ReplayTheSpireMod:Lightbulb":53,"REME_ComplimentaryCards":0,"Pocketwatch":46,"hubris:NiceRug":53},{"TheCursedMod:BloodyHarpoon":24,"Lantern":22,"Replay:PocketPolymizer":10,"hubris:CrystalStatue":15,"SSSystem":15,"hubris:SlimyHat":6,"Bag of Preparation":20,"Replay:Multitool":21,"Whetstone":20,"Replay:Mystery Machine":12,"hubris:EmptyBottle":15,"Frozen Eye":13,"Nunchaku":24,"Ccalipers":14,"Mastiff:ReiMu":19,"Toxic Egg 2":5,"SumBook":23,"Potion Belt":4,"MoreBug":24,"TheCursedMod:BlackMagic101":0,"EctoplasmExtend":0,"Ring of Hypnosis":17,"hubris:64BitClover":10,"PreservedInsect":7,"ChaoDraw":8,"Calling Bell":8,"OrangePellets":23,"Ornamental Fan":8,"Bird Faced Urn":25,"Snecko Eye":16,"REME_HandOfSuture":12,"GodSword7":15,"Bag of Marbles":8,"hubris:ToyBattleship":14,"Membership Card":23,"GodSword4":13,"ReplayTheSpireMod:Lightbulb":24,"REME_ComplimentaryCards":0,"Pocketwatch":22,"hubris:NiceRug":24},{"TheCursedMod:BloodyHarpoon":112,"Lantern":104,"Replay:PocketPolymizer":55,"hubris:CrystalStatue":77,"SSSystem":77,"hubris:SlimyHat":31,"Bag of Preparation":101,"Replay:Multitool":102,"Whetstone":101,"Replay:Mystery Machine":68,"hubris:EmptyBottle":77,"Frozen Eye":69,"Nunchaku":112,"Ccalipers":73,"Mastiff:ReiMu":100,"Toxic Egg 2":28,"SumBook":109,"Potion Belt":25,"MoreBug":112,"TheCursedMod:BlackMagic101":0,"EctoplasmExtend":0,"Ring of Hypnosis":82,"hubris:64BitClover":55,"PreservedInsect":37,"ChaoDraw":44,"Calling Bell":44,"OrangePellets":109,"Ornamental Fan":44,"Bird Faced Urn":114,"Snecko Eye":80,"REME_HandOfSuture":68,"GodSword7":77,"Bag of Marbles":44,"hubris:ToyBattleship":73,"Membership Card":109,"GodSword4":69,"ReplayTheSpireMod:Lightbulb":112,"REME_ComplimentaryCards":0,"Pocketwatch":104,"hubris:NiceRug":112}],"Pocketwatch":[0]},"card_choices":[{"not_picked":["TheCursedMod:Mangle","TheCursedMod:SmokeScreen"],"picked":"TheCursedMod:SpitefulPlan","floor":1.0},{"not_picked":["TheCursedMod:EmpowerCircles","TheCursedMod:Stigma"],"picked":"TheCursedMod:AshesToAshes","floor":2.0},{"not_picked":["TheCursedMod:CursedAmulet","TheCursedMod:DoubleShield"],"picked":"TheCursedMod:SoulReap","floor":3.0},{"not_picked":["TheCursedMod:ManaBullet","TheCursedMod:OutForBlood"],"picked":"TheCursedMod:ShockAndAwe","floor":6.0},{"not_picked":["TheCursedMod:EmpowerCircles","TheCursedMod:CircleOfCorruption","TheCursedMod:CircleOfFlame"],"picked":"SKIP","floor":7.0},{"not_picked":["TheCursedMod:EmpowerCircles","TheCursedMod:CircleOfCorruption","TheCursedMod:CircleOfFlame"],"picked":"SKIP","floor":7.0},{"not_picked":["TheCursedMod:VitalStrike","TheCursedMod:CursedBlade","TheCursedMod:Obscuration+1"],"picked":"SKIP","floor":10.0},{"not_picked":["TheCursedMod:Stretching+1","TheCursedMod:DoubleShield+1","TheCursedMod:CircleOfFlame+1"],"picked":"SKIP","floor":13.0},{"not_picked":["TheCursedMod:OutForBlood","TheCursedMod:StunningStrike"],"picked":"TheCursedMod:VoidForm","floor":16.0},{"not_picked":["TheCursedMod:CursedMace","TheCursedMod:RavingStaff"],"picked":"TheCursedMod:CursedAmulet+1","floor":18.0},{"not_picked":["TheCursedMod:AshesToAshes+1","TheCursedMod:Grudge+1"],"picked":"TheCursedMod:CircleOfAmplification+1","floor":19.0},{"not_picked":["TheCursedMod:SmokeScreen+1","TheCursedMod:CircleOfCorruption+1","TheCursedMod:SurpriseAttack"],"picked":"SKIP","floor":20.0},{"not_picked":["TheCursedMod:AshesToAshes+1","TheCursedMod:Stretching+1"],"picked":"TheCursedMod:RapidMovement+1","floor":21.0},{"not_picked":["TheCursedMod:Hemoplague","TheCursedMod:AbyssShockwave"],"picked":"TheCursedMod:DarkBarrier+1","floor":23.0},{"not_picked":["TheCursedMod:RavingStaff","TheCursedMod:TroublousMinions+1"],"picked":"TheCursedMod:ReleasedKnowledge+1","floor":25.0},{"not_picked":["TheCursedMod:EmpowerCircles","TheCursedMod:ManaCirculation"],"picked":"TheCursedMod:SaltUponWound+1","floor":30.0},{"not_picked":["TheCursedMod:DemonicPact","TheCursedMod:CursedRelics"],"picked":"TheCursedMod:NeowsMight+1","floor":33.0},{"not_picked":["TheCursedMod:Stigma+1","TheCursedMod:Stretching+1"],"picked":"TheCursedMod:CursedBoomerang+1","floor":35.0},{"not_picked":["TheCursedMod:FuryStrike","TheCursedMod:FleshFromBone+1","TheCursedMod:AbyssShockwave+1"],"picked":"SKIP","floor":39.0},{"not_picked":["TheCursedMod:Torture+1","TheCursedMod:ReleasedStrength+1","TheCursedMod:Obscuration+1"],"picked":"SKIP","floor":40.0},{"not_picked":["TheCursedMod:PrepareRite+1","TheCursedMod:CircleOfFlame+1","TheCursedMod:SoulCrush+1"],"picked":"SKIP","floor":42.0},{"not_picked":["TheCursedMod:CursedMace+1","TheCursedMod:SoulCrush+1","TheCursedMod:ReleasedKnowledge+1"],"picked":"SKIP","floor":45.0},{"not_picked":[],"picked":"Panacea+1","floor":53.0},{"not_picked":["TheCursedMod:SoulReap"],"picked":"SKIP","floor":53.0},{"not_picked":["TheCursedMod:SurpriseAttack"],"picked":"SKIP","floor":53.0},{"not_picked":["TheCursedMod:CircleOfFlame+1"],"picked":"SKIP","floor":53.0},{"not_picked":["TheCursedMod:DarkBarrier+1"],"picked":"SKIP","floor":53.0},{"not_picked":["TheCursedMod:HellsGateOpen"],"picked":"SKIP","floor":53.0},{"not_picked":["REME_HeartOfCthun"],"picked":"SKIP","floor":53.0},{"not_picked":["TheCursedMod:ReleasedStrength+1","TheCursedMod:ManaCirculation"],"picked":"TheCursedMod:BlessingInDisguise+1","floor":54.0}],"player_experience":194749,"relics_obtained":[{"floor":6.0,"key":"Potion Belt"},{"floor":9.0,"key":"Toxic Egg 2"},{"floor":11.0,"key":"hubris:SlimyHat"},{"floor":13.0,"key":"PreservedInsect"},{"floor":17.0,"key":"Bag of Marbles"},{"floor":17.0,"key":"Ornamental Fan"},{"floor":17.0,"key":"ChaoDraw"},{"floor":19.0,"key":"Replay:PocketPolymizer"},{"floor":19.0,"key":"hubris:64BitClover"},{"floor":23.0,"key":"GodSword4"},{"floor":25.0,"key":"Ccalipers"},{"floor":27.0,"key":"hubris:ToyBattleship"},{"floor":30.0,"key":"hubris:CrystalStatue"},{"floor":37.0,"key":"Ring of Hypnosis"},{"floor":40.0,"key":"Mastiff:ReiMu"},{"floor":42.0,"key":"Bag of Preparation"},{"floor":43.0,"key":"Whetstone"},{"floor":45.0,"key":"Replay:Multitool"},{"floor":46.0,"key":"Pocketwatch"},{"floor":47.0,"key":"Lantern"},{"floor":52.0,"key":"SumBook"},{"floor":53.0,"key":"TheCursedMod:BloodyHarpoon"},{"floor":53.0,"key":"Nunchaku"},{"floor":53.0,"key":"MoreBug"},{"floor":53.0,"key":"ReplayTheSpireMod:Lightbulb"},{"floor":54.0,"key":"Bird Faced Urn"}],"event_choices":[{"cards_removed":["TheCursedMod:Dregs"],"damage_healed":0.0,"max_hp_gain":0.0,"max_hp_loss":0.0,"gold_gain":0.0,"event_name":"The Cleric","player_choice":"Card Removal","floor":4.0,"gold_loss":50.0,"damage_taken":0.0},{"damage_healed":0.0,"max_hp_gain":0.0,"max_hp_loss":0.0,"gold_gain":0.0,"event_name":"Lab","player_choice":"Got Potions","floor":5.0,"gold_loss":0.0,"damage_taken":0.0},{"damage_healed":0.0,"max_hp_gain":0.0,"max_hp_loss":0.0,"gold_gain":0.0,"event_name":"Mysterious Sphere","player_choice":"Fight","floor":46.0,"gold_loss":0.0,"damage_taken":0.0},{"cards_removed":["TheCursedMod:Strike_TheCursed"],"damage_healed":0.0,"max_hp_gain":0.0,"max_hp_loss":0.0,"gold_gain":0.0,"event_name":"Falling","player_choice":"Removed Attack","floor":48.0,"gold_loss":0.0,"damage_taken":0.0}],"is_beta":false,"boss_relics":[{"not_picked":["Coffee Dripper","hubris:ScarierMask"],"picked":"Calling Bell"},{"not_picked":["vexMod:EndlessSickness","hubris:GrandSneckoEye"],"picked":"Snecko Eye"}],"items_purged_floors":[22,22,31],"is_endless":false,"potions_floor_spawned":[1,6,13,16,21,21,25,30,33,35,39,40,54],"ascension_level":4}}