{"host":"s2gnxn64lbarj0x7","time":1611403496,"event":{"mods":["AchievementEnabler","BaseMod","Colored Map","Colored Powertips","Faster Ascension Climbing","Googly Eyes","Highlight Path","Minty Spire (QoL Compilation)","Quick Restart","StSLib","SuperFastMode","The Marked"],"gold_per_floor":[109,109,109,34,84,84,95,122,122,65,65,99,114,5,5,82,82,102,102,102,102],"floor_reached":20,"language":"ENG","playtime":472,"items_purged":["Strike_G"],"score":406,"play_id":"b7a0efee-4da3-48d7-9848-ea634684c5cf","local_time":"20210123060456","is_ascension_mode":true,"campfire_choices":[{"floor":6,"key":"RECALL"},{"floor":15,"key":"REST"}],"circlet_count":0,"master_deck":["AscendersBane","Strike_G","Strike_G","Strike_G","Strike_G","Defend_G","Defend_G","Defend_G","Defend_G","Survivor","Neutralize","Poisoned Stab","Bane","Die Die Die","Deadly Poison+1","Distraction+1","Noxious Fumes+1","Blade Dance+1","Night Terror+1","CurseOfTheBell","Dodge and Roll+1"],"relics":["Ring of the Snake","NeowsBlessing","Toxic Egg 2","Mummified Hand","Calling Bell","The Specimen","Singing Bowl","Art of War"],"acts_visited":["Exordium","TheCity"],"potions_floor_usage":[],"damage_taken":[{"damage":0,"enemies":"2 Louse","floor":1,"turns":1},{"damage":0,"enemies":"Jaw Worm","floor":7,"turns":1},{"damage":0,"enemies":"3 Sentries","floor":8,"turns":1},{"damage":27,"enemies":"Gremlin Nob","floor":12,"turns":4},{"damage":0,"enemies":"Cultist","floor":13,"turns":2},{"damage":49,"enemies":"Hexaghost","floor":16,"turns":9},{"damage":36,"enemies":"Spheric Guardian","floor":18,"turns":6},{"damage":27,"enemies":"Chosen","floor":20,"turns":3}],"seed_played":"-8886508585892511883","potions_obtained":[{"floor":1,"key":"AttackPotion"},{"floor":13,"key":"LiquidBronze"}],"is_trial":false,"path_per_floor":["M","?","?","$","?","R","M","E","T","$","?","E","M","$","R","B",null,"M","?","M"],"character_chosen":"THE_SILENT","items_purchased":["Deadly Poison+1","Noxious Fumes","Blade Dance+1"],"campfire_rested":1,"item_purchase_floors":[10,14,14],"current_hp_per_floor":[59,64,64,64,64,64,64,64,64,64,64,37,37,37,58,9,56,20,20,0,0],"gold":102,"neow_bonus":"THREE_ENEMY_KILL","is_daily":false,"chose_seed":false,"campfire_upgraded":0,"win_rate":0.0,"timestamp":1611403496,"path_taken":["M","?","?","$","?","R","?","E","T","$","?","E","M","?","R","BOSS","M","?","M"],"items_purchased_type":["Card","Card","Card"],"build_version":"2020-12-22","purchased_purges":1,"victory":false,"max_hp_per_floor":[66,71,71,71,71,71,71,71,71,71,71,71,71,71,71,71,71,71,71,71,71],"card_choices":[{"not_picked":["Escape Plan","Sucker Punch"],"picked":"Poisoned Stab","floor":1},{"not_picked":["Burst","Outmaneuver"],"picked":"Bane","floor":7},{"not_picked":["Acrobatics+1","Dodge and Roll+1"],"picked":"Die Die Die","floor":8},{"not_picked":["Sucker Punch","Acrobatics+1","Glass Knife"],"picked":"SKIP","floor":12},{"not_picked":["Finisher","Bane"],"picked":"Distraction+1","floor":13},{"not_picked":["Bullet Time+1","Malaise+1"],"picked":"Night Terror+1","floor":16},{"not_picked":["Eviscerate","Escape Plan+1"],"picked":"Dodge and Roll+1","floor":18}],"player_experience":165405,"relics_obtained":[{"floor":8,"key":"Toxic Egg 2"},{"floor":12,"key":"Mummified Hand"},{"floor":17,"key":"The Specimen"},{"floor":17,"key":"Singing Bowl"},{"floor":17,"key":"Art of War"}],"event_choices":[{"damage_healed":0,"gold_gain":0,"player_choice":"Donut","damage_taken":0,"max_hp_gain":5,"max_hp_loss":0,"event_name":"Big Fish","floor":2,"gold_loss":0},{"cards_removed":["Defend_G"],"damage_healed":0,"gold_gain":0,"player_choice":"Forget","damage_taken":0,"max_hp_gain":0,"max_hp_loss":0,"event_name":"Living Wall","floor":3,"gold_loss":0},{"damage_healed":0,"gold_gain":50,"player_choice":"Pray","damage_taken":0,"max_hp_gain":0,"max_hp_loss":0,"event_name":"Golden Shrine","floor":5,"gold_loss":0},{"damage_healed":0,"gold_gain":0,"player_choice":"Fled","damage_taken":0,"max_hp_gain":0,"max_hp_loss":0,"event_name":"Scrap Ooze","floor":11,"gold_loss":0},{"damage_healed":0,"gold_gain":0,"player_choice":"Forge","damage_taken":0,"max_hp_gain":0,"max_hp_loss":0,"event_name":"Accursed Blacksmith","floor":19,"gold_loss":0,"cards_upgraded":["Noxious Fumes"]}],"is_beta":false,"boss_relics":[{"not_picked":["Busted Crown","HoveringKite"],"picked":"Calling Bell"}],"items_purged_floors":[4],"is_endless":false,"potions_floor_spawned":[1,13,18],"killed_by":"Chosen","ascension_level":20}}