{"host":"h1qktzcccqnez8tx","time":1611440987,"event":{"mods":["BaseMod","Block Reminder","Colored Map","Colored Powertips","Curses Come First","Highlight Path","Infinite Spire","Minty Spire (QoL Compilation)","Permanent Neow","Quick Restart","Replay The Spire","StSLib","The Jungle"],"gold_per_floor":[115,126,139,159,234,234,259,272,272,21,40,52,52,72,72,172,172,183,183,183,183,183,183,199,199,222,257,257,273,44,44,44,142,142,161,174,174,18,31,51,80,98,98,116,120,120],"floor_reached":45,"language":"ENG","playtime":5008,"items_purged":["Strike_G","Shame"],"score":571,"play_id":"10c00e27-0041-4754-b917-26f9c8b817cb","local_time":"20210123232947","is_ascension_mode":true,"campfire_choices":[{"data":"Predator","floor":6,"key":"SMITH"},{"data":"Terror","floor":15,"key":"SMITH"},{"data":"Bane","floor":23,"key":"SMITH"},{"data":"Noxious Fumes","floor":25,"key":"SMITH"},{"data":"Noxious Fumes","floor":28,"key":"SMITH"},{"floor":32,"key":"REST"}],"circlet_count":0,"master_deck":["Strike_G+2","Strike_G+1","Strike_G","Strike_G+1","Defend_G","Defend_G","Defend_G","Survivor","Neutralize+1","Deadly Poison","Predator+1","PiercingWail","Blur","Noxious Fumes+1","Riddle With Holes","Noxious Fumes+1","Terror+1","ReplayTheSpireMod:Necrosis","Bane+1","Slice","Flying Knee","Noxious Fumes","Backflip+1","Calculated Gamble+1","Dagger Throw+1","Sucker Punch","PiercingWail+1"],"relics":["Ring of the Snake","Replay:Rubber Ducky","infinitespire:BottledMercury","infinitespire:EmpoweringShard","Ring of Chaos","Simple Rune","Philosopher\u0027s Stone","theJungle:SneckoAutograph","theJungle:BirthdayCake","Dream Catcher","infinitespire:PuzzleCube","Whetstone","Strange Spoon","SlaversCollar","Art of War","infinitespire:Midas Blood"],"acts_visited":["Exordium","theJungle:Jungle","TheBeyond"],"potions_floor_usage":[41,42,45],"damage_taken":[{"damage":4,"enemies":"Small Slimes","floor":1,"turns":3},{"damage":1,"enemies":"Jaw Worm","floor":2,"turns":3},{"damage":0,"enemies":"2 Louse","floor":3,"turns":2},{"damage":0,"enemies":"Large Slime","floor":4,"turns":5},{"damage":14,"enemies":"3 Sentries","floor":7,"turns":8},{"damage":2,"enemies":"3 Louse","floor":8,"turns":3},{"damage":0,"enemies":"Lots of Slimes","floor":11,"turns":5},{"damage":4,"enemies":"Gremlin Gang","floor":12,"turns":4},{"damage":4,"enemies":"Blue Slaver","floor":14,"turns":4},{"damage":6,"enemies":"The Guardian","floor":16,"turns":8},{"damage":14,"enemies":"Shell Parasite","floor":18,"turns":5},{"damage":4,"enemies":"theJungle:GiantWrat","floor":24,"turns":4},{"damage":20,"enemies":"theJungle:Cassacara","floor":27,"turns":4},{"damage":16,"enemies":"theJungle:JungleHuntersEncounter","floor":29,"turns":4},{"damage":0,"enemies":"theJungle:FunGuy","floor":33,"turns":6},{"damage":0,"enemies":"Orb Walker","floor":35,"turns":3},{"damage":13,"enemies":"3 Shapes","floor":36,"turns":5},{"damage":0,"enemies":"Spire Growth","floor":39,"turns":2},{"damage":0,"enemies":"Maw","floor":40,"turns":5},{"damage":26,"enemies":"Reptomancer","floor":41,"turns":4},{"damage":0,"enemies":"Transient","floor":42,"turns":5},{"damage":18,"enemies":"Spire Growth","floor":44,"turns":3},{"damage":39,"enemies":"Nemesis","floor":45,"turns":4}],"seed_played":"-5330222913051536447","potions_obtained":[{"floor":1,"key":"Energy Potion"},{"floor":8,"key":"Dexterity Potion"},{"floor":12,"key":"Weak Potion"},{"floor":41,"key":"Venom Potion"},{"floor":44,"key":"DistilledChaos"}],"is_trial":false,"path_per_floor":["M","M","M","M","?","R","E","M","T","$","M","M","?","M","R","B",null,"M","AVR","?","?","?","R","M","R","T","E","R","M","$","?","R","B",null,"M","M","?","$","M","M","E","M","T","M","E"],"character_chosen":"THE_SILENT","items_purchased":["infinitespire:EmpoweringShard","Whetstone","Art of War"],"campfire_rested":1,"item_purchase_floors":[10,30,38],"current_hp_per_floor":[59,58,58,58,47,47,33,31,31,31,31,27,27,23,23,17,63,49,49,49,51,71,71,67,67,67,47,47,31,31,31,55,55,83,83,70,70,70,70,70,44,44,44,26,0,0],"gold":120,"neow_bonus":"TRANSFORM_TWO_CARDS","is_daily":false,"chose_seed":false,"campfire_upgraded":5,"win_rate":0.0,"timestamp":1611440987,"path_taken":["M","M","M","M","?","R","E","M","T","$","M","M","?","M","R","BOSS","M","AVR","?","?","?","R","M","R","T","E","R","M","$","?","R","BOSS","M","M","?","$","M","M","E","M","T","?","E"],"items_purchased_type":["Relic","Relic","Relic"],"build_version":"2020-12-22","purchased_purges":2,"victory":false,"max_hp_per_floor":[63,63,63,63,63,63,63,63,63,63,63,63,63,63,63,63,63,63,63,63,63,83,83,83,83,83,83,83,83,83,83,83,83,83,83,83,83,83,83,83,83,83,83,83,83,83],"card_choices":[{"not_picked":["Prepared","Slice","Heel Hook"],"picked":"SKIP","floor":1},{"not_picked":["Replay:Poison Smokescreen","Eviscerate"],"picked":"PiercingWail","floor":2},{"not_picked":["Masterful Stab","Heel Hook"],"picked":"Blur","floor":3},{"not_picked":["Poison Darts","Outmaneuver"],"picked":"Noxious Fumes","floor":4},{"not_picked":["Masterful Stab","Blur"],"picked":"Riddle With Holes","floor":7},{"not_picked":["ReplayTheSpireMod:Tripwire","Backflip","Replay:Poison Smokescreen"],"picked":"SKIP","floor":8},{"not_picked":["Deflect","Draining Mist","Blade Dance"],"picked":"SKIP","floor":11},{"not_picked":["ReplayTheSpireMod:Scrap Shanks","Sneak Up"],"picked":"Noxious Fumes","floor":12},{"not_picked":["Slice","A Thousand Cuts"],"picked":"Terror","floor":14},{"not_picked":["After Image","Unload"],"picked":"ReplayTheSpireMod:Necrosis","floor":16},{"not_picked":["All Out Attack","Slice"],"picked":"Bane","floor":18},{"not_picked":["ReplayTheSpireMod:Scrap Shanks+1","Toxin Wave"],"picked":"Slice","floor":24},{"not_picked":["Sucker Punch","Prepared+1"],"picked":"Flying Knee","floor":27},{"not_picked":["Crippling Poison","Endless Agony+1"],"picked":"Noxious Fumes","floor":29},{"not_picked":["Acrobatics","Dagger Throw"],"picked":"Backflip+1","floor":32},{"not_picked":["Outmaneuver","Dash","Calculated Gamble"],"picked":"SKIP","floor":35},{"not_picked":["Dagger Throw","Backflip+1"],"picked":"Calculated Gamble+1","floor":36},{"not_picked":["Fluid Movement","Accuracy"],"picked":"Dagger Throw+1","floor":39},{"not_picked":["Caltrops","Acrobatics","Skewer"],"picked":"SKIP","floor":40},{"not_picked":["Flying Knee+1","Backflip+1","Deflect+1"],"picked":"SKIP","floor":41},{"not_picked":["Acrobatics+1","Hidden Blade"],"picked":"Sucker Punch","floor":42},{"not_picked":["Terror","Flechettes+1"],"picked":"PiercingWail+1","floor":44}],"player_experience":96493,"relics_obtained":[{"floor":7,"key":"Replay:Rubber Ducky"},{"floor":9,"key":"infinitespire:BottledMercury"},{"floor":26,"key":"Dream Catcher"},{"floor":27,"key":"infinitespire:PuzzleCube"},{"floor":41,"key":"infinitespire:Midas Blood"}],"event_choices":[{"damage_healed":0,"gold_gain":75,"player_choice":"Gather Gold","damage_taken":11,"max_hp_gain":0,"max_hp_loss":0,"event_name":"World of Goop","floor":5,"gold_loss":0},{"damage_healed":0,"gold_gain":0,"player_choice":"Grow","damage_taken":0,"max_hp_gain":0,"max_hp_loss":0,"event_name":"Living Wall","floor":13,"gold_loss":0,"cards_upgraded":["Neutralize"]},{"damage_healed":0,"gold_gain":0,"player_choice":"Ignored","damage_taken":0,"max_hp_gain":0,"max_hp_loss":0,"event_name":"SecretPortal","floor":37,"gold_loss":0}],"is_beta":false,"boss_relics":[{"not_picked":["ChewingGum","Busted Crown"],"picked":"Ring of Chaos"},{"not_picked":["Replay:Grab Bag","Snecko Scales"],"picked":"SlaversCollar"}],"items_purged_floors":[19,30],"is_endless":false,"potions_floor_spawned":[1,8,12,16,29,33,35,41,44],"killed_by":"Nemesis","ascension_level":2}}