{"host":"x3xr1fzypq6qqz5s","time":1611423163,"event":{"mods":["BaseMod","Better Vampires","Colored Powertips","DeckTracker","Highlight Path","Minty Spire (QoL Compilation)","Quick Restart","Rare Cards Sparkle","Relic Stats"],"gold_per_floor":[113,113,113,131,56,56,66,97,122,141,91,117,117,17,17,118,118,133,150,150,78,78,78,93,368,368,379,95,115,115,128,128,232,232,248,264,264,314,164,195,195,208,234,267,267,280,280,296,296,296],"floor_reached":51,"language":"ZHS","playtime":2558,"items_purged":["Defend_P","Eruption","Regret","Strike_P+1"],"score":715,"play_id":"236e6f66-46b3-442d-90b0-bd77d008bae9","local_time":"20210124013243","is_ascension_mode":false,"campfire_choices":[{"data":"Perseverance","floor":6.0,"key":"SMITH"},{"data":"Worship","floor":15.0,"key":"SMITH"},{"data":"ConjureBlade","floor":23.0,"key":"SMITH"},{"floor":30.0,"key":"REST"},{"floor":32.0,"key":"REST"},{"data":"Devotion","floor":41.0,"key":"SMITH"},{"floor":45.0,"key":"REST"},{"data":"Vault","floor":49.0,"key":"SMITH"}],"circlet_count":0,"master_deck":["Strike_P+1","Defend_P+1","Defend_P+1","Defend_P+1","Vigilance+1","SandsOfTime","Perseverance+1","Collect","Worship+1","WheelKick","Tantrum","ConjureBlade+1","Evaluate+1","WreathOfFlame+1","Devotion+1","Prostrate+1","Consecrate","Vault","FollowUp+1","EmptyMind+1","Vault+1"],"relics":["PureWater","NeowsBlessing","PreservedInsect","Pantograph","Black Star","Calipers","Busted Crown","Pocketwatch","Lantern","Damaru","War Paint","Pen Nib","Blood Vial"],"acts_visited":["Exordium","TheCity","TheBeyond"],"potions_floor_usage":[],"damage_taken":[{"damage":0.0,"enemies":"Cultist","floor":1.0,"turns":1.0},{"damage":0.0,"enemies":"2 Louse","floor":4.0,"turns":1.0},{"damage":0.0,"enemies":"Small Slimes","floor":7.0,"turns":1.0},{"damage":6.0,"enemies":"Lagavulin","floor":8.0,"turns":5.0},{"damage":0.0,"enemies":"Looter","floor":10.0,"turns":4.0},{"damage":18.0,"enemies":"Gremlin Nob","floor":12.0,"turns":3.0},{"damage":31.0,"enemies":"Hexaghost","floor":16.0,"turns":7.0},{"damage":20.0,"enemies":"Chosen","floor":18.0,"turns":6.0},{"damage":18.0,"enemies":"3 Byrds","floor":19.0,"turns":6.0},{"damage":8.0,"enemies":"Snake Plant","floor":24.0,"turns":4.0},{"damage":19.0,"enemies":"Snecko","floor":27.0,"turns":5.0},{"damage":2.0,"enemies":"Centurion and Healer","floor":29.0,"turns":4.0},{"damage":5.0,"enemies":"3 Cultists","floor":31.0,"turns":5.0},{"damage":53.0,"enemies":"Champ","floor":33.0,"turns":9.0},{"damage":10.0,"enemies":"3 Shapes","floor":35.0,"turns":2.0},{"damage":14.0,"enemies":"Orb Walker","floor":36.0,"turns":5.0},{"damage":4.0,"enemies":"Mind Bloom Boss Battle","floor":38.0,"turns":4.0},{"damage":22.0,"enemies":"Reptomancer","floor":40.0,"turns":6.0},{"damage":0.0,"enemies":"Transient","floor":42.0,"turns":6.0},{"damage":14.0,"enemies":"Nemesis","floor":44.0,"turns":4.0},{"damage":3.0,"enemies":"4 Shapes","floor":46.0,"turns":3.0},{"damage":3.0,"enemies":"3 Darklings","floor":48.0,"turns":3.0},{"damage":50,"enemies":"Time Eater","floor":50,"turns":6}],"seed_played":"8972514125326105733","potions_obtained":[{"floor":4.0,"key":"Fruit Juice"},{"floor":10.0,"key":"CultistPotion"},{"floor":16.0,"key":"SkillPotion"},{"floor":18.0,"key":"AttackPotion"},{"floor":19.0,"key":"Swift Potion"},{"floor":33.0,"key":"Fire Potion"},{"floor":36.0,"key":"Ancient Potion"},{"floor":38.0,"key":"Ancient Potion"},{"floor":44.0,"key":"Swift Potion"}],"is_trial":false,"path_per_floor":["M","?","?","M","$","R","M","E","T","M","?","E","?","$","R","B",null,"M","M","?","$","?","R","M","?","T","M","$","M","R","M","R","B",null,"M","M","?","?","$","E","R","M","T","E","R","M","?","M","R","B",null],"character_chosen":"WATCHER","items_purchased":["WreathOfFlame","Devotion"],"campfire_rested":3,"item_purchase_floors":[21,28],"current_hp_per_floor":[72,58,58,58,58,58,58,52,52,52,52,34,34,34,39,33,77,57,39,39,39,39,39,31,31,31,12,12,10,33,28,51,23,77,67,53,53,73,73,51,51,51,51,37,60,59,59,58,58,27],"gold":296,"neow_bonus":"THREE_ENEMY_KILL","is_daily":false,"chose_seed":false,"campfire_upgraded":5,"win_rate":0.0,"timestamp":1611423163,"path_taken":["M","?","?","M","$","R","M","E","T","?","?","E","?","?","R","BOSS","M","M","?","$","?","R","M","?","T","M","$","M","R","M","R","BOSS","M","?","?","?","$","E","R","M","T","E","R","M","?","?","R","BOSS"],"items_purchased_type":["Card","Card"],"build_version":"2020-12-22","purchased_purges":4,"victory":true,"max_hp_per_floor":[72,72,72,72,72,72,72,72,72,72,72,72,72,72,77,77,77,77,77,77,77,77,77,77,77,77,77,77,77,77,77,77,77,77,77,77,77,77,77,77,77,77,77,77,77,77,77,77,77,77],"relic_stats":{"Blood Vial":6,"Busted Crown":16,"counters":[23,100],"Pantograph":91,"PreservedInsect":125,"Pen Nib":[2],"Black Star":2,"War Paint":["EmptyMind","WreathOfFlame"],"obtain_stats":[{"Lantern":40,"Calipers":26,"NeowsBlessing":0,"Damaru":40,"PreservedInsect":8,"Pen Nib":44,"War Paint":43,"Blood Vial":44,"Busted Crown":34,"Pantograph":12,"Black Star":17,"PureWater":0,"Pocketwatch":38},{"Lantern":18,"Calipers":10,"NeowsBlessing":0,"Damaru":18,"PreservedInsect":4,"Pen Nib":20,"War Paint":19,"Blood Vial":20,"Busted Crown":14,"Pantograph":6,"Black Star":7,"PureWater":0,"Pocketwatch":17},{"Lantern":78,"Calipers":38,"NeowsBlessing":0,"Damaru":78,"PreservedInsect":8,"Pen Nib":88,"War Paint":84,"Blood Vial":88,"Busted Crown":61,"Pantograph":15,"Black Star":22,"PureWater":0,"Pocketwatch":72}],"Pocketwatch":[15]},"card_choices":[{"not_picked":["JustLucky","EmptyFist"],"picked":"SandsOfTime","floor":1.0},{"not_picked":["Prostrate","Consecrate"],"picked":"Perseverance","floor":4.0},{"not_picked":["Evaluate","ThirdEye"],"picked":"Collect","floor":7.0},{"not_picked":["PathToVictory","EmptyFist"],"picked":"Worship","floor":8.0},{"not_picked":["ReachHeaven","Protect"],"picked":"WheelKick","floor":10.0},{"not_picked":["ThirdEye","Perseverance"],"picked":"Tantrum","floor":12.0},{"not_picked":["Establishment","Scrawl"],"picked":"ConjureBlade","floor":16.0},{"not_picked":["Fasting2","SashWhip"],"picked":"Evaluate+1","floor":18.0},{"not_picked":["EmptyMind","Halt","FlurryOfBlows+1"],"picked":"SKIP","floor":19.0},{"not_picked":["EmptyFist","Protect","FlurryOfBlows+1"],"picked":"SKIP","floor":24.0},{"not_picked":["PathToVictory","Protect+1","FlyingSleeves"],"picked":"SKIP","floor":27.0},{"not_picked":["Sanctity","EmptyBody"],"picked":"Prostrate+1","floor":29.0},{"not_picked":["BattleHymn","BowlingBash"],"picked":"Consecrate","floor":31.0},{"not_picked":["MasterReality","Devotion"],"picked":"Vault","floor":33.0},{"not_picked":[],"picked":"FollowUp+1","floor":35.0},{"not_picked":[],"picked":"EmptyMind","floor":36.0},{"not_picked":["TalkToTheHand"],"picked":"SKIP","floor":40.0},{"not_picked":["EmptyFist+1"],"picked":"SKIP","floor":42.0},{"not_picked":["LikeWater+1"],"picked":"SKIP","floor":44.0},{"not_picked":["SashWhip+1"],"picked":"SKIP","floor":46.0},{"not_picked":["EmptyBody"],"picked":"SKIP","floor":48.0}],"player_experience":616942,"relics_obtained":[{"floor":8.0,"key":"PreservedInsect"},{"floor":12.0,"key":"Pantograph"},{"floor":26.0,"key":"Calipers"},{"floor":38.0,"key":"Pocketwatch"},{"floor":40.0,"key":"Lantern"},{"floor":40.0,"key":"Damaru"},{"floor":43.0,"key":"War Paint"},{"floor":44.0,"key":"Pen Nib"},{"floor":44.0,"key":"Blood Vial"}],"event_choices":[{"damage_healed":0.0,"max_hp_gain":0.0,"max_hp_loss":0.0,"gold_gain":0.0,"event_name":"Shining Light","player_choice":"Entered Light","floor":2.0,"gold_loss":0.0,"damage_taken":14.0,"cards_upgraded":["Vigilance","Strike_P"]},{"cards_removed":["Strike_P"],"damage_healed":0.0,"max_hp_gain":0.0,"max_hp_loss":0.0,"gold_gain":0.0,"event_name":"Purifier","player_choice":"Purged","floor":3.0,"gold_loss":0.0,"damage_taken":0.0},{"cards_removed":["Strike_P"],"damage_healed":0.0,"max_hp_gain":0.0,"max_hp_loss":0.0,"gold_gain":0.0,"event_name":"The Cleric","player_choice":"Card Removal","floor":11.0,"gold_loss":50.0,"damage_taken":0.0},{"damage_healed":0.0,"max_hp_gain":0.0,"max_hp_loss":0.0,"gold_gain":0.0,"event_name":"Golden Idol","player_choice":"Ignored","floor":13.0,"gold_loss":0.0,"damage_taken":0.0},{"damage_healed":0.0,"max_hp_gain":0.0,"max_hp_loss":0.0,"gold_gain":0.0,"event_name":"Back to Basics","player_choice":"Simplicity","floor":20.0,"gold_loss":0.0,"damage_taken":0.0,"cards_upgraded":["Strike_P","Defend_P","Defend_P","Defend_P"]},{"damage_healed":0.0,"max_hp_gain":0.0,"max_hp_loss":0.0,"gold_gain":0.0,"event_name":"Ghosts","player_choice":"Ignored","floor":22.0,"gold_loss":0.0,"damage_taken":0.0},{"damage_healed":0.0,"max_hp_gain":0.0,"max_hp_loss":0.0,"gold_gain":275.0,"event_name":"Golden Shrine","player_choice":"Desecrate","floor":25.0,"gold_loss":0.0,"damage_taken":0.0,"cards_obtained":["Regret"]},{"damage_healed":0.0,"max_hp_gain":0.0,"max_hp_loss":0.0,"gold_gain":0.0,"event_name":"Mysterious Sphere","player_choice":"Ignored","floor":37.0,"gold_loss":0.0,"damage_taken":0.0},{"damage_healed":0.0,"max_hp_gain":0.0,"max_hp_loss":0.0,"gold_gain":0.0,"event_name":"MindBloom","player_choice":"Fight","floor":38.0,"gold_loss":0.0,"damage_taken":0.0},{"damage_healed":0.0,"max_hp_gain":0.0,"max_hp_loss":0.0,"gold_gain":0.0,"event_name":"Duplicator","player_choice":"Copied","floor":47.0,"gold_loss":0.0,"damage_taken":0.0,"cards_obtained":["Vault"]}],"is_beta":false,"boss_relics":[{"not_picked":["Astrolabe","Ectoplasm"],"picked":"Black Star"},{"not_picked":["VioletLotus","Tiny House"],"picked":"Busted Crown"}],"items_purged_floors":[5,14,28,39],"is_endless":false,"potions_floor_spawned":[4,10,16,18,19,33,36,38,44],"ascension_level":0}}