{"host":"sian7qp8a9pc9xwd","time":1611416519,"event":{"mods":["BaseMod","Minty Spire (QoL Compilation)","StSLib","SuperFastMode"],"gold_per_floor":[109,109,109,127,42,42,72,82,82,100,275,285,45,74,74,170,170,189,208,62,74,74,74,74,74,97,97,111,111,111],"floor_reached":29,"language":"ENG","playtime":1356,"items_purged":[],"score":387,"play_id":"29eb2e0b-a8da-4fb3-add7-81876b11b981","local_time":"20210123104159","is_ascension_mode":true,"campfire_choices":[{"data":"Dark Shackles","floor":6,"key":"SMITH"},{"data":"Dark Embrace","floor":15,"key":"SMITH"},{"data":"Evolve","floor":23,"key":"SMITH"},{"floor":25,"key":"REST"},{"data":"Wild Strike","floor":27,"key":"SMITH"}],"circlet_count":0,"master_deck":["AscendersBane","Strike_R","Strike_R","Strike_R","Strike_R","Strike_R","Defend_R+1","Defend_R","Defend_R+1","Defend_R","Bash+1","Power Through","Dark Shackles+1","Wild Strike+1","Shrug It Off","Evolve+1","Doubt","Finesse","Dark Embrace+1","Shrug It Off+1","Shame","Armaments+1"],"relics":["Burning Blood","NeowsBlessing","White Beast Statue","Bronze Scales","War Paint","Blue Candle","SlaversCollar","PreservedInsect","Omamori","MealTicket"],"acts_visited":["Exordium","TheCity"],"potions_floor_usage":[16,16,19,21],"damage_taken":[{"damage":0,"enemies":"2 Louse","floor":1,"turns":2},{"damage":0,"enemies":"Small Slimes","floor":4,"turns":1},{"damage":0,"enemies":"Lagavulin","floor":7,"turns":1},{"damage":1,"enemies":"Cultist","floor":8,"turns":4},{"damage":0,"enemies":"2 Fungi Beasts","floor":10,"turns":3},{"damage":6,"enemies":"Exordium Wildlife","floor":12,"turns":4},{"damage":38,"enemies":"Gremlin Nob","floor":14,"turns":6},{"damage":29,"enemies":"The Guardian","floor":16,"turns":11},{"damage":34,"enemies":"Spheric Guardian","floor":18,"turns":10},{"damage":15,"enemies":"Shell Parasite","floor":19,"turns":4},{"damage":29,"enemies":"Snake Plant","floor":21,"turns":7},{"damage":13,"enemies":"Snecko","floor":28,"turns":5},{"damage":19,"enemies":"Centurion and Healer","floor":29,"turns":6}],"seed_played":"8914962461919923880","potions_obtained":[{"floor":1,"key":"Strength Potion"},{"floor":8,"key":"Strength Potion"},{"floor":10,"key":"ElixirPotion"},{"floor":12,"key":"DuplicationPotion"},{"floor":16,"key":"HeartOfIron"},{"floor":18,"key":"AttackPotion"},{"floor":19,"key":"Strength Potion"},{"floor":21,"key":"SkillPotion"}],"is_trial":false,"path_per_floor":["M","?","?","M","$","R","E","M","T","M","?","M","$","E","R","B",null,"M","M","$","M","?","R","$","R","T","R","M","M"],"character_chosen":"IRONCLAD","items_purchased":["Dark Shackles","War Paint","Finesse","PreservedInsect"],"campfire_rested":1,"item_purchase_floors":[5,13,13,20],"current_hp_per_floor":[78,83,83,85,85,85,85,85,85,85,85,85,85,53,53,30,71,43,34,34,11,11,11,11,36,36,36,29,10,10],"gold":111,"neow_bonus":"THREE_ENEMY_KILL","is_daily":false,"chose_seed":false,"campfire_upgraded":4,"win_rate":0.0,"timestamp":1611416519,"path_taken":["M","?","?","M","$","R","E","M","T","?","?","M","?","E","R","BOSS","M","M","$","M","?","R","$","R","T","R","M","M"],"items_purchased_type":["Card","Relic","Card","Relic"],"build_version":"2020-12-22","purchased_purges":0,"victory":false,"max_hp_per_floor":[80,85,85,85,85,85,85,85,85,85,85,85,85,85,85,85,85,85,85,85,85,85,85,85,85,85,85,85,85,85],"card_choices":[{"not_picked":["Anger","Headbutt"],"picked":"Power Through","floor":1},{"not_picked":["Intimidate","Havoc","Heavy Blade"],"picked":"SKIP","floor":4},{"not_picked":["Twin Strike","Dark Embrace"],"picked":"Wild Strike","floor":7},{"not_picked":["Flame Barrier","Sever Soul"],"picked":"Shrug It Off","floor":8},{"not_picked":["Bludgeon","Heavy Blade"],"picked":"Evolve","floor":10},{"not_picked":["Whirlwind","Uppercut","Iron Wave"],"picked":"SKIP","floor":12},{"not_picked":["Headbutt","Iron Wave"],"picked":"Dark Embrace","floor":14},{"not_picked":["Shrug It Off","Heavy Blade","Body Slam"],"picked":"SKIP","floor":18},{"not_picked":["Perfected Strike","Pommel Strike"],"picked":"Shrug It Off+1","floor":19},{"not_picked":["True Grit","Pommel Strike","Thunderclap+1"],"picked":"SKIP","floor":21},{"not_picked":["Rampage","Disarm+1"],"picked":"Armaments+1","floor":28}],"player_experience":766663,"relics_obtained":[{"floor":7,"key":"White Beast Statue"},{"floor":9,"key":"Bronze Scales"},{"floor":14,"key":"Blue Candle"},{"floor":26,"key":"MealTicket"}],"event_choices":[{"damage_healed":0,"gold_gain":0,"player_choice":"Donut","damage_taken":0,"max_hp_gain":5,"max_hp_loss":0,"event_name":"Big Fish","floor":2,"gold_loss":0},{"damage_healed":0,"gold_gain":0,"player_choice":"Upgraded","damage_taken":0,"max_hp_gain":0,"max_hp_loss":0,"event_name":"Upgrade Shrine","floor":3,"gold_loss":0,"cards_upgraded":["Bash"]},{"damage_healed":0,"gold_gain":175,"player_choice":"AGREE","damage_taken":0,"max_hp_gain":0,"max_hp_loss":0,"event_name":"Liars Game","floor":11,"gold_loss":0,"cards_obtained":["Doubt"]},{"damage_healed":0,"gold_gain":0,"player_choice":"Stole Relic","damage_taken":0,"relics_obtained":["Omamori"],"max_hp_gain":0,"max_hp_loss":0,"event_name":"Addict","floor":22,"gold_loss":0,"cards_obtained":["Shame"]}],"is_beta":false,"boss_relics":[{"not_picked":["Astrolabe","Runic Cube"],"picked":"SlaversCollar"}],"items_purged_floors":[],"is_endless":false,"potions_floor_spawned":[1,8,10,12,14,16,18,19,21,28],"killed_by":"Centurion and Healer","ascension_level":10}}