{"host":"a1eatafr7pisesky","time":1611420400,"event":{"mods":["AchievementEnabler","BaseMod","Colored Map","Keyboard Shortcuts","Minty Spire (QoL Compilation)","Say the Spire","StSLib","SuperFastMode","everything is the same but u backflip on backflip"],"gold_per_floor":[110,110,185,205,130,170,190,190,190,11,36,69,83,83,83,207,207,223,75,99,99,23,23,23],"floor_reached":23,"language":"KOR","playtime":476,"items_purged":["Strike_B","Strike_B"],"score":336,"play_id":"4be9f923-7345-4fdc-ae3b-549575937a6c","local_time":"20210124014640","is_ascension_mode":true,"campfire_choices":[{"floor":8,"key":"REST"},{"floor":15,"key":"REST"}],"circlet_count":0,"master_deck":["AscendersBane","Strike_B","Defend_B","Defend_B","Defend_B","Defend_B","Zap","Dualcast","Redo","Sweeping Beam","Biased Cognition","Recycle","Defragment","Genetic Algorithm","Ball Lightning","Core Surge","BootSequence","Conserve Battery"],"relics":["Cracked Core","NeowsBlessing","Golden Idol","Letter Opener","Anchor","Symbiotic Virus","Inserter","OrangePellets"],"acts_visited":["Exordium","TheCity"],"potions_floor_usage":[11,12,16,16],"damage_taken":[{"damage":0,"enemies":"Jaw Worm","floor":1,"turns":1},{"damage":0,"enemies":"Small Slimes","floor":4,"turns":1},{"damage":0,"enemies":"3 Sentries","floor":6,"turns":1},{"damage":17,"enemies":"2 Louse","floor":7,"turns":3},{"damage":9,"enemies":"Gremlin Gang","floor":11,"turns":3},{"damage":22,"enemies":"Gremlin Nob","floor":12,"turns":3},{"damage":3,"enemies":"Lots of Slimes","floor":13,"turns":2},{"damage":20,"enemies":"The Guardian","floor":16,"turns":8},{"damage":38,"enemies":"3 Byrds","floor":18,"turns":5},{"damage":18,"enemies":"2 Thieves","floor":20,"turns":4},{"damage":4,"enemies":"Book of Stabbing","floor":23,"turns":2}],"seed_played":"3849133828953024708","potions_obtained":[{"floor":6,"key":"Block Potion"},{"floor":7,"key":"EssenceOfDarkness"},{"floor":11,"key":"SneckoOil"},{"floor":13,"key":"SneckoOil"},{"floor":20,"key":"Ancient Potion"}],"is_trial":false,"path_per_floor":["M","?","?","M","$","E","M","R","T","$","M","E","M","?","R","B",null,"M","$","M","?","$","E"],"character_chosen":"DEFECT","items_purchased":["Defragment","OrangePellets","Weak Potion","Conserve Battery"],"campfire_rested":2,"item_purchase_floors":[10,19,22,22],"current_hp_per_floor":[68,50,39,39,39,39,22,44,44,44,35,13,10,10,32,12,59,21,21,3,3,3,0,0],"gold":23,"neow_bonus":"THREE_ENEMY_KILL","is_daily":false,"chose_seed":false,"campfire_upgraded":0,"win_rate":0.0,"timestamp":1611420400,"path_taken":["M","?","?","M","$","E","M","R","T","$","M","E","M","?","R","BOSS","M","$","M","?","$","E"],"items_purchased_type":["Card","Relic","Potion","Card"],"build_version":"2020-12-22","purchased_purges":2,"victory":false,"max_hp_per_floor":[75,75,75,75,75,75,75,75,75,75,75,75,75,75,75,75,75,75,75,75,75,75,75,75],"card_choices":[{"not_picked":["Fusion","Darkness"],"picked":"Redo","floor":1},{"not_picked":["Streamline","Steam Power"],"picked":"Sweeping Beam","floor":4},{"not_picked":["Redo","Hologram"],"picked":"Biased Cognition","floor":6},{"not_picked":["Skim","Compile Driver"],"picked":"Recycle","floor":7},{"not_picked":["Loop","Reinforced Body","Sweeping Beam"],"picked":"SKIP","floor":11},{"not_picked":["Beam Cell","Chaos"],"picked":"Genetic Algorithm","floor":12},{"not_picked":["Sweeping Beam","Static Discharge"],"picked":"Ball Lightning","floor":13},{"not_picked":["Echo Form","Machine Learning"],"picked":"Core Surge","floor":16},{"not_picked":["Scrape","Tempest"],"picked":"BootSequence","floor":18},{"not_picked":["Leap","Streamline+1","Double Energy"],"picked":"SKIP","floor":20}],"player_experience":342904,"relics_obtained":[{"floor":6,"key":"Letter Opener"},{"floor":9,"key":"Anchor"},{"floor":12,"key":"Symbiotic Virus"}],"event_choices":[{"damage_healed":0,"gold_gain":0,"player_choice":"Take Damage","damage_taken":18,"relics_obtained":["Golden Idol"],"max_hp_gain":0,"max_hp_loss":0,"event_name":"Golden Idol","floor":2,"gold_loss":0},{"damage_healed":0,"gold_gain":75,"player_choice":"Gather Gold","damage_taken":11,"max_hp_gain":0,"max_hp_loss":0,"event_name":"World of Goop","floor":3,"gold_loss":0},{"damage_healed":0,"gold_gain":0,"player_choice":"Ignored","damage_taken":0,"max_hp_gain":0,"max_hp_loss":0,"event_name":"Shining Light","floor":14,"gold_loss":0},{"cards_removed":["Strike_B"],"damage_healed":0,"gold_gain":0,"player_choice":"Offered Basic","damage_taken":0,"max_hp_gain":0,"max_hp_loss":0,"event_name":"Bonfire Elementals","floor":21,"gold_loss":0}],"is_beta":false,"boss_relics":[{"not_picked":["Fusion Hammer","Velvet Choker"],"picked":"Inserter"}],"items_purged_floors":[5,10],"is_endless":false,"potions_floor_spawned":[6,7,11,13,20],"killed_by":"Book of Stabbing","ascension_level":10}}