{"host":"swphzoo6hmc78epl","time":1611438388,"event":{"mods":["BaseMod","Highlight Path","Minty Spire (QoL Compilation)","Quick Restart"],"gold_per_floor":[112,112,124,134,59,59,9,29,29,48,66,80,80,95,95,196,196,214,214,313,313,326,326,656,260,260,260,289,301,329,358,370,483,495,517,529,125,143,143,143,192,192,192],"floor_reached":42,"language":"ENG","playtime":1633,"items_purged":["Strike_P","Strike_P","Strike_P"],"score":623,"play_id":"70a81713-a08e-4e23-976d-a5aa23cdb885","local_time":"20210123164628","is_ascension_mode":true,"campfire_choices":[{"data":"Eruption","floor":6,"key":"SMITH"},{"data":"ForeignInfluence","floor":15,"key":"SMITH"},{"data":"MasterReality","floor":23,"key":"SMITH"},{"floor":27,"key":"REST"},{"data":"Vault","floor":29,"key":"SMITH"},{"floor":32,"key":"REST"},{"floor":40,"key":"RECALL"}],"circlet_count":0,"master_deck":["Defend_P","Defend_P","Defend_P","Defend_P","Eruption+1","Vigilance","CarveReality+1","LikeWater","FollowUp","Wallop","ForeignInfluence+1","SashWhip","Establishment","FlurryOfBlows","MasterReality+1","FollowUp+1","Sanctity","SandsOfTime","Vault+1","BattleHymn","Wish","Judgement","Crescendo","Chrysalis","ClearTheMind+1","Well Laid Plans+1"],"relics":["PureWater","NeowsBlessing","Ice Cream","InkBottle","Black Star","Old Coin","Mercury Hourglass","Vajra","HornCleat","Darkstone Periapt","MawBank","Runic Pyramid","PrismaticShard","Happy Flower","Calipers"],"acts_visited":["Exordium","TheCity","TheBeyond"],"potions_floor_usage":[8,16,24,33,41,42],"damage_taken":[{"damage":0,"enemies":"Jaw Worm","floor":1,"turns":1},{"damage":0,"enemies":"Cultist","floor":3,"turns":1},{"damage":0,"enemies":"2 Louse","floor":4,"turns":1},{"damage":0,"enemies":"Exordium Wildlife","floor":8,"turns":3},{"damage":8,"enemies":"Large Slime","floor":10,"turns":3},{"damage":0,"enemies":"3 Louse","floor":11,"turns":2},{"damage":0,"enemies":"Blue Slaver","floor":12,"turns":4},{"damage":13,"enemies":"Large Slime","floor":14,"turns":3},{"damage":0,"enemies":"Slime Boss","floor":16,"turns":4},{"damage":0,"enemies":"Spheric Guardian","floor":18,"turns":1},{"damage":4,"enemies":"Chosen","floor":22,"turns":5},{"damage":26,"enemies":"Slavers","floor":24,"turns":3},{"damage":14,"enemies":"Book of Stabbing","floor":28,"turns":6},{"damage":21,"enemies":"Snake Plant","floor":30,"turns":4},{"damage":0,"enemies":"3 Cultists","floor":31,"turns":5},{"damage":59,"enemies":"Champ","floor":33,"turns":9},{"damage":6,"enemies":"Orb Walker","floor":35,"turns":4},{"damage":20,"enemies":"3 Shapes","floor":38,"turns":2},{"damage":25,"enemies":"2 Orb Walkers","floor":41,"turns":6},{"damage":15,"enemies":"Nemesis","floor":42,"turns":2}],"seed_played":"1401594970444500477","potions_obtained":[{"floor":4,"key":"Block Potion"},{"floor":8,"key":"FairyPotion"},{"floor":11,"key":"Swift Potion"},{"floor":14,"key":"BottledMiracle"},{"floor":28,"key":"LiquidBronze"},{"floor":31,"key":"Regen Potion"},{"floor":33,"key":"BottledMiracle"},{"floor":41,"key":"LiquidMemories"}],"is_trial":false,"path_per_floor":["M","?","M","M","$","R","?","M","T","M","M","M","T","M","R","B",null,"M","?","?","?","M","R","E","$","T","R","E","R","M","M","R","B",null,"M","?","$","M","?","R","?","E"],"character_chosen":"WATCHER","items_purchased":["Vajra","Vault","PrismaticShard","Happy Flower"],"campfire_rested":2,"item_purchase_floors":[25,25,37,37],"current_hp_per_floor":[72,72,72,72,72,72,72,72,72,64,64,64,64,51,51,51,67,67,67,67,54,50,50,24,24,24,47,33,33,12,12,35,23,64,58,58,58,38,38,38,13,0,0],"gold":192,"neow_bonus":"THREE_ENEMY_KILL","is_daily":false,"chose_seed":false,"campfire_upgraded":4,"win_rate":0.0,"timestamp":1611438388,"path_taken":["M","?","?","M","$","R","?","M","T","M","M","M","?","M","R","BOSS","M","?","?","?","M","R","E","$","T","R","E","R","M","M","R","BOSS","M","?","$","M","?","R","?","E"],"items_purchased_type":["Relic","Card","Relic","Relic"],"build_version":"2020-12-22","purchased_purges":3,"victory":false,"max_hp_per_floor":[72,72,72,72,72,72,72,72,72,72,72,72,72,72,72,72,72,72,72,72,77,77,77,77,77,77,77,77,77,77,77,77,77,77,77,77,77,77,77,77,77,77,77],"card_choices":[{"not_picked":["CrushJoints","Prostrate"],"picked":"CarveReality","floor":1},{"not_picked":["ThirdEye","Protect"],"picked":"LikeWater","floor":3},{"not_picked":["CrushJoints","PathToVictory"],"picked":"FollowUp","floor":4},{"not_picked":["JustLucky","CrushJoints"],"picked":"Wallop","floor":8},{"not_picked":["Evaluate","Swivel"],"picked":"ForeignInfluence","floor":10},{"not_picked":["Wireheading","MentalFortress"],"picked":"SashWhip","floor":11},{"not_picked":["Perseverance","Evaluate"],"picked":"Establishment","floor":12},{"not_picked":["MentalFortress","JustLucky"],"picked":"FlurryOfBlows","floor":14},{"not_picked":["Vault","Brilliance"],"picked":"MasterReality","floor":16},{"not_picked":["Study","EmptyFist"],"picked":"FollowUp+1","floor":18},{"not_picked":["BowlingBash","Indignation"],"picked":"Sanctity","floor":22},{"not_picked":["Weave","FlyingSleeves+1"],"picked":"SandsOfTime","floor":24},{"not_picked":["BowlingBash","Protect"],"picked":"WaveOfTheHand+1","floor":28},{"not_picked":["Crescendo","CutThroughFate+1"],"picked":"BattleHymn","floor":30},{"not_picked":["PathToVictory","JustLucky"],"picked":"Wish","floor":31},{"not_picked":["DevaForm","Blasphemy"],"picked":"Judgement","floor":33},{"not_picked":["Study","BowlingBash"],"picked":"Crescendo","floor":35},{"not_picked":["Dramatic Entrance","Secret Technique"],"picked":"Chrysalis","floor":36},{"not_picked":["Deadly Poison+1","Whirlwind+1"],"picked":"ClearTheMind+1","floor":38},{"not_picked":["Backflip+1","Tools of the Trade"],"picked":"Well Laid Plans+1","floor":41}],"player_experience":815701,"relics_obtained":[{"floor":9,"key":"Ice Cream"},{"floor":13,"key":"InkBottle"},{"floor":24,"key":"Old Coin"},{"floor":24,"key":"Mercury Hourglass"},{"floor":26,"key":"HornCleat"},{"floor":28,"key":"Darkstone Periapt"},{"floor":28,"key":"MawBank"},{"floor":41,"key":"Calipers"}],"event_choices":[{"damage_healed":0,"gold_gain":0,"player_choice":"Upgraded","damage_taken":0,"max_hp_gain":0,"max_hp_loss":0,"event_name":"Upgrade Shrine","floor":2,"gold_loss":0,"cards_upgraded":["CarveReality"]},{"cards_removed":["Strike_P"],"damage_healed":0,"gold_gain":0,"player_choice":"Card Removal","damage_taken":0,"max_hp_gain":0,"max_hp_loss":0,"event_name":"The Cleric","floor":7,"gold_loss":50},{"damage_healed":0,"gold_gain":0,"player_choice":"Ignored","damage_taken":0,"max_hp_gain":0,"max_hp_loss":0,"event_name":"Vampires","floor":19,"gold_loss":0},{"damage_healed":0,"gold_gain":99,"player_choice":"Stole From Cult","damage_taken":0,"max_hp_gain":0,"max_hp_loss":0,"event_name":"Nest","floor":20,"gold_loss":0},{"damage_healed":0,"gold_gain":0,"player_choice":"Shed Blood","damage_taken":18,"max_hp_gain":5,"max_hp_loss":0,"event_name":"Forgotten Altar","floor":21,"gold_loss":0},{"damage_healed":0,"gold_gain":0,"player_choice":"Memory 1","damage_taken":0,"max_hp_gain":0,"max_hp_loss":0,"event_name":"SensoryStone","floor":36,"gold_loss":0},{"cards_removed":["WaveOfTheHand"],"damage_healed":0,"gold_gain":0,"player_choice":"Removed Skill","damage_taken":0,"max_hp_gain":0,"max_hp_loss":0,"event_name":"Falling","floor":39,"gold_loss":0},{"damage_healed":0,"gold_gain":0,"player_choice":"Fight","damage_taken":0,"max_hp_gain":0,"max_hp_loss":0,"event_name":"Mysterious Sphere","floor":41,"gold_loss":0}],"is_beta":false,"boss_relics":[{"not_picked":["VioletLotus","Philosopher\u0027s Stone"],"picked":"Black Star"},{"not_picked":["Coffee Dripper","Velvet Choker"],"picked":"Runic Pyramid"}],"items_purged_floors":[5,25,37],"is_endless":false,"potions_floor_spawned":[4,8,11,14,28,31,33,41],"killed_by":"Nemesis","ascension_level":5}}