{"host":"y5l5jq411zt8gv60","time":1611431330,"event":{"mods":["BaseMod","BetterRewards","Colored Powertips","Highlight Path","Minty Spire (QoL Compilation)","Shop Mod","StSLib","The Construct"],"gold_per_floor":[114,124,124,143,157,184,284,304,304,304,318,333,343,360,360,457,457,472,458,468,200,200,200,200],"floor_reached":23,"language":"ENG","playtime":1694,"items_purged":[],"score":274,"play_id":"0e685b1f-0ac7-4bf8-afb0-befa61827cfc","local_time":"20210123144850","is_ascension_mode":false,"campfire_choices":[{"data":"construct:GuardCore","floor":10,"key":"SMITH"},{"floor":15,"key":"REST"}],"circlet_count":0,"master_deck":["construct:Strike_Gold","construct:Strike_Gold","construct:Strike_Gold","construct:Strike_Gold","construct:Strike_Gold","construct:Defend_Gold","construct:Defend_Gold","construct:Defend_Gold","construct:Defend_Gold","construct:Defend_Gold","construct:AttackMode","construct:DefenseMode","construct:Impenetrable","construct:GuardCore+1","construct:SaveState","construct:Autoturret","construct:ShiftStrike","construct:PointDefense","construct:Failsafe","construct:ChargeShot","construct:ScopeCore","CurseOfTheBell","construct:Tumble+1","construct:Autoturret","construct:Synchronize+1"],"relics":["construct:Cogwheel","CaptainsWheel","construct:MasterCore","MerchantsRug","Ice Cream","construct:FoamFinger","Calling Bell","Anchor","Eternal Feather","WingedGreaves","construct:PurpleEmber"],"acts_visited":["Exordium","TheCity"],"potions_floor_usage":[12],"damage_taken":[{"damage":7,"enemies":"2 Louse","floor":1,"turns":3},{"damage":0,"enemies":"Small Slimes","floor":2,"turns":3},{"damage":1,"enemies":"Cultist","floor":4,"turns":5},{"damage":4,"enemies":"3 Louse","floor":5,"turns":4},{"damage":0,"enemies":"Lagavulin","floor":6,"turns":6},{"damage":12,"enemies":"Blue Slaver","floor":8,"turns":5},{"damage":0,"enemies":"Large Slime","floor":11,"turns":5},{"damage":0,"enemies":"Looter","floor":12,"turns":4},{"damage":11,"enemies":"2 Fungi Beasts","floor":13,"turns":3},{"damage":7,"enemies":"Blue Slaver","floor":14,"turns":4},{"damage":0,"enemies":"Slime Boss","floor":16,"turns":5},{"damage":7,"enemies":"Spheric Guardian","floor":18,"turns":5},{"damage":9,"enemies":"2 Thieves","floor":19,"turns":4},{"damage":14,"enemies":"Chosen and Byrds","floor":20,"turns":6},{"damage":60,"enemies":"Slavers","floor":23,"turns":2}],"seed_played":"8118533200532898146","potions_obtained":[{"floor":2,"key":"PowerPotion"},{"floor":5,"key":"Dexterity Potion"},{"floor":6,"key":"GamblersBrew"},{"floor":14,"key":"Ancient Potion"}],"is_trial":false,"path_per_floor":["M","M","?","M","M","E","?","M","T","R","M","M","M","M","R","B",null,"M","M","M","$","?","E"],"character_chosen":"THE_CONSTRUCT_MOD","items_purchased":["construct:MasterCore","MerchantsRug","construct:PurpleEmber"],"campfire_rested":1,"item_purchase_floors":[0,0,21],"current_hp_per_floor":[52,52,57,56,52,52,52,40,40,40,40,40,29,22,49,49,90,83,74,60,60,60,0,0],"gold":200,"neow_bonus":"","is_daily":false,"chose_seed":false,"campfire_upgraded":1,"win_rate":0.0,"timestamp":1611431330,"path_taken":["M","M","?","M","M","E","?","M","T","R","M","M","M","M","R","BOSS","M","?","M","$","?","E"],"items_purchased_type":["Relic","Relic","Relic"],"build_version":"2020-12-22","purchased_purges":0,"victory":false,"max_hp_per_floor":[85,85,90,90,90,90,90,90,90,90,90,90,90,90,90,90,90,90,90,90,90,90,90,90],"card_choices":[{"not_picked":["construct:Backfire","construct:SweepLaser"],"picked":"construct:GuardCore","floor":1},{"not_picked":["construct:HeavyBolt","construct:Reinforce"],"picked":"construct:SaveState","floor":2},{"not_picked":["construct:Versatility","construct:ScrapCannon"],"picked":"construct:Autoturret","floor":4},{"not_picked":["construct:MassProduction","construct:Anticipate"],"picked":"construct:ShiftStrike","floor":5},{"not_picked":["construct:SaveState","construct:Boost"],"picked":"construct:PointDefense","floor":6},{"not_picked":["construct:ShiftStrike","construct:Antimatter"],"picked":"construct:Failsafe","floor":8},{"not_picked":["construct:Backfire","construct:ScrapCannon","construct:FocusedBeam"],"picked":"SKIP","floor":11},{"not_picked":["construct:FlakBarrage","construct:ScrapCannon"],"picked":"construct:ChargeShot","floor":12},{"not_picked":["construct:Impenetrable","construct:SuppressiveFire"],"picked":"construct:ScopeCore","floor":13},{"not_picked":["construct:Anticipate","construct:VentSteam","construct:Boost"],"picked":"SKIP","floor":14},{"not_picked":["construct:HeavyBolt+1","construct:Versatility"],"picked":"construct:Tumble+1","floor":18},{"not_picked":["construct:ShiftStrike","construct:Disrupt"],"picked":"construct:Autoturret","floor":19},{"not_picked":["construct:Forcefield+1","construct:Disrupt"],"picked":"construct:Synchronize+1","floor":20}],"player_experience":152965,"relics_obtained":[{"floor":6,"key":"Ice Cream"},{"floor":9,"key":"construct:FoamFinger"},{"floor":17,"key":"Anchor"},{"floor":17,"key":"Eternal Feather"},{"floor":17,"key":"WingedGreaves"}],"event_choices":[{"damage_healed":0,"gold_gain":0,"player_choice":"Donut","damage_taken":0,"max_hp_gain":5,"max_hp_loss":0,"event_name":"Big Fish","floor":3,"gold_loss":0},{"damage_healed":0,"gold_gain":100,"player_choice":"Pray","damage_taken":0,"max_hp_gain":0,"max_hp_loss":0,"event_name":"Golden Shrine","floor":7,"gold_loss":0},{"damage_healed":0,"gold_gain":0,"player_choice":"Ignored","damage_taken":0,"max_hp_gain":0,"max_hp_loss":0,"event_name":"Vampires","floor":22,"gold_loss":0}],"is_beta":false,"boss_relics":[{"not_picked":["Velvet Choker","construct:WeddingRing"],"picked":"Calling Bell"}],"items_purged_floors":[],"is_endless":false,"potions_floor_spawned":[2,5,6,11,14,19],"killed_by":"Slavers","ascension_level":0}}