{"host":"r10yh36zs2k9z1sa","time":1611413029,"event":{"mods":["AchievementEnabler","Act Like it!","Aspiration","Astrologer","BaseMod","Colored Map","Conspire","Decade(¤ý¤p©ú)","Gensokyo","Hermit","Highlight Path","KinomotoSakuraMod(¤ì¤§¥»?)","Koishi","KomeijiMod","Marisa¡]Ãú«B¡@Å]²z¨F¡^","Minty Spire (QoL Compilation)","Permanent Neow","Quick Restart","Reimu¡]³Õ???¡^","Remilia¡]Á¢¦Ì²ú?¡^","StSLib","SuperFastMode","The Administrix","The Animator","The Bug Knight","The Cursed","The Gatherer","The Marked","The Mystic","The Saiyan","The Senshi","The Servant 0.9.4","Youmu¡]»î¾z§¯?¡^","Yuri Mod","Yuyuko"],"gold_per_floor":[114,114,114,127,27,27,60,60],"floor_reached":7,"language":"ZHS","playtime":282,"items_purged":[],"score":41,"play_id":"6475bca1-3d6b-41a5-8f95-ac66f1e599d0","local_time":"20210123224349","is_ascension_mode":true,"campfire_choices":[{"data":"NB:ReiMu","floor":6,"key":"SMITH"}],"circlet_count":0,"master_deck":["Strike_Lin:ReiMu","Strike_Lin:ReiMu","Strike_Lin:ReiMu","Strike_Lin:ReiMu","Defend_Lin:ReiMu","Defend_Lin:ReiMu","Defend_Lin:ReiMu","Defend_Lin:ReiMu","NB:ReiMu+1","Stagnation:ReiMu","Dramatic Entrance","YinYangSange:ReiMu","conspire:SpireCoStock+1","conspire:SpireCoStock+1"],"relics":["FlyPower:ReiMu","Toxic Egg 2"],"acts_visited":["Exordium"],"potions_floor_usage":[7,7],"damage_taken":[{"damage":0,"enemies":"Small Slimes","floor":1,"turns":3},{"damage":6,"enemies":"conspire:RoseBush","floor":4,"turns":4},{"damage":48,"enemies":"Gremlin Nob","floor":7,"turns":7}],"seed_played":"7901647909127673050","potions_obtained":[{"floor":1,"key":"CalmPotion"},{"floor":4,"key":"CalmPotion"}],"is_trial":false,"path_per_floor":["M","?","?","M","?","R","E"],"character_chosen":"REIMU","items_purchased":[],"campfire_rested":0,"item_purchase_floors":[],"current_hp_per_floor":[65,65,65,59,59,59,11,11],"gold":60,"neow_bonus":"RANDOM_COLORLESS","is_daily":false,"chose_seed":false,"campfire_upgraded":1,"win_rate":0.0,"timestamp":1611413029,"path_taken":["M","?","?","M","?","R","E"],"items_purchased_type":[],"build_version":"2020-12-22","purchased_purges":0,"victory":false,"max_hp_per_floor":[65,65,65,65,65,65,65,65],"card_choices":[{"not_picked":["Forethought","Jack Of All Trades"],"picked":"Dramatic Entrance","floor":0},{"not_picked":["YinYangSign:ReiMu","Crusade:ReiMu"],"picked":"YinYangSange:ReiMu","floor":1},{"not_picked":["ForcedLanding:ReiMu","UniversalSpiritual:ReiMu","FantasyBorder:ReiMu+1"],"picked":"SKIP","floor":4}],"player_experience":315669,"relics_obtained":[],"event_choices":[{"damage_healed":0,"gold_gain":0,"player_choice":"Invest 2","damage_taken":0,"max_hp_gain":0,"max_hp_loss":0,"event_name":"conspire:Investor","floor":5,"gold_loss":0}],"is_beta":false,"boss_relics":[],"items_purged_floors":[],"is_endless":false,"potions_floor_spawned":[1,4],"killed_by":"Gremlin Nob","ascension_level":1}}