{"host":"gg","time":1611390533,"event":{"mods":["BaseMod","Colored Map","Googly Eyes","Minty Spire (QoL Compilation)","Permanent Neow","Relic Stats","The IronCluck"],"gold_per_floor":[111,123,48,98,110,143,170,200,223,242,261,411,30,44,44,119,119,133,133,151,165,165,165,165,165],"floor_reached":24,"language":"ENG","playtime":1236,"items_purged":["Doubt"],"score":436,"play_id":"60cccb2b-e78a-4994-848c-5ff5d6ca2644","local_time":"20210123002853","is_ascension_mode":true,"campfire_choices":[{"floor":15,"key":"REST"},{"floor":23,"key":"REST"}],"circlet_count":0,"master_deck":["AscendersBane","Strike_P+1","Strike_P+1","Strike_P+1","Defend_P+1","Eruption+1","Vigilance+1","InnerPeace+1","LessonLearned+1","Meditate+1","FlurryOfBlows+1","BowlingBash+1","CutThroughFate","TalkToTheHand+1","CrushJoints","CutThroughFate","CutThroughFate","Tantrum+1","ThirdEye","Prostrate+1","Devotion+1","Sanctity","Consecrate+1"],"relics":["Astrolabe","WingedGreaves","Dream Catcher","Regal Pillow","Ancient Tea Set","Pen Nib","Fusion Hammer"],"acts_visited":["Exordium","TheCity"],"potions_floor_usage":[8,16],"damage_taken":[{"damage":2.0,"enemies":"Jaw Worm","floor":1.0,"turns":3.0},{"damage":5.0,"enemies":"Small Slimes","floor":2.0,"turns":3.0},{"damage":0.0,"enemies":"Cultist","floor":5.0,"turns":2.0},{"damage":11,"enemies":"Gremlin Nob","floor":6,"turns":3},{"damage":12,"enemies":"Lagavulin","floor":7,"turns":6},{"damage":15,"enemies":"3 Sentries","floor":8,"turns":5},{"damage":14,"enemies":"3 Louse","floor":10,"turns":3},{"damage":6,"enemies":"Looter","floor":11,"turns":2},{"damage":6,"enemies":"Lots of Slimes","floor":14,"turns":3},{"damage":26,"enemies":"The Guardian","floor":16,"turns":9},{"damage":37,"enemies":"Shell Parasite","floor":18,"turns":4},{"damage":0,"enemies":"Spheric Guardian","floor":20,"turns":2},{"damage":12,"enemies":"3 Cultists","floor":21,"turns":3},{"damage":71,"enemies":"Book of Stabbing","floor":24,"turns":5}],"seed_played":"-902821893067195495","potions_obtained":[{"floor":2.0,"key":"FairyPotion"},{"floor":7,"key":"Swift Potion"},{"floor":8,"key":"FearPotion"},{"floor":14,"key":"Dexterity Potion"}],"is_trial":false,"path_per_floor":["M","M","?","?","M","E","E","E","T","M","M","?","$","M","R","B",null,"M","?","M","M","?","R","E"],"character_chosen":"WATCHER","items_purchased":["Tantrum","Pen Nib","ThirdEye"],"campfire_rested":2,"item_purchase_floors":[13,13,13],"current_hp_per_floor":[59,54,54,48,48,37,25,10,10,20,14,14,14,8,43,17,55,18,18,18,6,68,68,0,0],"gold":165,"neow_bonus":"BOSS_RELIC","is_daily":false,"chose_seed":false,"campfire_upgraded":0,"win_rate":0.0,"timestamp":1611390533,"path_taken":["M","M","?","?","M","E","E","E","T","?","M","?","$","M","R","BOSS","M","?","?","M","?","R","E"],"items_purchased_type":["Card","Relic","Card"],"build_version":"2020-12-18","purchased_purges":1,"victory":false,"max_hp_per_floor":[68,68,68,68,68,68,68,68,68,68,68,68,68,68,68,68,68,68,68,68,68,68,68,68,68],"relic_stats":{"Dream Catcher":2,"Regal Pillow":15,"counters":[14,53],"Astrolabe":["InnerPeace","LessonLearned","Meditate"],"Pen Nib":[6],"obtain_stats":[{"Dream Catcher":7,"Regal Pillow":8,"Astrolabe":0,"WingedGreaves":6,"Pen Nib":13,"Fusion Hammer":17,"PureWater":0,"Ancient Tea Set":9},{"Dream Catcher":5,"Regal Pillow":6,"Astrolabe":0,"WingedGreaves":4,"Pen Nib":8,"Fusion Hammer":10,"PureWater":0,"Ancient Tea Set":6},{"Dream Catcher":17,"Regal Pillow":22,"Astrolabe":0,"WingedGreaves":11,"Pen Nib":27,"Fusion Hammer":39,"PureWater":0,"Ancient Tea Set":22}]},"card_choices":[{"not_picked":["JustLucky","ThirdEye"],"picked":"FlurryOfBlows","floor":1.0},{"not_picked":["InnerPeace","SandsOfTime"],"picked":"BowlingBash","floor":2.0},{"not_picked":["Evaluate","EmptyFist"],"picked":"CutThroughFate","floor":5.0},{"not_picked":["JustLucky","Wish"],"picked":"TalkToTheHand","floor":6},{"not_picked":["Prostrate","FlyingSleeves"],"picked":"CrushJoints","floor":7},{"not_picked":["ThirdEye","PathToVictory"],"picked":"CutThroughFate","floor":8},{"not_picked":["ClearTheMind","Collect"],"picked":"CutThroughFate","floor":10},{"not_picked":["Fasting2","PathToVictory","SandsOfTime"],"picked":"SKIP","floor":11},{"not_picked":["JustLucky","Evaluate","Vengeance"],"picked":"SKIP","floor":14},{"not_picked":["Study","EmptyMind"],"picked":"Prostrate","floor":15},{"not_picked":["DevaForm","SpiritShield"],"picked":"Devotion","floor":16},{"not_picked":["Perseverance","BowlingBash+1","ThirdEye"],"picked":"SKIP","floor":18},{"not_picked":["CutThroughFate","JustLucky"],"picked":"DeceiveReality","floor":20},{"not_picked":["ClearTheMind","Crescendo"],"picked":"Sanctity","floor":21},{"not_picked":["EmptyFist","Sanctity"],"picked":"Consecrate+1","floor":23}],"player_experience":1259048,"relics_obtained":[{"floor":6,"key":"WingedGreaves"},{"floor":7,"key":"Dream Catcher"},{"floor":8,"key":"Regal Pillow"},{"floor":9,"key":"Ancient Tea Set"}],"event_choices":[{"cards_removed":["Defend_P"],"damage_healed":0.0,"max_hp_gain":0.0,"max_hp_loss":0.0,"gold_gain":0.0,"event_name":"The Cleric","player_choice":"Card Removal","floor":3.0,"gold_loss":75.0,"damage_taken":0.0},{"damage_healed":0.0,"max_hp_gain":0.0,"max_hp_loss":0.0,"gold_gain":50.0,"event_name":"FaceTrader","player_choice":"Touch","floor":4.0,"gold_loss":0.0,"damage_taken":6.0},{"damage_healed":0,"gold_gain":150,"player_choice":"AGREE","damage_taken":0,"max_hp_gain":0,"max_hp_loss":0,"event_name":"Liars Game","floor":12,"gold_loss":0,"cards_obtained":["Doubt"]},{"damage_healed":0,"gold_gain":0,"player_choice":"Upgraded","damage_taken":0,"max_hp_gain":0,"max_hp_loss":0,"event_name":"Upgrade Shrine","floor":19,"gold_loss":0,"cards_upgraded":["Devotion"]},{"cards_removed":["DeceiveReality"],"damage_healed":62,"gold_gain":0,"player_choice":"Offered Uncommon","damage_taken":0,"max_hp_gain":0,"max_hp_loss":0,"event_name":"Bonfire Elementals","floor":22,"gold_loss":0}],"is_beta":true,"boss_relics":[{"not_picked":["Ectoplasm","Snecko Eye"],"picked":"Fusion Hammer"}],"items_purged_floors":[13],"is_endless":false,"potions_floor_spawned":[2,7,8,14],"killed_by":"Book of Stabbing","ascension_level":20}}