{"host":"srk2drlvga69hbot","time":1611425879,"event":{"mods":["BaseMod","Bestiary","Block Reminder","Colored Map","Colored Powertips","Dark Map","DeckTracker","Highlight Path","Minty Spire (QoL Compilation)","Quick Restart","Rare Cards Sparkle","Relic Stats","SuperFastMode","Unceasing Turn Reminder"],"gold_per_floor":[111,111,111,125,138,181,181,196,219,219,240,260,273,373,373,373,373],"floor_reached":16,"language":"ZHS","playtime":706,"items_purged":[],"score":120,"play_id":"2bd085ac-e288-4b57-9658-3b73f687576f","local_time":"20210124021759","is_ascension_mode":true,"campfire_choices":[{"data":"Backflip","floor":7.0,"key":"SMITH"},{"floor":15,"key":"REST"}],"circlet_count":0,"master_deck":["Strike_G","Strike_G","Strike_G","Strike_G","Strike_G","Defend_G","Defend_G","Defend_G","Defend_G","Defend_G","Survivor","Neutralize+1","Backflip+1","Prepared","Adrenaline","PiercingWail","Grand Finale"],"relics":["Ring of the Snake","NeowsBlessing","Golden Idol","Orichalcum","Smiling Mask"],"acts_visited":["Exordium"],"potions_floor_usage":[16,16],"damage_taken":[{"damage":0.0,"enemies":"2 Louse","floor":1.0,"turns":1.0},{"damage":0.0,"enemies":"Cultist","floor":4.0,"turns":1.0},{"damage":0.0,"enemies":"Jaw Worm","floor":5.0,"turns":1.0},{"damage":33.0,"enemies":"Gremlin Nob","floor":6.0,"turns":6.0},{"damage":0.0,"enemies":"2 Fungi Beasts","floor":8.0,"turns":6.0},{"damage":0,"enemies":"Red Slaver","floor":11,"turns":5},{"damage":14,"enemies":"Lots of Slimes","floor":12,"turns":5},{"damage":0,"enemies":"Large Slime","floor":13,"turns":8},{"damage":42,"enemies":"Hexaghost","floor":16,"turns":15}],"seed_played":"-5227398539936254109","potions_obtained":[{"floor":8.0,"key":"SteroidPotion"},{"floor":11,"key":"SpeedPotion"},{"floor":13,"key":"Regen Potion"}],"is_trial":false,"path_per_floor":["M","?","?","M","M","E","R","M","T","?","M","M","M","?","R","B"],"character_chosen":"THE_SILENT","items_purchased":[],"campfire_rested":1,"item_purchase_floors":[],"current_hp_per_floor":[70,53,53,53,53,20,20,20,20,20,20,6,6,6,27,0,0],"gold":373,"neow_bonus":"THREE_ENEMY_KILL","is_daily":false,"chose_seed":false,"campfire_upgraded":1,"win_rate":0.0,"timestamp":1611425879,"path_taken":["M","?","?","M","?","E","R","M","T","?","M","M","M","?","R","BOSS"],"items_purchased_type":[],"build_version":"2020-12-22","purchased_purges":0,"victory":false,"max_hp_per_floor":[70,70,70,70,70,70,70,70,70,70,70,70,70,70,70,70,70],"relic_stats":{"counters":[9,48],"Golden Idol":29,"Orichalcum":[114],"Smiling Mask":0,"obtain_stats":[{"NeowsBlessing":0,"Golden Idol":2,"Orichalcum":6,"Smiling Mask":9,"Ring of the Snake":0},{"NeowsBlessing":0,"Golden Idol":1,"Orichalcum":4,"Smiling Mask":5,"Ring of the Snake":0},{"NeowsBlessing":0,"Golden Idol":1,"Orichalcum":9,"Smiling Mask":15,"Ring of the Snake":0}],"Ring of the Snake":[18]},"card_choices":[{"not_picked":["Blade Dance","Sucker Punch","Leg Sweep"],"picked":"SKIP","floor":1.0},{"not_picked":["Outmaneuver","Distraction"],"picked":"Backflip","floor":4.0},{"not_picked":["Dagger Throw","Flying Knee"],"picked":"Prepared","floor":5.0},{"not_picked":["Dash","Backflip"],"picked":"Adrenaline","floor":6.0},{"not_picked":["Bane","Deflect","Dagger Spray"],"picked":"SKIP","floor":8.0},{"not_picked":["Backflip","Cloak And Dagger"],"picked":"PiercingWail","floor":11},{"not_picked":["Bane","PiercingWail","Crippling Poison"],"picked":"SKIP","floor":12},{"not_picked":["Cloak And Dagger","Distraction"],"picked":"Grand Finale","floor":13}],"player_experience":186991,"relics_obtained":[{"floor":6.0,"key":"Orichalcum"},{"floor":9.0,"key":"Smiling Mask"}],"event_choices":[{"damage_healed":0.0,"max_hp_gain":0.0,"max_hp_loss":0.0,"gold_gain":0.0,"event_name":"Golden Idol","player_choice":"Take Damage","floor":2.0,"gold_loss":0.0,"damage_taken":17.0,"relics_obtained":["Golden Idol"]},{"damage_healed":0.0,"max_hp_gain":0.0,"max_hp_loss":0.0,"gold_gain":0.0,"event_name":"Upgrade Shrine","player_choice":"Upgraded","floor":3.0,"gold_loss":0.0,"damage_taken":0.0,"cards_upgraded":["Neutralize"]},{"damage_healed":0,"gold_gain":0,"player_choice":"Searched \u00270\u0027 times","damage_taken":0,"max_hp_gain":0,"max_hp_loss":0,"event_name":"Dead Adventurer","floor":10,"gold_loss":0},{"damage_healed":0,"gold_gain":100,"player_choice":"Pray","damage_taken":0,"max_hp_gain":0,"max_hp_loss":0,"event_name":"Golden Shrine","floor":14,"gold_loss":0}],"is_beta":false,"boss_relics":[],"items_purged_floors":[],"is_endless":false,"potions_floor_spawned":[8,11,13],"killed_by":"Hexaghost","ascension_level":3}}