{"host":"ynimr9ugvc6f046i","time":1611420579,"event":{"mods":["2.2 Compatiblity","BaseMod","Colored Map","DeckTracker","Highlight Path","Keyboard Shortcuts","Minty Spire (QoL Compilation)","Permanent Neow","Quick Restart","StSLib","SuperFastMode"],"gold_per_floor":[369,369,386,311,328,328,328,340,352,383,395,26,26,38,38,38,38],"floor_reached":16,"language":"KOR","playtime":303,"items_purged":["Defend_G"],"score":180,"play_id":"03ff5081-a027-4e2e-9098-bda5d4be8a56","local_time":"20210124014939","is_ascension_mode":true,"campfire_choices":[{"data":"Neutralize","floor":6,"key":"SMITH"},{"data":"Tactician","floor":8,"key":"SMITH"},{"data":"Crippling Poison","floor":13,"key":"SMITH"},{"data":"Deadly Poison","floor":15,"key":"SMITH"}],"circlet_count":0,"master_deck":["AscendersBane","Strike_G","Strike_G","Strike_G","Strike_G","Strike_G","Defend_G","Defend_G","Defend_G","Defend_G","Survivor","Neutralize+1","Dagger Throw","Tactician+1","Crippling Poison+1","Deadly Poison+1"],"relics":["Ring of the Snake","MawBank","Girya","Incense Burner"],"acts_visited":["Exordium"],"potions_floor_usage":[16],"damage_taken":[{"damage":2,"enemies":"Jaw Worm","floor":1,"turns":6},{"damage":2,"enemies":"Small Slimes","floor":3,"turns":5},{"damage":0,"enemies":"Cultist","floor":5,"turns":3},{"damage":20,"enemies":"Lots of Slimes","floor":10,"turns":6},{"damage":0,"enemies":"2 Fungi Beasts","floor":14,"turns":3},{"damage":71,"enemies":"Slime Boss","floor":16,"turns":10}],"seed_played":"-1674954435132283213","potions_obtained":[{"floor":1,"key":"Ancient Potion"},{"floor":14,"key":"Dexterity Potion"}],"is_trial":false,"path_per_floor":["M","?","M","$","M","R","?","R","T","M","?","$","R","M","R","B"],"character_chosen":"THE_SILENT","items_purchased":["Incense Burner","Crippling Poison"],"campfire_rested":0,"item_purchase_floors":[12,12],"current_hp_per_floor":[42,47,45,45,45,45,27,27,27,7,71,71,71,71,71,0,0],"gold":38,"neow_bonus":"TWO_FIFTY_GOLD","is_daily":false,"chose_seed":false,"campfire_upgraded":4,"win_rate":0.0,"timestamp":1611420579,"path_taken":["M","?","M","$","M","R","?","R","T","M","?","$","R","M","R","BOSS"],"items_purchased_type":["Relic","Card"],"build_version":"2020-12-22","purchased_purges":1,"victory":false,"max_hp_per_floor":[66,71,71,71,71,71,71,71,71,71,71,71,71,71,71,71,71],"card_choices":[{"not_picked":["Blur","Expertise"],"picked":"Dagger Throw","floor":1},{"not_picked":["Slice","Underhanded Strike"],"picked":"Tactician","floor":3},{"not_picked":["Dodge and Roll","Bane"],"picked":"Sucker Punch","floor":5},{"not_picked":["Outmaneuver","Sucker Punch"],"picked":"Riddle With Holes","floor":10},{"not_picked":["Footwork","Leg Sweep"],"picked":"Deadly Poison","floor":14}],"player_experience":528889,"relics_obtained":[{"floor":9,"key":"Girya"}],"event_choices":[{"damage_healed":0,"gold_gain":0,"player_choice":"Donut","damage_taken":0,"max_hp_gain":5,"max_hp_loss":0,"event_name":"Big Fish","floor":2,"gold_loss":0},{"damage_healed":0,"gold_gain":0,"player_choice":"Success","damage_taken":18,"relics_obtained":["MawBank"],"max_hp_gain":0,"max_hp_loss":0,"event_name":"Scrap Ooze","floor":7,"gold_loss":0},{"cards_removed":["Riddle With Holes"],"damage_healed":64,"gold_gain":0,"player_choice":"Offered Uncommon","damage_taken":0,"max_hp_gain":0,"max_hp_loss":0,"event_name":"Bonfire Elementals","floor":11,"gold_loss":0}],"is_beta":false,"boss_relics":[],"items_purged_floors":[4],"is_endless":false,"potions_floor_spawned":[1,14],"killed_by":"Slime Boss","ascension_level":20}}