{"host":"qgrlfjrqk9z96gfi","time":1611366979,"event":{"mods":["BaseMod","Block Reminder","Colored Map","Custom Start","DeckTracker","Minty Spire (QoL Compilation)"],"gold_per_floor":[113,113,128,148,164,164,189,189,189,224,224,249,35,46,46,119,119,139,153,153,153,171,171,198,198,198,198,217,233,233,280,280,280,280],"floor_reached":33,"language":"ENG","playtime":976,"items_purged":["Strike_G"],"score":570,"play_id":"15d2dff8-ab7e-4fab-a450-4299abc2b9a3","local_time":"20210122155619","is_ascension_mode":true,"campfire_choices":[{"data":"Footwork","floor":6.0,"key":"SMITH"},{"data":"Leg Sweep","floor":8.0,"key":"SMITH"},{"floor":11.0,"key":"REST"},{"floor":15,"key":"REST"},{"data":"Blade Dance","floor":23,"key":"SMITH"},{"floor":25,"key":"REST"},{"floor":32,"key":"REST"}],"circlet_count":0,"master_deck":["AscendersBane","Strike_G+1","Strike_G+1","Strike_G+1","Defend_G+1","Defend_G+1","Defend_G+1","Defend_G+1","Defend_G+1","Survivor","Neutralize","Dagger Spray","Dagger Throw","Footwork+1","Leg Sweep+1","Terror","Dodge and Roll","Adrenaline","Blade Dance+1","Noxious Fumes","Malaise","Leg Sweep+1","Tools of the Trade","Finisher","Deadly Poison","Cloak And Dagger"],"relics":["Ring of the Snake","NeowsBlessing","Bronze Scales","Bottled Flame","Shovel","Vajra","WristBlade","Du-Vu Doll","Question Card","Potion Belt"],"acts_visited":["Exordium","TheCity"],"potions_floor_usage":[19,24,28,33],"damage_taken":[{"damage":0.0,"enemies":"Cultist","floor":1.0,"turns":1.0},{"damage":0.0,"enemies":"Jaw Worm","floor":3.0,"turns":1.0},{"damage":0.0,"enemies":"Small Slimes","floor":4.0,"turns":1.0},{"damage":0.0,"enemies":"Red Slaver","floor":5.0,"turns":4.0},{"damage":10.0,"enemies":"3 Sentries","floor":7.0,"turns":8.0},{"damage":42.0,"enemies":"Gremlin Nob","floor":10.0,"turns":4.0},{"damage":9.0,"enemies":"Lagavulin","floor":12.0,"turns":10.0},{"damage":0,"enemies":"2 Fungi Beasts","floor":14,"turns":3},{"damage":13,"enemies":"Hexaghost","floor":16,"turns":9},{"damage":4,"enemies":"Spheric Guardian","floor":18,"turns":6},{"damage":0,"enemies":"Chosen","floor":19,"turns":5},{"damage":5,"enemies":"Centurion and Healer","floor":22,"turns":7},{"damage":34,"enemies":"Gremlin Leader","floor":24,"turns":7},{"damage":0,"enemies":"Snecko","floor":28,"turns":2},{"damage":5,"enemies":"Snake Plant","floor":29,"turns":4},{"damage":61,"enemies":"Collector","floor":33,"turns":6}],"seed_played":"4422693328418962101","potions_obtained":[{"floor":4.0,"key":"Poison Potion"},{"floor":5.0,"key":"EntropicBrew"},{"floor":12,"key":"FearPotion"},{"floor":16,"key":"FearPotion"},{"floor":24,"key":"Fire Potion"},{"floor":29,"key":"PowerPotion"}],"is_trial":false,"path_per_floor":["M","?","M","M","M","R","E","R","T","E","R","E","$","M","R","B",null,"M","M","?","$","M","R","E","R","T","?","M","M","?","T","R","B"],"character_chosen":"THE_SILENT","items_purchased":["Adrenaline","Blade Dance"],"campfire_rested":4,"item_purchase_floors":[13,13],"current_hp_per_floor":[59,59,59,59,59,59,49,49,49,7,26,17,17,17,36,23,55,51,51,51,51,46,46,12,31,31,31,31,26,26,26,45,0,0],"gold":280,"neow_bonus":"THREE_ENEMY_KILL","is_daily":false,"chose_seed":false,"campfire_upgraded":3,"win_rate":0.0,"timestamp":1611366979,"path_taken":["M","?","M","M","M","R","E","R","T","E","R","E","$","M","R","BOSS","M","M","?","$","M","R","E","R","T","?","?","M","?","?","R","BOSS"],"items_purchased_type":["Card","Card"],"build_version":"2020-12-22","purchased_purges":1,"victory":false,"max_hp_per_floor":[66,66,66,66,66,66,66,66,66,66,66,66,66,66,66,66,66,66,66,66,66,66,66,66,66,66,66,66,66,66,66,66,66,66],"card_choices":[{"not_picked":["Acrobatics","Bane"],"picked":"Dagger Spray","floor":1.0},{"not_picked":["Outmaneuver","Bane"],"picked":"Dagger Throw","floor":3.0},{"not_picked":["Deadly Poison","Deflect"],"picked":"Footwork","floor":4.0},{"not_picked":["Flying Knee","Accuracy","Acrobatics"],"picked":"SKIP","floor":5.0},{"not_picked":["Flying Knee","Flechettes"],"picked":"Leg Sweep","floor":7.0},{"not_picked":["Bane","Masterful Stab"],"picked":"Terror","floor":10.0},{"not_picked":["Deflect","Bane"],"picked":"Dodge and Roll","floor":12},{"not_picked":["PiercingWail","Bane"],"picked":"Noxious Fumes","floor":14},{"not_picked":["Storm of Steel","Tools of the Trade"],"picked":"Malaise","floor":16},{"not_picked":["Sucker Punch","Dodge and Roll"],"picked":"Leg Sweep+1","floor":18},{"not_picked":["Outmaneuver","Prepared","Masterful Stab"],"picked":"SKIP","floor":19},{"not_picked":["Prepared","Acrobatics"],"picked":"Tools of the Trade","floor":22},{"not_picked":["Sucker Punch","Slice"],"picked":"Finisher","floor":24},{"not_picked":["Underhanded Strike","Outmaneuver","Poisoned Stab","Quick Slash"],"picked":"SKIP","floor":28},{"not_picked":["Dagger Spray","Eviscerate","Expertise"],"picked":"Cloak And Dagger","floor":29}],"player_experience":1043514,"relics_obtained":[{"floor":7.0,"key":"Bronze Scales"},{"floor":9.0,"key":"Bottled Flame"},{"floor":10.0,"key":"Shovel"},{"floor":12,"key":"Vajra"},{"floor":24,"key":"Du-Vu Doll"},{"floor":26,"key":"Question Card"},{"floor":31,"key":"Potion Belt"}],"event_choices":[{"damage_healed":0.0,"max_hp_gain":0.0,"max_hp_loss":0.0,"gold_gain":0.0,"event_name":"Liars Game","player_choice":"Ignored","floor":2.0,"gold_loss":0.0,"damage_taken":0.0},{"damage_healed":0,"gold_gain":0,"player_choice":"Ignored","damage_taken":0,"max_hp_gain":0,"max_hp_loss":0,"event_name":"Beggar","floor":20,"gold_loss":0},{"damage_healed":0,"gold_gain":0,"cards_transformed":["Strike_G"],"player_choice":"Transformed","damage_taken":0,"max_hp_gain":0,"max_hp_loss":0,"event_name":"Transmorgrifier","floor":27,"gold_loss":0,"cards_obtained":["Deadly Poison"]},{"damage_healed":0,"gold_gain":0,"player_choice":"Simplicity","damage_taken":0,"max_hp_gain":0,"max_hp_loss":0,"event_name":"Back to Basics","floor":30,"gold_loss":0,"cards_upgraded":["Strike_G","Strike_G","Strike_G","Defend_G","Defend_G","Defend_G","Defend_G","Defend_G"]}],"is_beta":false,"boss_relics":[{"not_picked":["Busted Crown","Sozu"],"picked":"WristBlade"}],"items_purged_floors":[13],"is_endless":false,"potions_floor_spawned":[4,5,12,16,24,29],"killed_by":"Collector","ascension_level":20}}