{"host":"hzinic87vu8p95wn","time":1611411000,"event":{"mods":["BaseMod","Minty Spire (QoL Compilation)"],"gold_per_floor":[116,266,23,23,23,43,84,84,163,54,93,112,137,214,214,214,214],"floor_reached":16,"language":"ENG","playtime":456,"items_purged":["Doubt"],"score":253,"play_id":"fd14f606-62c9-4f46-a75f-ec996ef060a3","local_time":"20210124011000","is_ascension_mode":true,"campfire_choices":[{"data":"Bash","floor":8.0,"key":"SMITH"},{"data":"Inflame","floor":15,"key":"SMITH"}],"circlet_count":0,"master_deck":["AscendersBane","Strike_R","Strike_R","Strike_R","Strike_R","Strike_R","Defend_R","Defend_R","Defend_R","Defend_R","Bash+1","Rampage+1","Pommel Strike","Anger","Heavy Blade","Inflame+1"],"relics":["Burning Blood","NeowsBlessing","PreservedInsect","Golden Idol","StrikeDummy","Pantograph","Turnip","Paper Frog"],"acts_visited":["Exordium"],"potions_floor_usage":[16],"damage_taken":[{"damage":0.0,"enemies":"Jaw Worm","floor":1.0,"turns":1.0},{"damage":0.0,"enemies":"2 Louse","floor":6.0,"turns":1.0},{"damage":0.0,"enemies":"3 Sentries","floor":7.0,"turns":1.0},{"damage":8.0,"enemies":"Gremlin Nob","floor":11.0,"turns":3.0},{"damage":0.0,"enemies":"Cultist","floor":12.0,"turns":2.0},{"damage":41.0,"enemies":"Exordium Thugs","floor":13.0,"turns":5.0},{"damage":50,"enemies":"The Guardian","floor":16,"turns":9}],"seed_played":"6286141823668215798","potions_obtained":[{"floor":6.0,"key":"SpeedPotion"},{"floor":12.0,"key":"GamblersBrew"}],"is_trial":false,"path_per_floor":["M","?","$","?","?","M","E","R","T","$","E","M","M","T","R","B"],"character_chosen":"IRONCLAD","items_purchased":["PreservedInsect","Anger","Heavy Blade"],"campfire_rested":0,"item_purchase_floors":[3,10,10],"current_hp_per_floor":[74,74,74,48,48,54,60,60,60,60,58,64,29,29,29,4,4],"gold":214,"neow_bonus":"THREE_ENEMY_KILL","is_daily":false,"chose_seed":false,"campfire_upgraded":2,"win_rate":0.0,"timestamp":1611411000,"path_taken":["M","?","$","?","?","M","E","R","T","$","E","?","M","?","R","BOSS"],"items_purchased_type":["Relic","Card","Card"],"build_version":"2020-12-22","purchased_purges":1,"victory":false,"max_hp_per_floor":[75,75,75,75,75,75,75,75,75,75,75,75,75,75,75,75,75],"card_choices":[{"not_picked":["Clash","Clothesline"],"picked":"Rampage","floor":1.0},{"not_picked":["Clash","Clothesline","Wild Strike"],"picked":"SKIP","floor":6.0},{"not_picked":["Infernal Blade","Intimidate"],"picked":"Pommel Strike","floor":7.0},{"not_picked":["Bludgeon","Clash"],"picked":"Inflame","floor":11.0},{"not_picked":["Wild Strike","Thunderclap","Clothesline"],"picked":"SKIP","floor":12.0},{"not_picked":["Heavy Blade","Bloodletting","Pommel Strike"],"picked":"SKIP","floor":13.0}],"player_experience":1598757,"relics_obtained":[{"floor":7.0,"key":"StrikeDummy"},{"floor":9.0,"key":"Pantograph"},{"floor":11.0,"key":"Turnip"},{"floor":14.0,"key":"Paper Frog"}],"event_choices":[{"damage_healed":0.0,"max_hp_gain":0.0,"max_hp_loss":0.0,"gold_gain":150.0,"event_name":"Liars Game","player_choice":"AGREE","floor":2.0,"gold_loss":0.0,"damage_taken":0.0,"cards_obtained":["Doubt"]},{"damage_healed":0.0,"max_hp_gain":0.0,"max_hp_loss":0.0,"gold_gain":0.0,"event_name":"Golden Idol","player_choice":"Take Damage","floor":4.0,"gold_loss":0.0,"damage_taken":26.0,"relics_obtained":["Golden Idol"]},{"damage_healed":0.0,"max_hp_gain":0.0,"max_hp_loss":0.0,"gold_gain":0.0,"event_name":"Upgrade Shrine","player_choice":"Upgraded","floor":5.0,"gold_loss":0.0,"damage_taken":0.0,"cards_upgraded":["Rampage"]}],"is_beta":false,"boss_relics":[],"items_purged_floors":[3],"is_endless":false,"potions_floor_spawned":[6,12],"killed_by":"The Guardian","ascension_level":18}}