{"host":"ik8ww1p4uabx5gam","time":1611362469,"event":{"mods":["Always Whale","Aspiration","BaseMod","Beaked The Cultist","Better Third Choice","BetterRewards","Colored Map","Colored Powertips","Conspire","Energized Spire","FetchMod","GifTheSpireLib","Hubris","Infinite Spire","Ironclad Rager","Jedi Mod","Minty Spire (QoL Compilation)","Random Character Button","Replay The Spire","Shop Mod","Spicy Shops","Spikes Relics","StSLib","Stuff the Spire","The Blue Laboratory","The Gatherer","Wandering Minibosses","??????REMEMod"],"gold_per_floor":[116,126,143,143,218,247,247,15,15,15,48,0,28,42,42,139,139,151,151,351,369,387,417,417,445,445,102,127,127,143,155,155,284,284,306,306,327,339,350,385,385,422,422,447,447,469,469,488,488,495],"floor_reached":51,"language":"ENG","playtime":1650,"items_purged":["Strike_B"],"score":928,"play_id":"9daef96c-fea8-4e28-ad65-e09973f79c79","local_time":"20210122184109","is_ascension_mode":true,"campfire_choices":[{"data":"Gash","floor":7,"key":"SMITH"},{"data":"Strike_B","floor":15,"key":"PURGE"},{"data":"REME_Flogging","floor":24,"key":"SMITH"},{"data":"REME_ForAll","floor":32,"key":"SMITH"},{"data":"StuffTheSpire:FreeRealEstate","floor":41,"key":"SMITH"},{"data":"infinitespire:Gouge","floor":49,"key":"SMITH"}],"circlet_count":0,"master_deck":["Strike_B","Strike_B","Defend_B+1","Defend_B","Defend_B","Defend_B","Zap+1","Dualcast","REME_Shoggoth","Gash+1","Conserve Battery","Skim","REME_Flogging+1","Gash","REME_ForAll+1","Hologram","Gash","Go for the Eyes","FTL","StuffTheSpire:FreeRealEstate+1","Master of Strategy","infinitespire:Gouge+1","Beam Cell+1","Turbo+1","Double Energy+1","jedi:forcepush"],"relics":["Cracked Core","REME_ComplimentaryCards","aspiration:Nostalgia","Sizzling Blood","Iron Hammer","jedi:shrinkray","ZombieTooth","RollingBoulder","Pocketwatch","jedi:hotpepper","Replay:Kaleidoscope","jedi:matchstick","Bag of Preparation","Black Star","hubris:Backtick","BicycleWheel","jedi:Pinwheel","StuffTheSpire:ForceGauntlet","Potion Belt"],"acts_visited":["Exordium","TheCity","TheBeyond"],"potions_floor_usage":[6,13,33,50],"damage_taken":[{"damage":0,"enemies":"2 Louse","floor":1,"turns":3},{"damage":0,"enemies":"Small Slimes","floor":2,"turns":2},{"damage":11,"enemies":"Jaw Worm","floor":3,"turns":2},{"damage":7,"enemies":"3 Sentries","floor":6,"turns":9},{"damage":0,"enemies":"Replay:BlueRogue","floor":11,"turns":2},{"damage":0,"enemies":"Lagavulin","floor":13,"turns":2},{"damage":0,"enemies":"Large Slime","floor":14,"turns":2},{"damage":29,"enemies":"Hexaghost","floor":16,"turns":4},{"damage":11,"enemies":"Chosen","floor":18,"turns":5},{"damage":0,"enemies":"2 Thieves","floor":21,"turns":1},{"damage":0,"enemies":"Centurion and Healer","floor":22,"turns":1},{"damage":0,"enemies":"Gremlin Leader","floor":23,"turns":1},{"damage":12,"enemies":"Book of Stabbing","floor":25,"turns":3},{"damage":0,"enemies":"Slavers","floor":28,"turns":1},{"damage":0,"enemies":"Snecko","floor":30,"turns":1},{"damage":0,"enemies":"Sentry and Sphere","floor":31,"turns":1},{"damage":0,"enemies":"Champ","floor":33,"turns":1},{"damage":0,"enemies":"Orb Walker","floor":35,"turns":1},{"damage":0,"enemies":"3 Shapes","floor":37,"turns":1},{"damage":0,"enemies":"Maw","floor":38,"turns":1},{"damage":0,"enemies":"Sphere and 2 Shapes","floor":39,"turns":1},{"damage":0,"enemies":"Transient","floor":40,"turns":1},{"damage":0,"enemies":"Giant Head","floor":42,"turns":1},{"damage":0,"enemies":"Reptomancer","floor":44,"turns":1},{"damage":0,"enemies":"Writhing Mass","floor":46,"turns":1},{"damage":0,"enemies":"Sphere and 2 Shapes","floor":48,"turns":1},{"damage":0,"enemies":"Replay:Hell Engine","floor":50,"turns":1}],"seed_played":"2595055379081136848","potions_obtained":[{"floor":2,"key":"blueLaboratory:PlasmaFuel"},{"floor":3,"key":"SkillPotion"},{"floor":13,"key":"Energy Potion"},{"floor":22,"key":"blueLaboratory:StoneskinPotion"},{"floor":25,"key":"Reflective Coating"},{"floor":30,"key":"AttackPotion"},{"floor":35,"key":"blueLaboratory:RecallPotion"},{"floor":42,"key":"FairyPotion"},{"floor":48,"key":"Languid Potion"}],"is_trial":false,"path_per_floor":["M","M","M","?","?","E","R","$","T","T","E","?","E","M","R_BF","B",null,"M","?","?","M","M","E","R","E","T","$","E","AVR","M","M","R","B",null,"M","?","M","M","M","M","R","E","T","E","?","M","?","M","R","B",null],"character_chosen":"DEFECT","items_purchased":["REME_Flogging","StuffTheSpire:FreeRealEstate","Master of Strategy"],"campfire_rested":0,"item_purchase_floors":[8,27,27],"current_hp_per_floor":[79,79,72,56,45,42,42,42,42,42,46,52,56,60,60,35,63,56,56,56,60,63,63,63,55,55,55,59,59,63,63,63,63,63,63,63,63,63,63,63,63,63,63,63,51,55,55,59,59,63],"gold":495,"neow_bonus":"NOSTALGIA","is_daily":false,"chose_seed":false,"campfire_upgraded":5,"win_rate":0.0,"timestamp":1611362469,"path_taken":["M","M","M","?","?","E","R","$","T","?","E","?","E","M","R_BF","BOSS","M","?","?","M","?","E","R","E","T","$","E","AVR","M","M","R","BOSS","M","?","?","M","M","M","R","E","T","E","?","?","?","M","R","BOSS"],"items_purchased_type":["Card","Card","Card"],"build_version":"2020-12-22","purchased_purges":1,"victory":true,"max_hp_per_floor":[79,79,79,79,79,79,79,79,79,79,79,85,85,85,85,85,63,63,63,63,63,63,63,63,63,63,63,63,63,63,63,63,63,63,63,63,63,63,63,63,63,63,63,63,63,63,63,63,63,63],"card_choices":[{"not_picked":["Rebound","BasicCrystalCard"],"picked":"Gash","floor":1},{"not_picked":["StuffTheSpire:Plugnplay","Rebound"],"picked":"Conserve Battery","floor":2},{"not_picked":["jedi:BurstFrost","Barrage"],"picked":"Skim","floor":3},{"not_picked":["Barrage","ReplayTheSpireMod:Fabricate Wheel","Steam Power"],"picked":"SKIP","floor":6},{"not_picked":["conspire:SharedLibrary","jedi:locknload"],"picked":"Gash","floor":11},{"not_picked":["Coolheaded","jedi:bruteforce","jedi:reiji"],"picked":"SKIP","floor":13},{"not_picked":["Reprogram","Leap","Genetic Algorithm"],"picked":"SKIP","floor":14},{"not_picked":["Electrodynamics","Meteor Strike"],"picked":"REME_ForAll","floor":16},{"not_picked":["Stack+1","jedi:BurstFrost"],"picked":"Hologram","floor":18},{"not_picked":["Streamline","Stack+1"],"picked":"Gash","floor":21},{"not_picked":["StuffTheSpire:Plugnplay","jedi:markofdeath"],"picked":"Go for the Eyes","floor":22},{"not_picked":["Self Repair","Barrage"],"picked":"FTL","floor":23},{"not_picked":["Redo+1","StuffTheSpire:Plugnplay","Blizzard"],"picked":"SKIP","floor":25},{"not_picked":["jedi:overflow","Buffer","jedi:markofdeath"],"picked":"SKIP","floor":28},{"not_picked":["Leap+1","Compile Driver","Cold Snap"],"picked":"SKIP","floor":30},{"not_picked":["jedi:BurstFrost","Rebound","Cold Snap"],"picked":"SKIP","floor":31},{"not_picked":["jedi:BurstFrost+1","Redo","jedi:BurstLightning"],"picked":"SKIP","floor":35},{"not_picked":["Cold Snap","jedi:gatheringstorm","Stack"],"picked":"SKIP","floor":37},{"not_picked":["Double Energy","Rebound+1"],"picked":"Beam Cell+1","floor":38},{"not_picked":["Conserve Battery","Ball Lightning+1"],"picked":"Turbo+1","floor":39},{"not_picked":["Leap+1","ReplayTheSpireMod:System Scan+1","Coolheaded"],"picked":"SKIP","floor":40},{"not_picked":["StuffTheSpire:Synthwave","StuffTheSpire:Plugnplay+1","Redo"],"picked":"SKIP","floor":42},{"not_picked":["Mirror Shield","Redo"],"picked":"Double Energy+1","floor":44},{"not_picked":["Cold Snap+1","Stack","Panic Button+1"],"picked":"SKIP","floor":46},{"not_picked":["ReplayTheSpireMod:Repulse+1","jedi:BurstDark","Melter"],"picked":"SKIP","floor":48}],"player_experience":1026148,"relics_obtained":[{"floor":6,"key":"Iron Hammer"},{"floor":9,"key":"jedi:shrinkray"},{"floor":10,"key":"ZombieTooth"},{"floor":11,"key":"RollingBoulder"},{"floor":13,"key":"Pocketwatch"},{"floor":25,"key":"Replay:Kaleidoscope"},{"floor":26,"key":"jedi:matchstick"},{"floor":28,"key":"Bag of Preparation"},{"floor":42,"key":"jedi:Pinwheel"},{"floor":43,"key":"StuffTheSpire:ForceGauntlet"},{"floor":44,"key":"Potion Belt"}],"event_choices":[{"damage_healed":72,"gold_gain":0,"player_choice":"Upgrade","damage_taken":16,"max_hp_gain":0,"max_hp_loss":79,"event_name":"betterThird:BetterShining","floor":4,"gold_loss":0,"cards_upgraded":["Zap","Defend_B"]},{"damage_healed":0,"gold_gain":75,"player_choice":"Gold","damage_taken":11,"max_hp_gain":0,"max_hp_loss":0,"event_name":"betterThird:BetterGoop","floor":5,"gold_loss":0},{"damage_healed":0,"gold_gain":0,"player_choice":"RENOUNCE","damage_taken":48,"max_hp_gain":0,"max_hp_loss":0,"event_name":"betterThird:BetterSerpent","floor":12,"gold_loss":48,"cards_obtained":["Enlightenment"]},{"damage_healed":0,"gold_gain":0,"player_choice":"Leave","damage_taken":0,"max_hp_gain":0,"max_hp_loss":0,"event_name":"conspire:Investor","floor":19,"gold_loss":0},{"damage_healed":0,"gold_gain":250,"player_choice":"Bet on Owner","damage_taken":0,"max_hp_gain":0,"max_hp_loss":0,"event_name":"The Joust","floor":20,"gold_loss":50},{"damage_healed":0,"gold_gain":0,"player_choice":"Random: Green","damage_taken":0,"max_hp_gain":0,"max_hp_loss":0,"event_name":"betterThird:BetterPortal","floor":45,"gold_loss":0},{"damage_healed":0,"gold_gain":0,"player_choice":"CARD ","damage_taken":12,"max_hp_gain":0,"max_hp_loss":0,"event_name":"Knowing Skull","floor":45,"potions_obtained":[],"gold_loss":0,"cards_obtained":["jedi:forcepush"]},{"cards_removed":["Enlightenment"],"damage_healed":0,"gold_gain":0,"player_choice":"Removed Skill","damage_taken":0,"max_hp_gain":0,"max_hp_loss":0,"event_name":"Falling","floor":47,"gold_loss":0}],"is_beta":false,"boss_relics":[{"not_picked":["hubris:CrackedHourglass","Tiny House"],"picked":"jedi:hotpepper"},{"not_picked":["aspiration:RunicSpoon","aspiration:IroncladSkillbook"],"picked":"hubris:Backtick"}],"items_purged_floors":[27],"is_endless":false,"potions_floor_spawned":[2,3,13,22,25,30,35,42,48],"ascension_level":1}}