{"host":"wj6vwlg8bkoql3lv","time":1611429287,"event":{"mods":["AchievementEnabler","Bard","Bartender","BaseMod","Colored Map","Custom Start","Decade(???)","Downfall","Friendly Minions","Hermit","Hubris","Infinite Spire","JesterMod","Jorbs\u0027s Wanderer Trilogy","Marisa????????","Minty Spire (QoL Compilation)","Potionbrewer","Quick Restart","Replay The Spire","Robot Space Explorer","SIMod","Shade Mod","StSLib","The Blue Laboratory","The Bug Knight","The Construct","The Cursed","The Death Knight","The Disciple","The Gatherer","The Hayseed","The Hierophant","The Jungle","The Marked","The Mystic","The Runesmith","The Senshi","The Servant 0.9.4","TheFirefly","Transform Curses"],"gold_per_floor":[112,112,130,130,27,27,47,75,75,89,89,105,124,141,141,141,141],"floor_reached":16,"language":"ENG","playtime":1241,"items_purged":[],"score":104,"play_id":"e916af7a-3a82-4b4c-a6d1-5477706fcb4d","local_time":"20210123191447","is_ascension_mode":false,"campfire_choices":[{"data":"Replay:AtTheReady","floor":6,"key":"SMITH"},{"data":"Eruption","floor":11,"key":"SMITH"},{"data":"Crescendo","floor":15,"key":"SMITH"}],"circlet_count":0,"master_deck":["Strike_P","Strike_P","Strike_P","Defend_P","Defend_P","Defend_P","Eruption+1","Vigilance","InnerPeace","Perseverance","ForeignInfluence","Steam","FlurryOfBlows","Replay:AtTheReady+1","Halt","FlyingSleeves","Replay:AtTheReady","BowlingBash","Crescendo+1","WaveOfTheHand"],"relics":["PureWater","hubris:Towel","infinitespire:Broken Mirror"],"acts_visited":["Exordium"],"potions_floor_usage":[16],"damage_taken":[{"damage":0,"enemies":"Small Slimes","floor":1,"turns":4},{"damage":2,"enemies":"2 Louse","floor":3,"turns":3},{"damage":3,"enemies":"Jaw Worm","floor":7,"turns":5},{"damage":6,"enemies":"Replay:BlueRogue","floor":8,"turns":9},{"damage":6,"enemies":"3 Louse","floor":10,"turns":2},{"damage":0,"enemies":"2 Fungi Beasts","floor":12,"turns":2},{"damage":0,"enemies":"Large Slime","floor":13,"turns":6},{"damage":0,"enemies":"Blue Slaver","floor":14,"turns":2},{"damage":73,"enemies":"Slime Boss","floor":16,"turns":12}],"seed_played":"673332349024970547","potions_obtained":[{"floor":3,"key":"Energy Potion"},{"floor":13,"key":"Venom Potion"},{"floor":14,"key":"SkillPotion"}],"is_trial":false,"path_per_floor":["M","?","M","?","$","R","M","E","T","M","R","M","M","M","R","B"],"character_chosen":"WATCHER","items_purchased":["FlurryOfBlows","Replay:AtTheReady"],"campfire_rested":0,"item_purchase_floors":[5,5],"current_hp_per_floor":[79,79,77,77,77,77,74,68,68,62,62,62,62,62,62,0,0],"gold":141,"neow_bonus":"TEN_PERCENT_HP_BONUS","is_daily":false,"chose_seed":false,"campfire_upgraded":3,"win_rate":0.0,"timestamp":1611429287,"path_taken":["M","?","M","?","?","R","M","E","T","M","R","M","M","M","R","BOSS"],"items_purchased_type":["Card","Card"],"build_version":"2020-12-22","purchased_purges":0,"victory":false,"max_hp_per_floor":[79,79,79,79,79,79,79,79,79,79,79,79,79,79,79,79,79],"card_choices":[{"not_picked":["Sanctity","SignatureMove"],"picked":"InnerPeace","floor":1},{"not_picked":["Replay:Battleflow","Replay:BluntJabs"],"picked":"Perseverance","floor":3},{"not_picked":["Consecrate","CutThroughFate"],"picked":"Halt","floor":7},{"not_picked":["PathToVictory","Study"],"picked":"FlyingSleeves","floor":8},{"not_picked":["PathToVictory","FollowUp"],"picked":"Replay:AtTheReady","floor":10},{"not_picked":["Halt","Replay:Hum"],"picked":"BowlingBash","floor":12},{"not_picked":["TalkToTheHand","Scrawl"],"picked":"Crescendo","floor":13},{"not_picked":["BowlingBash","FlyingSleeves"],"picked":"WaveOfTheHand","floor":14}],"player_experience":157466,"relics_obtained":[{"floor":8,"key":"infinitespire:Broken Mirror"}],"event_choices":[],"is_beta":false,"boss_relics":[],"items_purged_floors":[],"is_endless":false,"potions_floor_spawned":[3,13,14],"killed_by":"Slime Boss","ascension_level":0}}