{"host":"15dd7v8o90xso62x","time":1611372897,"event":{"mods":["BaseMod","Minty Spire (QoL Compilation)","Quick Restart","StSLib","SuperFastMode"],"gold_per_floor":[365,378,378,378,478,478,503,522,522,522,522,46,46,46],"floor_reached":13,"language":"KOR","playtime":263,"items_purged":[],"score":146,"play_id":"caaa5964-2371-41f8-a21c-8e29d0a5c5c8","local_time":"20210123123457","is_ascension_mode":true,"campfire_choices":[{"floor":6.0,"key":"REST"},{"floor":11.0,"key":"REST"}],"circlet_count":0,"master_deck":["AscendersBane","Strike_G","Strike_G","Strike_G","Strike_G","Strike_G","Defend_G","Defend_G","Defend_G","Defend_G","Survivor","Neutralize","Tactician","HandOfGreed"],"relics":["Ring of the Snake","Golden Idol","Calipers","Gremlin Horn","Sundial"],"acts_visited":["Exordium"],"potions_floor_usage":[],"damage_taken":[{"damage":1.0,"enemies":"Small Slimes","floor":1.0,"turns":3.0},{"damage":3.0,"enemies":"2 Louse","floor":2.0,"turns":3.0},{"damage":0.0,"enemies":"Jaw Worm","floor":7.0,"turns":3.0},{"damage":20.0,"enemies":"Gremlin Gang","floor":8.0,"turns":5.0},{"damage":29,"enemies":"Gremlin Nob","floor":13,"turns":3}],"seed_played":"-5717415370900728794","potions_obtained":[{"floor":2.0,"key":"Strength Potion"},{"floor":8.0,"key":"DuplicationPotion"}],"is_trial":false,"path_per_floor":["M","M","?","?","?","R","M","M","T","?","R","$","E"],"character_chosen":"THE_SILENT","items_purchased":["Sundial","HandOfGreed"],"campfire_rested":2,"item_purchase_floors":[12,12],"current_hp_per_floor":[43,40,17,10,10,29,29,9,9,9,28,28,0,0],"gold":46,"neow_bonus":"TWO_FIFTY_GOLD","is_daily":false,"chose_seed":false,"campfire_upgraded":0,"win_rate":0.0,"timestamp":1611372897,"path_taken":["M","M","?","?","?","R","M","?","T","?","R","$","E"],"items_purchased_type":["Relic","Card"],"build_version":"2020-12-22","purchased_purges":0,"victory":false,"max_hp_per_floor":[66,66,66,66,66,66,66,66,66,66,66,66,66,66],"card_choices":[{"not_picked":["Deflect","Backflip","Outmaneuver"],"picked":"SKIP","floor":1.0},{"not_picked":["Dagger Throw","Envenom"],"picked":"Tactician","floor":2.0},{"not_picked":["Flechettes","Flying Knee"],"picked":"Blade Dance","floor":7.0},{"not_picked":["Prepared","Bouncing Flask","Poisoned Stab"],"picked":"SKIP","floor":8.0}],"player_experience":1067329,"relics_obtained":[{"floor":9.0,"key":"Calipers"}],"event_choices":[{"damage_healed":0.0,"max_hp_gain":0.0,"max_hp_loss":0.0,"gold_gain":0.0,"event_name":"Golden Idol","player_choice":"Take Damage","floor":3.0,"gold_loss":0.0,"damage_taken":23.0,"relics_obtained":["Golden Idol"]},{"cards_removed":["Defend_G"],"damage_healed":0.0,"max_hp_gain":0.0,"max_hp_loss":0.0,"gold_gain":0.0,"event_name":"Golden Wing","player_choice":"Card Removal","floor":4.0,"gold_loss":0.0,"damage_taken":7.0},{"damage_healed":0.0,"max_hp_gain":0.0,"max_hp_loss":0.0,"gold_gain":100.0,"event_name":"Wheel of Change","player_choice":"Gold","floor":5.0,"gold_loss":0.0,"damage_taken":0.0},{"cards_removed":["Blade Dance"],"damage_healed":0.0,"max_hp_gain":0.0,"max_hp_loss":0.0,"gold_gain":0.0,"event_name":"WeMeetAgain","player_choice":"Gave Card","floor":10.0,"gold_loss":0.0,"damage_taken":0.0,"relics_obtained":["Gremlin Horn"]}],"is_beta":false,"boss_relics":[],"items_purged_floors":[],"is_endless":false,"potions_floor_spawned":[2,8],"killed_by":"Gremlin Nob","ascension_level":20}}