{"host":"x7xd4wkamhrqrrvw","time":1611384049,"event":{"mods":["AchievementEnabler","BaseMod","Minty Spire (QoL Compilation)","StSLib"],"gold_per_floor":[15,29,43,55,71,71,100,100,124,154,154,154,79,115,115,193,193,208,108,130,140,159,201,201,227,227,227,227,239,271,271,271,342,396,413,413,288,306,78,78,111,134,134,160,160,187,47,47,47,47,47,47,4,48,48],"floor_reached":56,"language":"ENG","playtime":2940,"items_purged":["Strike_R","Strike_R","Sever Soul","Hemokinesis","Spot Weakness"],"score":2095,"play_id":"18fc081e-25d7-46d8-94c7-1b0f0cbefbbe","local_time":"20210123044049","is_ascension_mode":true,"campfire_choices":[{"data":"True Grit","floor":6.0,"key":"SMITH"},{"data":"The Bomb","floor":8.0,"key":"SMITH"},{"data":"Flame Barrier","floor":12.0,"key":"SMITH"},{"data":"Flame Barrier","floor":15.0,"key":"SMITH"},{"data":"Juggernaut","floor":24.0,"key":"SMITH"},{"data":"Battle Trance","floor":28.0,"key":"SMITH"},{"floor":32.0,"key":"RECALL"},{"data":"Flame Barrier","floor":40.0,"key":"SMITH"},{"data":"Bloodletting","floor":49.0,"key":"SMITH"},{"data":"Bash","floor":52,"key":"SMITH"}],"circlet_count":0,"master_deck":["AscendersBane","Bash+1","The Bomb+1","True Grit+1","Battle Trance+1","Flame Barrier+1","Flame Barrier+1","Evolve+1","Juggernaut+1","Barricade","Bloodletting+1","Feed","Flame Barrier+1","Body Slam","Intimidate+1"],"relics":["Burning Blood","Regal Pillow","Art of War","CeramicFish","Red Skull","Snecko Eye","MealTicket","Dream Catcher","Meat on the Bone","Eternal Feather","Pandora\u0027s Box","Incense Burner","Frozen Egg 2","The Courier","Self Forming Clay"],"acts_visited":["Exordium","TheCity","TheBeyond","TheEnding"],"potions_floor_usage":[55,55],"damage_taken":[{"damage":0.0,"enemies":"Small Slimes","floor":1.0,"turns":3.0},{"damage":7.0,"enemies":"Jaw Worm","floor":2.0,"turns":3.0},{"damage":6.0,"enemies":"Cultist","floor":3.0,"turns":4.0},{"damage":9.0,"enemies":"Blue Slaver","floor":4.0,"turns":4.0},{"damage":5.0,"enemies":"Looter","floor":5.0,"turns":3.0},{"damage":5.0,"enemies":"Gremlin Nob","floor":7.0,"turns":3.0},{"damage":8.0,"enemies":"3 Sentries","floor":10.0,"turns":3.0},{"damage":10.0,"enemies":"Lagavulin","floor":14.0,"turns":5.0},{"damage":14.0,"enemies":"Hexaghost","floor":16.0,"turns":12.0},{"damage":2.0,"enemies":"Shell Parasite","floor":18.0,"turns":5.0},{"damage":2.0,"enemies":"3 Byrds","floor":20.0,"turns":3.0},{"damage":2.0,"enemies":"3 Cultists","floor":21.0,"turns":4.0},{"damage":2.0,"enemies":"Shelled Parasite and Fungi","floor":22.0,"turns":4.0},{"damage":23.0,"enemies":"Gremlin Leader","floor":23.0,"turns":6.0},{"damage":8.0,"enemies":"Slavers","floor":25.0,"turns":3.0},{"damage":19.0,"enemies":"Snake Plant","floor":29.0,"turns":3.0},{"damage":18.0,"enemies":"Gremlin Leader","floor":30.0,"turns":6.0},{"damage":23.0,"enemies":"Collector","floor":33.0,"turns":8.0},{"damage":25.0,"enemies":"3 Darklings","floor":35.0,"turns":4.0},{"damage":3.0,"enemies":"Orb Walker","floor":38.0,"turns":4.0},{"damage":71.0,"enemies":"Giant Head","floor":41.0,"turns":12.0},{"damage":4.0,"enemies":"Sphere and 2 Shapes","floor":42.0,"turns":3.0},{"damage":7.0,"enemies":"Nemesis","floor":44.0,"turns":7.0},{"damage":5.0,"enemies":"Reptomancer","floor":46.0,"turns":6.0},{"damage":27,"enemies":"Awakened One","floor":50,"turns":15},{"damage":71,"enemies":"Shield and Spear","floor":54,"turns":6},{"damage":29,"enemies":"The Heart","floor":55,"turns":7}],"seed_played":"4670402401504251285","potions_obtained":[{"floor":1.0,"key":"DuplicationPotion"},{"floor":3.0,"key":"Weak Potion"},{"floor":4.0,"key":"SkillPotion"},{"floor":18.0,"key":"LiquidMemories"},{"floor":23.0,"key":"Regen Potion"},{"floor":25.0,"key":"Strength Potion"},{"floor":30.0,"key":"Dexterity Potion"},{"floor":33.0,"key":"SpeedPotion"},{"floor":36.0,"key":"BlessingOfTheForge"},{"floor":41.0,"key":"Weak Potion"},{"floor":42.0,"key":"SpeedPotion"}],"is_trial":false,"path_per_floor":["M","M","M","M","M","R","E","R","T","E","?","R","$","E","R","B",null,"M","$","M","M","M","E","R","E","T","?","R","M","E","?","R","B",null,"M","?","$","M","$","R","E","M","T","E","?","E","$","?","R","B",null,"R","$","E","B",null],"character_chosen":"IRONCLAD","items_purchased":["Flame Barrier","PowerPotion"],"campfire_rested":0,"item_purchase_floors":[39,53],"current_hp_per_floor":[74,73,73,70,71,71,72,72,72,70,63,63,63,59,59,51,69,73,73,75,75,75,58,58,56,56,35,35,34,49,49,58,53,73,54,54,69,75,83,83,30,44,44,55,55,56,71,71,77,56,76,82,83,30,19],"gold":48,"neow_bonus":"RANDOM_COLORLESS_2","is_daily":false,"chose_seed":false,"campfire_upgraded":9,"win_rate":0.0,"timestamp":1611384049,"path_taken":["M","M","M","M","M","R","E","R","T","E","?","R","$","E","R","BOSS","M","$","M","M","M","E","R","E","T","?","R","M","E","?","R","BOSS","M","?","?","M","$","R","E","M","T","E","?","E","?","?","R","BOSS","R","$","E","BOSS"],"items_purchased_type":["Card","Potion"],"build_version":"2020-12-22","purchased_purges":5,"victory":true,"max_hp_per_floor":[75,75,75,75,75,75,75,75,75,75,75,75,75,75,75,75,75,75,75,75,75,75,75,75,75,75,80,80,80,80,80,80,80,80,80,80,80,83,83,83,83,83,83,83,83,83,83,83,83,83,83,83,83,83,83],"card_choices":[{"not_picked":["Secret Weapon","Chrysalis"],"picked":"The Bomb","floor":0.0},{"not_picked":["Dark Embrace","Rage","Iron Wave"],"picked":"SKIP","floor":1.0},{"not_picked":["Body Slam","Iron Wave","Heavy Blade"],"picked":"SKIP","floor":2.0},{"not_picked":["Wild Strike","Carnage"],"picked":"True Grit","floor":3.0},{"not_picked":["Flex","Entrench"],"picked":"Battle Trance","floor":4.0},{"not_picked":["Flex","Iron Wave","Clothesline"],"picked":"SKIP","floor":5.0},{"not_picked":["Headbutt","Warcry"],"picked":"Flame Barrier","floor":7.0},{"not_picked":["Pummel","Inflame","Rage"],"picked":"SKIP","floor":10.0},{"not_picked":["Headbutt","Double Tap"],"picked":"Flame Barrier","floor":14.0},{"not_picked":["Clash+1","Warcry+1","Shrug It Off"],"picked":"SKIP","floor":18.0},{"not_picked":["Dropkick","Shrug It Off"],"picked":"Evolve+1","floor":20.0},{"not_picked":["Sentinel","Headbutt","Dark Embrace"],"picked":"SKIP","floor":21.0},{"not_picked":["Shrug It Off","Reckless Charge","Sword Boomerang+1"],"picked":"SKIP","floor":22.0},{"not_picked":["Impervious","Reckless Charge+1"],"picked":"Juggernaut","floor":23.0},{"not_picked":["Armaments","Headbutt+1","Body Slam"],"picked":"SKIP","floor":25.0},{"not_picked":["Burning Pact","Metallicize","Warcry"],"picked":"SKIP","floor":29.0},{"not_picked":["Pommel Strike","Blood for Blood","Headbutt"],"picked":"SKIP","floor":30.0},{"not_picked":["Heavy Blade+1","Feel No Pain","Cleave"],"picked":"SKIP","floor":35.0},{"not_picked":["Flex+1","Thunderclap+1","Cleave+1"],"picked":"SKIP","floor":38.0},{"not_picked":["Clothesline","Thunderclap","Wild Strike"],"picked":"SKIP","floor":41.0},{"not_picked":["True Grit","Iron Wave+1"],"picked":"Body Slam","floor":42.0},{"not_picked":["Body Slam","Rupture+1","Metallicize+1"],"picked":"SKIP","floor":44.0},{"not_picked":["Clash","Pommel Strike","Perfected Strike"],"picked":"SKIP","floor":46.0},{"not_picked":["Headbutt","Heavy Blade"],"picked":"Intimidate+1","floor":54}],"player_experience":393281,"relics_obtained":[{"floor":7.0,"key":"Regal Pillow"},{"floor":9.0,"key":"Art of War"},{"floor":10.0,"key":"CeramicFish"},{"floor":14.0,"key":"Red Skull"},{"floor":23.0,"key":"MealTicket"},{"floor":25.0,"key":"Dream Catcher"},{"floor":26.0,"key":"Meat on the Bone"},{"floor":30.0,"key":"Eternal Feather"},{"floor":41.0,"key":"Incense Burner"},{"floor":44.0,"key":"Frozen Egg 2"},{"floor":46.0,"key":"The Courier"},{"floor":54,"key":"Self Forming Clay"}],"event_choices":[{"cards_removed":["Strike_R"],"damage_healed":0.0,"max_hp_gain":0.0,"max_hp_loss":0.0,"gold_gain":0.0,"event_name":"Golden Wing","player_choice":"Card Removal","floor":11.0,"gold_loss":0.0,"damage_taken":7.0},{"damage_healed":0.0,"max_hp_gain":5.0,"max_hp_loss":0.0,"gold_gain":0.0,"event_name":"Forgotten Altar","player_choice":"Shed Blood","floor":27.0,"gold_loss":0.0,"damage_taken":26.0},{"damage_healed":0.0,"max_hp_gain":0.0,"max_hp_loss":0.0,"gold_gain":0.0,"event_name":"Ghosts","player_choice":"Ignored","floor":31.0,"gold_loss":0.0,"damage_taken":0.0},{"damage_healed":0.0,"max_hp_gain":0.0,"max_hp_loss":0.0,"gold_gain":0.0,"event_name":"Lab","player_choice":"Got Potions","floor":36.0,"gold_loss":0.0,"damage_taken":0.0},{"damage_healed":0.0,"max_hp_gain":0.0,"max_hp_loss":0.0,"gold_gain":0.0,"event_name":"Tomb of Lord Red Mask","player_choice":"Ignored","floor":45.0,"gold_loss":0.0,"damage_taken":0.0},{"damage_healed":0.0,"max_hp_gain":0.0,"max_hp_loss":0.0,"gold_gain":0.0,"event_name":"SensoryStone","player_choice":"Memory 1","floor":48.0,"gold_loss":0.0,"damage_taken":0.0}],"is_beta":false,"boss_relics":[{"not_picked":["Coffee Dripper","Calling Bell"],"picked":"Snecko Eye"},{"not_picked":["Tiny House","Black Star"],"picked":"Pandora\u0027s Box"}],"items_purged_floors":[13,19,37,39,47],"is_endless":false,"potions_floor_spawned":[1,3,4,18,23,25,30,33,41,42],"ascension_level":16}}