{"host":"22ezjknwheybwqtz","time":1611391318,"event":{"mods":["BaseMod","Minty Spire (QoL Compilation)","Replay The Spire","Shop Mod","StSLib"],"gold_per_floor":[114,114,134,134,154,168,168,187,187,187,228,228,258,258,258,270,270],"floor_reached":16,"language":"ENG","playtime":445,"items_purged":[],"score":107,"play_id":"4b6b5a67-0593-422d-a6a3-59fca0dac55c","local_time":"20210123164158","is_ascension_mode":true,"campfire_choices":[{"data":"Bane","floor":7,"key":"SMITH"},{"floor":15,"key":"REST"}],"circlet_count":0,"master_deck":["Strike_G","Strike_G","Strike_G","Defend_G","Defend_G","Defend_G","Defend_G","Survivor","Neutralize","Poisoned Stab","Bane+1","Footwork+1","Poisoned Stab","Prepared","Infinite Blades","Outmaneuver","Cloak And Dagger","Wraith Form v2"],"relics":["Ring of the Snake","NeowsBlessing","Bottled Lightning","Replay:Bandana","Pear"],"acts_visited":["Exordium"],"potions_floor_usage":[16,16],"damage_taken":[{"damage":0,"enemies":"Small Slimes","floor":1,"turns":1},{"damage":0,"enemies":"Jaw Worm","floor":3,"turns":1},{"damage":0,"enemies":"Cultist","floor":5,"turns":1},{"damage":2,"enemies":"Looter","floor":6,"turns":2},{"damage":5,"enemies":"Exordium Thugs","floor":8,"turns":3},{"damage":26,"enemies":"Gremlin Nob","floor":11,"turns":5},{"damage":27,"enemies":"Lots of Slimes","floor":13,"turns":5},{"damage":44,"enemies":"Slime Boss","floor":16,"turns":10}],"seed_played":"-3492289913761678605","potions_obtained":[{"floor":3,"key":"EssenceOfSteel"},{"floor":8,"key":"Swift Potion"},{"floor":13,"key":"ColorlessPotion"}],"is_trial":false,"path_per_floor":["M","?","M","?","M","M","R","M","T","T","E","?","M","?","R","B"],"character_chosen":"THE_SILENT","items_purchased":[],"campfire_rested":1,"item_purchase_floors":[],"current_hp_per_floor":[70,63,63,63,63,61,61,56,56,56,40,40,13,13,37,0,0],"gold":270,"neow_bonus":"THREE_ENEMY_KILL","is_daily":false,"chose_seed":false,"campfire_upgraded":1,"win_rate":0.0,"timestamp":1611391318,"path_taken":["M","?","M","?","M","M","R","M","T","?","E","?","?","?","R","BOSS"],"items_purchased_type":[],"build_version":"2020-12-22","purchased_purges":0,"victory":false,"max_hp_per_floor":[70,70,70,70,70,70,70,70,70,70,80,80,80,80,80,80,80],"card_choices":[{"not_picked":["PiercingWail","Hidden Blade"],"picked":"Poisoned Stab","floor":1},{"not_picked":["Dagger Spray","ReplayTheSpireMod:The Works"],"picked":"Bane","floor":3},{"not_picked":["Deflect","Caltrops"],"picked":"Poisoned Stab","floor":5},{"not_picked":["Poisoned Stab","Distraction"],"picked":"Prepared","floor":6},{"not_picked":["Dagger Throw","Sucker Punch"],"picked":"Infinite Blades","floor":8},{"not_picked":["PiercingWail","All Out Attack"],"picked":"Outmaneuver","floor":11},{"not_picked":["Hidden Blade","Dodge and Roll"],"picked":"Cloak And Dagger","floor":13}],"player_experience":69614,"relics_obtained":[{"floor":9,"key":"Bottled Lightning"},{"floor":10,"key":"Replay:Bandana"},{"floor":11,"key":"Pear"}],"event_choices":[{"cards_removed":["Strike_G"],"damage_healed":0,"gold_gain":0,"player_choice":"Card Removal","damage_taken":7,"max_hp_gain":0,"max_hp_loss":0,"event_name":"Golden Wing","floor":2,"gold_loss":0},{"cards_removed":["Strike_G"],"damage_healed":0,"gold_gain":0,"player_choice":"Purged","damage_taken":0,"max_hp_gain":0,"max_hp_loss":0,"event_name":"Purifier","floor":12,"gold_loss":0},{"damage_healed":0,"gold_gain":0,"player_choice":"1 cards matched","damage_taken":0,"max_hp_gain":0,"max_hp_loss":0,"event_name":"Match and Keep!","floor":14,"gold_loss":0,"cards_obtained":["Wraith Form v2"]}],"is_beta":false,"boss_relics":[],"items_purged_floors":[],"is_endless":false,"potions_floor_spawned":[3,8,13],"killed_by":"Slime Boss","ascension_level":1}}