{"host":"sc0o2qwpf9j16a4i","time":1611360616,"event":{"mods":["AchievementEnabler","BaseMod","BetterRewards","Block Reminder","Colored Map","Colored Powertips","Custom Start","Highlight Path","Minty Spire (QoL Compilation)","Relic Stats"],"gold_per_floor":[114,133,144,44,94,94,119,138,138,149,149,175,190,190,190,190,190],"floor_reached":16,"language":"ENG","playtime":336,"items_purged":["Strike_R","Strike_R"],"score":324,"play_id":"307dc8cf-f22d-4445-b134-16781b6e4e3a","local_time":"20210123021016","is_ascension_mode":true,"campfire_choices":[{"data":"Uppercut","floor":6,"key":"SMITH"},{"floor":11,"key":"REST"},{"floor":15,"key":"REST"}],"circlet_count":0,"master_deck":["AscendersBane","Strike_R","Strike_R","Strike_R","Defend_R","Defend_R","Defend_R","Defend_R","Bash","Twin Strike","Anger","Disarm","Fire Breathing","Thunderclap","Offering","Uppercut+1","Shrug It Off","Whirlwind","Spot Weakness","True Grit"],"relics":["Burning Blood","ClockworkSouvenir","Centennial Puzzle","Oddly Smooth Stone","Orrery","Dream Catcher","Lantern","Shuriken"],"acts_visited":["Exordium"],"potions_floor_usage":[7,12],"damage_taken":[{"damage":0,"enemies":"Small Slimes","floor":1,"turns":3},{"damage":6,"enemies":"Cultist","floor":2,"turns":2},{"damage":9,"enemies":"Jaw Worm","floor":3,"turns":2},{"damage":10,"enemies":"3 Sentries","floor":7,"turns":5},{"damage":10,"enemies":"Blue Slaver","floor":8,"turns":2},{"damage":11,"enemies":"Looter","floor":10,"turns":2},{"damage":12,"enemies":"Gremlin Nob","floor":12,"turns":3},{"damage":6,"enemies":"Exordium Thugs","floor":13,"turns":3},{"damage":33,"enemies":"Slime Boss","floor":16,"turns":3}],"seed_played":"72426295338479180","potions_obtained":[{"floor":1,"key":"Ancient Potion"},{"floor":3,"key":"FearPotion"},{"floor":10,"key":"GamblersBrew"}],"is_trial":false,"path_per_floor":["M","M","M","$","?","R","E","M","T","M","R","E","M","?","R","B"],"character_chosen":"IRONCLAD","items_purchased":["ClockworkSouvenir","Centennial Puzzle","Oddly Smooth Stone","Orrery"],"campfire_rested":2,"item_purchase_floors":[0,0,0,0],"current_hp_per_floor":[43,43,40,40,40,40,36,32,32,27,49,43,43,8,30,0,0],"gold":190,"neow_bonus":"","is_daily":false,"chose_seed":false,"campfire_upgraded":1,"win_rate":0.0,"timestamp":1611360616,"path_taken":["M","M","M","$","?","R","E","M","T","?","R","E","M","?","R","BOSS"],"items_purchased_type":["Relic","Relic","Relic","Relic"],"build_version":"2020-12-22","purchased_purges":2,"victory":false,"max_hp_per_floor":[75,75,75,75,75,75,75,75,75,75,75,75,75,75,75,75,75],"relic_stats":{"Centennial Puzzle":[30],"Dream Catcher":2,"counters":[35,176],"Shuriken":[1],"obtain_stats":[{"Ice Cream":28,"Lantern":9,"Golden Idol":13,"Oddly Smooth Stone":0,"Pen Nib":28,"The Courier":29,"Ancient Tea Set":9,"Medical Kit":42,"Burning Blood":0,"ClockworkSouvenir":0,"Peace Pipe":42,"Du-Vu Doll":48,"SlaversCollar":34,"Centennial Puzzle":0,"Dream Catcher":7,"Ornamental Fan":26,"Shuriken":12,"Strawberry":10,"Orrery":0,"Art of War":41,"Bottled Lightning":24,"Membership Card":28,"Unceasing Top":43,"Runic Pyramid":17},{"Ice Cream":15,"Lantern":31,"Golden Idol":7,"Oddly Smooth Stone":26,"Pen Nib":15,"The Courier":15,"Ancient Tea Set":4,"Medical Kit":22,"Burning Blood":0,"ClockworkSouvenir":26,"Peace Pipe":22,"Du-Vu Doll":25,"SlaversCollar":17,"Centennial Puzzle":26,"Dream Catcher":30,"Ornamental Fan":14,"Shuriken":33,"Strawberry":5,"Orrery":26,"Art of War":22,"Bottled Lightning":14,"Membership Card":15,"Unceasing Top":22,"Runic Pyramid":9},{"Ice Cream":78,"Lantern":165,"Golden Idol":29,"Oddly Smooth Stone":151,"Pen Nib":78,"The Courier":78,"Ancient Tea Set":15,"Medical Kit":123,"Burning Blood":0,"ClockworkSouvenir":151,"Peace Pipe":123,"Du-Vu Doll":144,"SlaversCollar":91,"Centennial Puzzle":151,"Dream Catcher":163,"Ornamental Fan":72,"Shuriken":170,"Strawberry":20,"Orrery":151,"Art of War":123,"Bottled Lightning":72,"Membership Card":78,"Unceasing Top":123,"Runic Pyramid":40}],"Burning Blood":170},"card_choices":[{"not_picked":["Havoc","Perfected Strike"],"picked":"Twin Strike","floor":0},{"not_picked":["Body Slam","Twin Strike"],"picked":"Anger","floor":0},{"not_picked":["Thunderclap","Sever Soul"],"picked":"Disarm","floor":0},{"not_picked":["Twin Strike","Armaments"],"picked":"Fire Breathing","floor":0},{"not_picked":["Body Slam","Perfected Strike"],"picked":"Thunderclap","floor":0},{"not_picked":["Evolve","Perfected Strike"],"picked":"Offering","floor":1},{"not_picked":["Clothesline","Carnage"],"picked":"Uppercut","floor":2},{"not_picked":["Seeing Red","Wild Strike"],"picked":"Shrug It Off","floor":3},{"not_picked":["Double Tap","Havoc"],"picked":"Whirlwind","floor":7},{"not_picked":["Flex","Anger"],"picked":"Spot Weakness","floor":8},{"not_picked":["Clothesline","Pommel Strike"],"picked":"True Grit","floor":10},{"not_picked":["Dark Embrace","Flame Barrier","Body Slam"],"picked":"SKIP","floor":12},{"not_picked":["Body Slam","Pommel Strike","True Grit"],"picked":"SKIP","floor":13}],"player_experience":919785,"relics_obtained":[{"floor":7,"key":"Dream Catcher"},{"floor":9,"key":"Lantern"},{"floor":12,"key":"Shuriken"}],"event_choices":[{"damage_healed":0,"gold_gain":50,"player_choice":"Pray","damage_taken":0,"max_hp_gain":0,"max_hp_loss":0,"event_name":"Golden Shrine","floor":5,"gold_loss":0},{"damage_healed":0,"gold_gain":0,"player_choice":"Fled","damage_taken":35,"max_hp_gain":0,"max_hp_loss":0,"event_name":"Scrap Ooze","floor":14,"gold_loss":0}],"is_beta":false,"boss_relics":[],"items_purged_floors":[0,4],"is_endless":false,"potions_floor_spawned":[1,3,10],"killed_by":"Slime Boss","ascension_level":20}}