{"host":"xervbyl8oukkrn1w","time":1611421976,"event":{"mods":["BaseMod","Downfall","Hubris","Infinite Spire","Mad Scientist","Minty Spire (QoL Compilation)","Quick Restart","READ ME - Guardian Mod","Replay The Spire","Shade Mod","StSLib","The Blackbeard","The Cursed","The Elementalist","The Jungle","The Necromancer","The Runesmith"],"gold_per_floor":[115,131,131,131,141,141,141,158,158,171,171,140,159,230,230,325,325,344,344,376,376,376,376,387,416,416,446,473,473,149,149,149,82,82,177,177,197,216,316,316],"floor_reached":39,"language":"ENG","playtime":3414,"items_purged":[],"score":507,"play_id":"8130b229-6b03-4553-a76d-9aab3e781fce","local_time":"20210123171256","is_ascension_mode":false,"campfire_choices":[{"data":"Endless Agony","floor":6,"key":"SMITH"},{"floor":11,"key":"REST"},{"data":"Dagger Spray","floor":15,"key":"SMITH"},{"data":"Blade Dance","floor":29,"key":"SMITH"},{"data":"hubris:EnhanceAbility","floor":31,"key":"SMITH"},{"data":"Die Die Die","floor":34,"key":"SMITH"}],"circlet_count":0,"master_deck":["Strike_G+1","Strike_G","Strike_G+1","Strike_G","Defend_G","Defend_G","Defend_G+1","Survivor","Neutralize+1","Endless Agony+1","Cloak And Dagger","Dagger Spray+1","Flying Knee+1","Calculated Gamble","Poisoned Stab","Sucker Punch","Die Die Die+1","Caltrops+1","Dodge and Roll+1","hubris:TrickCloak+1","Blade Dance+1","downfall:Bewildered","Blade Dance+1","hubris:EnhanceAbility+1","ReplayTheSpireMod:Speed Training","Replay:Bag of Tricks","hubris:Counter+1","hubris:Fate","Footwork+1"],"relics":["Replay:Drink Me","Juzu Bracelet","hubris:Icosahedron","infinitespire:CursedDice","Strawberry","hubris:SphereOfDissonance","Black Star","Quantum Egg","Red Mask","hubris:BottledHeart","Simple Rune","hubris:BundleOfHerbs","sneckomod:BabySnecko","InkBottle","Gremlin Food","hubris:AncientText","Whetstone","Replay:Bronze Core","The Specimen"],"acts_visited":["Exordium","TheCity","TheBeyond"],"potions_floor_usage":[16,20,25,35],"damage_taken":[{"damage":0,"enemies":"Small Slimes","floor":1,"turns":3},{"damage":0,"enemies":"Jaw Worm","floor":2,"turns":4},{"damage":10,"enemies":"2 Louse","floor":5,"turns":3},{"damage":0,"enemies":"Looter","floor":8,"turns":3},{"damage":13,"enemies":"2 Fungi Beasts","floor":10,"turns":3},{"damage":0,"enemies":"Lots of Slimes","floor":12,"turns":2},{"damage":0,"enemies":"Looter","floor":13,"turns":2},{"damage":3,"enemies":"Slime Boss","floor":16,"turns":6},{"damage":0,"enemies":"3 Byrds","floor":18,"turns":4},{"damage":7,"enemies":"Masked Bandits","floor":20,"turns":2},{"damage":0,"enemies":"2 Thieves","floor":24,"turns":3},{"damage":0,"enemies":"Book of Stabbing","floor":25,"turns":5},{"damage":0,"enemies":"Replay:Snechameleon","floor":27,"turns":3},{"damage":0,"enemies":"hubris:MusketHawk","floor":35,"turns":6},{"damage":0,"enemies":"Orb Walker","floor":37,"turns":3},{"damage":0,"enemies":"3 Darklings","floor":38,"turns":3},{"damage":0,"enemies":"infinitespire:Three Voidlings","floor":39,"turns":4},{"damage":19,"enemies":"Nightmare_Alpha","floor":39,"turns":10}],"seed_played":"5887028658109233417","potions_obtained":[{"floor":8,"key":"ColorlessPotion"},{"floor":10,"key":"GamblersBrew"},{"floor":12,"key":"Venom Potion"},{"floor":18,"key":"champ:CounterPotion"},{"floor":20,"key":"Ancient Potion"},{"floor":24,"key":"FairyPotion"}],"is_trial":false,"path_per_floor":["M","M","?","?","M","R","?","M","T","M","R","M","M","T","R","B",null,"M","?","?","PTL","PTL","?","M","E","?","E","T","R","$","R","?","$","R","B",null,"M","M","?"],"character_chosen":"THE_SILENT","items_purchased":["hubris:EnhanceAbility","Whetstone","ReplayTheSpireMod:Speed Training"],"campfire_rested":1,"item_purchase_floors":[30,30,33],"current_hp_per_floor":[53,53,41,41,31,31,31,31,38,25,43,43,43,43,43,40,60,60,60,53,53,53,1,1,1,1,1,1,1,1,1,1,1,1,1,1,1,1,1,1],"gold":316,"neow_bonus":"BOSS_RELIC","is_daily":false,"chose_seed":false,"campfire_upgraded":5,"win_rate":0.0,"timestamp":1611421976,"path_taken":["M","M","?","?","M","R","?","M","T","M","R","M","M","?","R","BOSS","M","?","?","PTL","PTL","?","M","E","?","E","T","R","$","R","?","?","R","BOSS","M","M","?"],"items_purchased_type":["Card","Relic","Card"],"build_version":"2020-12-22","purchased_purges":0,"victory":false,"max_hp_per_floor":[53,53,53,53,53,53,53,53,60,60,60,60,60,60,60,60,60,60,60,60,60,60,1,1,1,1,1,1,1,1,1,1,1,1,1,1,1,1,1,1],"card_choices":[{"not_picked":["PiercingWail","Masterful Stab"],"picked":"Endless Agony","floor":1},{"not_picked":["Deflect","Bane"],"picked":"Cloak And Dagger","floor":2},{"not_picked":["Cloak And Dagger","Dagger Throw"],"picked":"Dagger Spray","floor":5},{"not_picked":["hubris:SlightOfHand","Prepared"],"picked":"Flying Knee","floor":8},{"not_picked":["Underhanded Strike","Bane"],"picked":"Calculated Gamble","floor":10},{"not_picked":["hubris:SlightOfHand","Phantasmal Killer"],"picked":"Poisoned Stab","floor":12},{"not_picked":["All Out Attack","Dash"],"picked":"Sucker Punch","floor":13},{"not_picked":["Burst","Venomology"],"picked":"Die Die Die","floor":16},{"not_picked":["Acrobatics","Sneak Up+1"],"picked":"Caltrops+1","floor":18},{"not_picked":["Dagger Throw","Prepared+1"],"picked":"Dodge and Roll+1","floor":20},{"not_picked":["Outmaneuver","Reflex"],"picked":"hubris:TrickCloak+1","floor":24},{"not_picked":["Sucker Punch","Calculated Gamble"],"picked":"Blade Dance+1","floor":25},{"not_picked":["Atom Bomb","ReplayTheSpireMod:Scrap Shanks+1"],"picked":"Blade Dance","floor":27},{"not_picked":["Storm of Steel","Venomology"],"picked":"Replay:Bag of Tricks","floor":35},{"not_picked":["Sucker Punch","Deadly Poison"],"picked":"hubris:Counter+1","floor":37},{"not_picked":["Prepared+1","Choke+1","hubris:SlightOfHand"],"picked":"SKIP","floor":38},{"not_picked":["infinitespire:Gouge","infinitespire:Execution"],"picked":"hubris:Fate","floor":39},{"not_picked":["Distraction","hubris:TrickCloak"],"picked":"Footwork+1","floor":39}],"player_experience":93410,"relics_obtained":[{"floor":7,"key":"infinitespire:CursedDice"},{"floor":9,"key":"Strawberry"},{"floor":14,"key":"hubris:SphereOfDissonance"},{"floor":20,"key":"Red Mask"},{"floor":25,"key":"Simple Rune"},{"floor":25,"key":"hubris:BundleOfHerbs"},{"floor":27,"key":"InkBottle"},{"floor":27,"key":"Gremlin Food"},{"floor":28,"key":"hubris:AncientText"},{"floor":39,"key":"The Specimen"}],"event_choices":[{"damage_healed":0,"gold_gain":0,"player_choice":"Success","damage_taken":12,"relics_obtained":["Juzu Bracelet"],"max_hp_gain":0,"max_hp_loss":0,"event_name":"Scrap Ooze","floor":3,"gold_loss":0},{"damage_healed":0,"gold_gain":0,"player_choice":"Fought Bandits","damage_taken":0,"max_hp_gain":0,"max_hp_loss":0,"event_name":"Masked Bandits","floor":20,"gold_loss":0},{"damage_healed":0,"gold_gain":0,"player_choice":"Upgraded","damage_taken":0,"max_hp_gain":0,"max_hp_loss":0,"event_name":"Upgrade Shrine","floor":32,"gold_loss":0,"cards_upgraded":["Neutralize"]}],"is_beta":false,"boss_relics":[{"not_picked":["Painkiller Herb","Abe\u0027s Treasure"],"picked":"Black Star"},{"not_picked":["Sozu","ReplayTheSpireMod:DimensionalGlitch"],"picked":"Replay:Bronze Core"}],"items_purged_floors":[],"is_endless":true,"potions_floor_spawned":[8,10,12,18,20,24,39],"killed_by":"Nightmare_Alpha","ascension_level":0}}