{"host":"ktoxvvst1mwxww91","time":1611389613,"event":{"mods":["BaseMod","Downfall","Hermit","Minty Spire (QoL Compilation)","StSLib","The Blackbeard","The Hierophant","The Mystic","The Necromancer"],"gold_per_floor":[99,99,99,99,119,29,53,38,49,49,81,101,126,126,140,140,140,140],"floor_reached":16,"language":"ENG","playtime":643,"items_purged":["bronze:Strike"],"score":119,"play_id":"52df761a-b26d-4435-b34c-81099c5f43e5","local_time":"20210123091333","is_ascension_mode":true,"campfire_choices":[{"data":"bronze:Replicate","floor":1,"key":"SMITH"}],"circlet_count":0,"master_deck":["bronze:Strike","bronze:Strike","bronze:Strike","bronze:Defend","bronze:Defend+1","bronze:Defend+1","bronze:Defend","bronze:Replicate+1","bronze:Goto+1","bronze:Iterate","bronze:CutThrough","bronze:Spike","bronze:DazingPulse","bronze:Explode","bronze:WhirlingStrike","bronze:MaxOutput","bronze:Optimize","bronze:Constructor","bronze:Refactor","bronze:Frontload","bronze:Philosophize","bronze:BronzeArmor","bronze:FollowUp"],"relics":["bronze:BronzeCore","downfall:HeartsMalice","Anchor","InkBottle","Strawberry"],"acts_visited":["Exordium"],"potions_floor_usage":[8,12,16,16,16],"damage_taken":[{"damage":0,"enemies":"Jaw Worm","floor":2,"turns":1},{"damage":0,"enemies":"Small Slimes","floor":3,"turns":1},{"damage":0,"enemies":"Small Slimes","floor":4,"turns":1},{"damage":1,"enemies":"Cultist","floor":5,"turns":3},{"damage":0,"enemies":"downfall:FleeingMerchant","floor":6,"turns":4},{"damage":3,"enemies":"downfall:FleeingMerchant","floor":8,"turns":4},{"damage":0,"enemies":"3 Louse","floor":9,"turns":1},{"damage":19,"enemies":"Gremlin Nob","floor":11,"turns":5},{"damage":8,"enemies":"Large Slime","floor":12,"turns":6},{"damage":28,"enemies":"Lagavulin","floor":13,"turns":5},{"damage":8,"enemies":"Exordium Wildlife","floor":15,"turns":5},{"damage":11,"enemies":"DF_ARCHETYPE_STREAMLINE","floor":16,"turns":4}],"seed_played":"-4658349717551630113","potions_obtained":[{"floor":4,"key":"Block Potion"},{"floor":11,"key":"AttackPotion"},{"floor":12,"key":"SkillPotion"},{"floor":13,"key":"DistilledChaos"},{"floor":15,"key":"Block Potion"}],"is_trial":false,"path_per_floor":["R","M","M","?","M","$","T","$","M","?","E","M","E","?","M","B"],"character_chosen":"THE_AUTOMATON","items_purchased":[],"campfire_rested":0,"item_purchase_floors":[],"current_hp_per_floor":[70,70,70,70,69,69,69,66,66,66,47,39,18,18,10,0,0,0],"gold":140,"neow_bonus":"THREE_ENEMY_KILL","is_daily":false,"chose_seed":false,"campfire_upgraded":1,"win_rate":0.0,"timestamp":1611389613,"path_taken":["R","M","M","?","M","$","T","$","M","?","E","M","E","?","M","BOSS"],"items_purchased_type":[],"build_version":"2020-12-22","purchased_purges":1,"victory":false,"max_hp_per_floor":[70,70,70,70,70,70,70,70,70,70,70,70,77,77,77,77,77,77],"card_choices":[{"not_picked":["bronze:NullPointer","bronze:Frontload"],"picked":"bronze:Iterate","floor":2},{"not_picked":["bronze:Flail","bronze:Frontload"],"picked":"bronze:CutThrough","floor":3},{"not_picked":[],"picked":"bronze:Spike","floor":4},{"not_picked":[],"picked":"bronze:DazingPulse","floor":4},{"not_picked":[],"picked":"bronze:Explode","floor":4},{"not_picked":["bronze:BuggyMess","bronze:Iterate"],"picked":"bronze:WhirlingStrike","floor":4},{"not_picked":["bronze:DelayedGuard","bronze:ChildClass"],"picked":"bronze:MaxOutput","floor":5},{"not_picked":["bronze:Verify","bronze:FineTuning"],"picked":"bronze:Optimize","floor":6},{"not_picked":["bronze:DelayedGuard","bronze:Deprecate"],"picked":"bronze:Constructor","floor":8},{"not_picked":["bronze:Deprecate","bronze:CutThrough"],"picked":"bronze:Refactor","floor":9},{"not_picked":["bronze:InfiniteBeams","bronze:Overheat"],"picked":"bronze:Frontload","floor":11},{"not_picked":["bronze:BugBarrage","bronze:Invalidate"],"picked":"bronze:Philosophize","floor":12},{"not_picked":["bronze:Shield","bronze:BuggyMess"],"picked":"bronze:BronzeArmor","floor":13},{"not_picked":["bronze:BugBarrage","bronze:Separator"],"picked":"bronze:FollowUp","floor":15}],"player_experience":1159905,"relics_obtained":[{"floor":7,"key":"Anchor"},{"floor":11,"key":"InkBottle"},{"floor":13,"key":"Strawberry"}],"event_choices":[{"cards_removed":["downfall:Malfunctioning"],"damage_healed":0,"gold_gain":0,"player_choice":"Card Removal","damage_taken":0,"max_hp_gain":0,"max_hp_loss":0,"event_name":"The Cleric","floor":14,"gold_loss":0}],"is_beta":false,"boss_relics":[],"items_purged_floors":[6],"is_endless":false,"potions_floor_spawned":[4,11,12,13,15],"killed_by":"DF_ARCHETYPE_STREAMLINE","ascension_level":2}}