{"host":"t7mx8yfj1no5p62f","time":1611414441,"event":{"mods":["BaseMod","Bestiary","Colored Map","Colored Powertips","Minty Spire (QoL Compilation)","Relic Stats","StSLib","ojb\u0027s Info Mod"],"gold_per_floor":[116,135,151,121,137,137,164,179,203,222,0,0,60,80,80,155,155,167,187,102,64,64,64,83,83,83,40,50,67,149,159,159,159,159],"floor_reached":33,"language":"ENG","playtime":1093,"items_purged":["Strike_R"],"score":502,"play_id":"3dd594a3-9a1c-43fb-b284-04e63bd5ea6b","local_time":"20210123100721","is_ascension_mode":true,"campfire_choices":[{"data":"Anger","floor":6.0,"key":"SMITH"},{"data":"Spot Weakness","floor":12.0,"key":"SMITH"},{"floor":15,"key":"REST"},{"floor":23,"key":"REST"},{"data":"True Grit","floor":32,"key":"SMITH"}],"circlet_count":0,"master_deck":["AscendersBane","Strike_R+1","Strike_R+1","Strike_R+1","Strike_R+1","Defend_R+1","Defend_R+1","Defend_R+1","Defend_R+1","Bash","Wild Strike","Evolve","Infernal Blade","Anger+1","Battle Trance","Spot Weakness+1","Fire Breathing","Ghostly Armor","Wild Strike","Corruption","True Grit+1","Power Through","Shrug It Off","Decay","Feel No Pain","Impervious"],"relics":["Runic Pyramid","Anchor","Vajra","Membership Card","Lantern","Black Star","Bronze Scales","Kunai","Gremlin Horn"],"acts_visited":["Exordium","TheCity"],"potions_floor_usage":[13,16,18,19,33,33],"damage_taken":[{"damage":2.0,"enemies":"Cultist","floor":1.0,"turns":4.0},{"damage":7.0,"enemies":"Jaw Worm","floor":2.0,"turns":2.0},{"damage":6.0,"enemies":"Small Slimes","floor":3.0,"turns":4.0},{"damage":21.0,"enemies":"Blue Slaver","floor":5.0,"turns":3.0},{"damage":10.0,"enemies":"3 Sentries","floor":7.0,"turns":8.0},{"damage":8.0,"enemies":"Exordium Thugs","floor":8.0,"turns":4.0},{"damage":0.0,"enemies":"3 Louse","floor":10.0,"turns":2.0},{"damage":16,"enemies":"Gremlin Nob","floor":13,"turns":3},{"damage":0,"enemies":"Blue Slaver","floor":14,"turns":3},{"damage":25,"enemies":"Hexaghost","floor":16,"turns":9},{"damage":26,"enemies":"3 Byrds","floor":18,"turns":5},{"damage":30,"enemies":"Shell Parasite","floor":19,"turns":8},{"damage":6,"enemies":"Snake Plant","floor":24,"turns":3},{"damage":0,"enemies":"Snecko","floor":28,"turns":4},{"damage":0,"enemies":"Centurion and Healer","floor":29,"turns":6},{"damage":8,"enemies":"3 Cultists","floor":31,"turns":5},{"damage":36,"enemies":"Collector","floor":33,"turns":10}],"seed_played":"-2755721745784581642","potions_obtained":[{"floor":4.0,"key":"Fruit Juice"},{"floor":4.0,"key":"SkillPotion"},{"floor":5.0,"key":"SkillPotion"},{"floor":7.0,"key":"Swift Potion"},{"floor":13,"key":"FearPotion"},{"floor":16,"key":"AttackPotion"},{"floor":18,"key":"Ancient Potion"},{"floor":24,"key":"DistilledChaos"},{"floor":28,"key":"PowerPotion"}],"is_trial":false,"path_per_floor":["M","M","M","?","M","R","E","M","T","M","$","R","?","M","R","B",null,"M","M","?","$","?","R","M","?","T","$","M","M","T","M","R","B"],"character_chosen":"IRONCLAD","items_purchased":["Membership Card","Spot Weakness","Fire Breathing","Feel No Pain"],"campfire_rested":2,"item_purchase_floors":[11,11,11,27],"current_hp_per_floor":[66,59,53,53,37,37,27,19,19,19,19,19,3,3,27,2,61,35,5,5,5,5,29,23,23,23,23,23,23,23,15,15,0,0],"gold":159,"neow_bonus":"BOSS_RELIC","is_daily":false,"chose_seed":false,"campfire_upgraded":3,"win_rate":0.0,"timestamp":1611414441,"path_taken":["M","M","M","?","M","R","E","M","T","?","$","R","?","M","R","BOSS","M","M","?","$","?","R","?","?","T","$","M","M","?","?","R","BOSS"],"items_purchased_type":["Relic","Card","Card","Card"],"build_version":"2020-12-22","purchased_purges":1,"victory":false,"max_hp_per_floor":[75,75,75,75,80,80,80,80,80,80,80,80,80,80,80,80,80,80,80,80,80,80,80,80,80,80,80,80,80,80,80,80,80,80],"relic_stats":{"Gremlin Horn":[4,6],"counters":[17,83],"Bronze Scales":[72],"Black Star":0,"Kunai":[7],"obtain_stats":[{"Anchor":7,"Lantern":13,"Gremlin Horn":30,"Bronze Scales":20,"Vajra":9,"Black Star":17,"Membership Card":11,"Kunai":26,"Burning Blood":0,"Runic Pyramid":0},{"Anchor":5,"Lantern":8,"Gremlin Horn":15,"Bronze Scales":12,"Vajra":6,"Black Star":10,"Membership Card":7,"Kunai":13,"Burning Blood":0,"Runic Pyramid":0},{"Anchor":21,"Lantern":30,"Gremlin Horn":68,"Bronze Scales":55,"Vajra":25,"Black Star":42,"Membership Card":27,"Kunai":58,"Burning Blood":0,"Runic Pyramid":0}]},"card_choices":[{"not_picked":["Headbutt","True Grit"],"picked":"Wild Strike","floor":1.0},{"not_picked":["Dual Wield","Clothesline"],"picked":"Evolve","floor":2.0},{"not_picked":["Perfected Strike","Warcry"],"picked":"Infernal Blade","floor":3.0},{"not_picked":["Warcry","Sword Boomerang"],"picked":"Anger","floor":5.0},{"not_picked":["Clash","Demon Form","Evolve"],"picked":"SKIP","floor":7.0},{"not_picked":["Warcry","Twin Strike","Blood for Blood"],"picked":"SKIP","floor":8.0},{"not_picked":["Perfected Strike","Heavy Blade"],"picked":"Battle Trance","floor":10.0},{"not_picked":["Flex","Wild Strike"],"picked":"Ghostly Armor","floor":13},{"not_picked":["Anger","Pommel Strike"],"picked":"Wild Strike","floor":14},{"not_picked":["Immolate","Berserk"],"picked":"Corruption","floor":16},{"not_picked":["Thunderclap","Wild Strike+1"],"picked":"True Grit","floor":18},{"not_picked":["Wild Strike","Twin Strike"],"picked":"Power Through","floor":19},{"not_picked":["Headbutt","Iron Wave"],"picked":"Shrug It Off","floor":24},{"not_picked":["Pommel Strike","Wild Strike"],"picked":"Impervious","floor":28},{"not_picked":["Anger","Thunderclap","Warcry"],"picked":"SKIP","floor":29},{"not_picked":["Demon Form","Clash","Thunderclap"],"picked":"SKIP","floor":31}],"player_experience":1829256,"relics_obtained":[{"floor":7.0,"key":"Anchor"},{"floor":9.0,"key":"Vajra"},{"floor":13,"key":"Lantern"},{"floor":26,"key":"Kunai"},{"floor":30,"key":"Gremlin Horn"}],"event_choices":[{"damage_healed":0.0,"max_hp_gain":0.0,"max_hp_loss":0.0,"gold_gain":0.0,"event_name":"The Woman in Blue","player_choice":"Bought 2 Potions","floor":4.0,"gold_loss":0.0,"damage_taken":0.0},{"damage_healed":0,"gold_gain":30,"player_choice":"Searched \u00273\u0027 times","damage_taken":0,"max_hp_gain":0,"max_hp_loss":0,"event_name":"Dead Adventurer","floor":13,"gold_loss":0},{"damage_healed":0,"gold_gain":0,"player_choice":"Obtained Relic","damage_taken":0,"relics_obtained":["Bronze Scales"],"max_hp_gain":0,"max_hp_loss":0,"event_name":"Addict","floor":20,"gold_loss":85},{"damage_healed":0,"gold_gain":0,"player_choice":"Simplicity","damage_taken":0,"max_hp_gain":0,"max_hp_loss":0,"event_name":"Back to Basics","floor":22,"gold_loss":0,"cards_upgraded":["Strike_R","Strike_R","Strike_R","Strike_R","Defend_R","Defend_R","Defend_R","Defend_R"]},{"damage_healed":0,"gold_gain":0,"player_choice":"Smashed Altar","damage_taken":0,"max_hp_gain":0,"max_hp_loss":0,"event_name":"Forgotten Altar","floor":25,"gold_loss":0,"cards_obtained":["Decay"]}],"is_beta":false,"boss_relics":[{"not_picked":["Tiny House","Snecko Eye"],"picked":"Black Star"}],"items_purged_floors":[21],"is_endless":false,"potions_floor_spawned":[5,7,13,16,18,24,28],"killed_by":"Collector","ascension_level":20}}