{"host":"ordk2y2ebcetabk6","time":1611389158,"event":{"mods":["AlwaysNeverKeys","Astrologer","Bard","BaseMod","Better Debug","Colored Map","Colored Powertips","Dark Map","Hermit","Highlight Path","Minty Spire (QoL Compilation)","Permanent Neow","Rare Cards Sparkle","Spire Arcade","StSLib","The Explorer","The Hydrologist"],"gold_per_floor":[119,119,119,134,209,209,245,245,294,313,334,358,378,401,401,526,526,550,60,84,103,103,103,117,117,117,140,159,59,59,59,59,184,247,262,276,291,291,291,291,315,335,360,360,376,376,676,700,700,700],"floor_reached":51,"language":"ENG","playtime":1757,"items_purged":["hydrologistmod:Strike_Hydrologist","hydrologistmod:Strike_Hydrologist"],"score":710,"play_id":"7f17935a-183e-413a-8e24-af835d298e25","local_time":"20210123010558","is_ascension_mode":false,"campfire_choices":[{"data":"hydrologistmod:Aqueducts","floor":6.0,"key":"SMITH"},{"data":"hydrologistmod:Aqueducts","floor":8.0,"key":"SMITH"},{"data":"hydrologistmod:SurfaceTension","floor":15.0,"key":"SMITH"},{"data":"hydrologistmod:Aqueducts","floor":23,"key":"SMITH"},{"data":"hydrologistmod:StormFront","floor":30,"key":"SMITH"},{"data":"hydrologistmod:Blizzard","floor":32,"key":"SMITH"},{"floor":40,"key":"REST"},{"floor":49,"key":"REST"}],"circlet_count":0,"master_deck":["hydrologistmod:Strike_Hydrologist+1","hydrologistmod:FrostWhip+1","hydrologistmod:Hydraulics+1","hydrologistmod:Defend_Hydrologist+1","hydrologistmod:Defend_Hydrologist+1","hydrologistmod:UnstableDefend+1","hydrologistmod:UnstableDefend+1","hydrologistmod:Aqueducts+1","hydrologistmod:SoggySynthesis+1","hydrologistmod:Aqueducts+1","hydrologistmod:PureWater+1","hydrologistmod:SurfaceTension+1","hydrologistmod:Blizzard+1","hydrologistmod:Aqueducts+1","hydrologistmod:StormFront+1","hydrologistmod:PureSteam+1"],"relics":["Snecko Eye","InkBottle","Golden Idol","Gremlin Horn","Dream Catcher","Busted Crown","hydrologistmod:GliderStaff","Blood Vial","Tiny House","Smiling Mask","Mark of the Bloom"],"acts_visited":["Exordium","TheCity","TheBeyond"],"potions_floor_usage":[24,36,37,37,44,50],"damage_taken":[{"damage":4.0,"enemies":"Jaw Worm","floor":1.0,"turns":4.0},{"damage":2.0,"enemies":"Small Slimes","floor":4.0,"turns":4.0},{"damage":18.0,"enemies":"Lagavulin","floor":7.0,"turns":6.0},{"damage":0.0,"enemies":"2 Louse","floor":10.0,"turns":2.0},{"damage":12.0,"enemies":"Exordium Thugs","floor":11.0,"turns":2.0},{"damage":0.0,"enemies":"Lots of Slimes","floor":12.0,"turns":1.0},{"damage":0.0,"enemies":"Blue Slaver","floor":13.0,"turns":3.0},{"damage":0.0,"enemies":"Exordium Wildlife","floor":14.0,"turns":3.0},{"damage":6.0,"enemies":"Slime Boss","floor":16.0,"turns":6.0},{"damage":16.0,"enemies":"2 Thieves","floor":18.0,"turns":3.0},{"damage":11.0,"enemies":"Shell Parasite","floor":20.0,"turns":5.0},{"damage":3.0,"enemies":"3 Cultists","floor":21.0,"turns":4.0},{"damage":6,"enemies":"Centurion and Healer","floor":24,"turns":5},{"damage":0,"enemies":"Cultist and Chosen","floor":27,"turns":3},{"damage":0,"enemies":"Snecko","floor":28,"turns":3},{"damage":9,"enemies":"Collector","floor":33,"turns":6},{"damage":1,"enemies":"Orb Walker","floor":35,"turns":2},{"damage":35,"enemies":"3 Darklings","floor":36,"turns":3},{"damage":4,"enemies":"Writhing Mass","floor":37,"turns":3},{"damage":0,"enemies":"Transient","floor":41,"turns":5},{"damage":0,"enemies":"Sphere and 2 Shapes","floor":42,"turns":2},{"damage":0,"enemies":"Nemesis","floor":44,"turns":2},{"damage":0,"enemies":"3 Darklings","floor":45,"turns":2},{"damage":0,"enemies":"Transient","floor":48,"turns":5},{"damage":29,"enemies":"Awakened One","floor":50,"turns":9}],"seed_played":"-6695603782061151836","potions_obtained":[{"floor":1.0,"key":"SmokeBomb"},{"floor":10.0,"key":"LiquidMemories"},{"floor":12.0,"key":"SteroidPotion"},{"floor":16.0,"key":"Fruit Juice"},{"floor":24,"key":"DistilledChaos"},{"floor":27,"key":"SkillPotion"},{"floor":36,"key":"AttackPotion"},{"floor":45,"key":"SmokeBomb"},{"floor":48,"key":"Dexterity Potion"}],"is_trial":false,"path_per_floor":["M","?","?","M","?","R","E","R","T","M","M","M","M","M","R","B",null,"M","$","M","M","?","R","M","?","T","M","M","$","R","$","R","B",null,"M","M","M","?","?","R","M","M","T","E","M","?","?","M","R","B",null],"character_chosen":"HYDROLOGIST_CLASS","items_purchased":["hydrologistmod:Aqueducts","hydrologistmod:GliderStaff","hydrologistmod:StormFront"],"campfire_rested":2,"item_purchase_floors":[19,19,19],"current_hp_per_floor":[73,66,66,64,57,57,39,39,39,39,27,27,27,27,27,21,71,60,60,49,46,46,46,40,40,40,42,44,44,44,44,44,37,81,80,55,53,53,53,76,77,77,77,77,77,77,77,77,77,48],"gold":700,"neow_bonus":"BOSS_RELIC","is_daily":false,"chose_seed":false,"campfire_upgraded":6,"win_rate":0.0,"timestamp":1611389158,"path_taken":["M","?","?","M","?","R","E","R","T","M","M","?","?","M","R","BOSS","M","$","M","M","?","R","M","?","T","M","M","$","R","$","R","BOSS","M","M","M","?","?","R","M","M","T","E","M","?","?","M","R","BOSS"],"items_purchased_type":["Card","Relic","Card"],"build_version":"2020-12-22","purchased_purges":2,"victory":true,"max_hp_per_floor":[77,77,71,71,71,71,71,71,71,71,71,71,71,71,71,71,71,76,76,76,76,76,76,76,76,76,76,76,76,76,76,76,76,81,81,81,81,81,77,77,77,77,77,77,77,77,77,77,77,77],"card_choices":[{"not_picked":["hydrologistmod:LayeredShell","hydrologistmod:ViscousShell"],"picked":"hydrologistmod:Aqueducts","floor":1.0},{"not_picked":["hydrologistmod:LayeredShell","hydrologistmod:Debilitate"],"picked":"hydrologistmod:SoggySynthesis","floor":4.0},{"not_picked":["hydrologistmod:SurfaceTension","hydrologistmod:DimensionalIcicles"],"picked":"hydrologistmod:Aqueducts","floor":7.0},{"not_picked":["hydrologistmod:Dehydrate","hydrologistmod:SwelteringStrike"],"picked":"hydrologistmod:PureSteam","floor":10.0},{"not_picked":["hydrologistmod:BracedForm","hydrologistmod:CrystalLattice","hydrologistmod:TidalWave"],"picked":"SKIP","floor":11.0},{"not_picked":["hydrologistmod:Liquidation","hydrologistmod:SteamPower"],"picked":"hydrologistmod:PureWater","floor":12.0},{"not_picked":["hydrologistmod:HighTide","hydrologistmod:Liquidation","hydrologistmod:Drench"],"picked":"SKIP","floor":13.0},{"not_picked":["hydrologistmod:GlacialSynthesis","hydrologistmod:DimensionalIcicles"],"picked":"hydrologistmod:SurfaceTension","floor":14.0},{"not_picked":["hydrologistmod:Slurry","hydrologistmod:StormOfSleet"],"picked":"hydrologistmod:Blizzard","floor":16.0},{"not_picked":["hydrologistmod:Crystallization+1"],"picked":"SKIP","floor":18.0},{"not_picked":["hydrologistmod:Debilitate"],"picked":"SKIP","floor":20.0},{"not_picked":["hydrologistmod:Defrost"],"picked":"SKIP","floor":21.0},{"not_picked":[],"picked":"hydrologistmod:PureSteam","floor":24},{"not_picked":["hydrologistmod:OccludingMist+1"],"picked":"SKIP","floor":27},{"not_picked":["hydrologistmod:SoggySynthesis+1"],"picked":"SKIP","floor":28},{"not_picked":["hydrologistmod:SwelteringStrike+1"],"picked":"SKIP","floor":35},{"not_picked":["hydrologistmod:ViscousShell+1"],"picked":"SKIP","floor":36},{"not_picked":["hydrologistmod:SwelteringStrike"],"picked":"SKIP","floor":37},{"not_picked":["hydrologistmod:Cryogenics+1"],"picked":"SKIP","floor":41},{"not_picked":["hydrologistmod:Evaporation+1"],"picked":"SKIP","floor":42},{"not_picked":["hydrologistmod:Ripcurrent"],"picked":"SKIP","floor":45},{"not_picked":["hydrologistmod:GlacialStrike+1"],"picked":"SKIP","floor":48}],"player_experience":1050339,"relics_obtained":[{"floor":7.0,"key":"Gremlin Horn"},{"floor":9.0,"key":"Dream Catcher"},{"floor":26,"key":"Blood Vial"},{"floor":43,"key":"Smiling Mask"}],"event_choices":[{"damage_healed":0.0,"max_hp_gain":0.0,"max_hp_loss":0.0,"gold_gain":0.0,"event_name":"Scrap Ooze","player_choice":"Success","floor":2.0,"gold_loss":0.0,"damage_taken":7.0,"relics_obtained":["InkBottle"]},{"damage_healed":0.0,"max_hp_gain":0.0,"max_hp_loss":6.0,"gold_gain":0.0,"event_name":"Golden Idol","player_choice":"Lose Max HP","floor":3.0,"gold_loss":0.0,"damage_taken":0.0,"relics_obtained":["Golden Idol"]},{"damage_healed":0.0,"max_hp_gain":0.0,"max_hp_loss":0.0,"gold_gain":75.0,"event_name":"FaceTrader","player_choice":"Touch","floor":5.0,"gold_loss":0.0,"damage_taken":7.0},{"damage_healed":0,"gold_gain":0,"player_choice":"Ignored","damage_taken":0,"max_hp_gain":0,"max_hp_loss":0,"event_name":"Ghosts","floor":22,"gold_loss":0},{"cards_removed":["hydrologistmod:Defend_Hydrologist"],"damage_healed":0,"gold_gain":0,"player_choice":"Removed Skill","damage_taken":0,"max_hp_gain":0,"max_hp_loss":0,"event_name":"Falling","floor":38,"gold_loss":0},{"damage_healed":0,"gold_gain":0,"player_choice":"Max HP","damage_taken":0,"max_hp_gain":0,"max_hp_loss":4,"event_name":"Winding Halls","floor":39,"gold_loss":0},{"damage_healed":0,"gold_gain":0,"player_choice":"Upgrade","damage_taken":0,"relics_obtained":["Mark of the Bloom"],"max_hp_gain":0,"max_hp_loss":0,"event_name":"MindBloom","floor":46,"gold_loss":0,"cards_upgraded":["hydrologistmod:Strike_Hydrologist","hydrologistmod:FrostWhip","hydrologistmod:Hydraulics","hydrologistmod:Defend_Hydrologist","hydrologistmod:UnstableDefend","hydrologistmod:UnstableDefend","hydrologistmod:SoggySynthesis","hydrologistmod:PureWater","hydrologistmod:PureSteam"]}],"is_beta":false,"boss_relics":[{"not_picked":["Fusion Hammer","Philosopher\u0027s Stone"],"picked":"Busted Crown"},{"not_picked":["Cursed Key","Coffee Dripper"],"picked":"Tiny House"}],"items_purged_floors":[19,29],"is_endless":false,"potions_floor_spawned":[1,10,12,16,24,27,36,44,45,48],"ascension_level":0}}