{"host":"zutuzvv732cf59m3","time":1611403504,"event":{"mods":["BaseMod","Downfall","Marisa????????","Minty Spire (QoL Compilation)","Prisma Mod","Quick Restart","READ ME - Guardian Mod","Shop Mod","StSLib","The Construct","The Cursed","The Disciple","The Senshi","The Servant 0.9.4"],"gold_per_floor":[118,135,145,161,116,116,141,316,316,89,89,124,124,137,137,137,137],"floor_reached":16,"language":"ENG","playtime":1073,"items_purged":["Doubt"],"score":212,"play_id":"77979849-4d32-4b05-b94c-f2e7f80811ad","local_time":"20210123190504","is_ascension_mode":true,"campfire_choices":[{"data":"Cloak And Dagger","floor":6,"key":"SMITH"},{"floor":15,"key":"REST"}],"circlet_count":0,"master_deck":["AscendersBane","Strike_G","Strike_G","Strike_G","Strike_G","Strike_G","Defend_G","Defend_G","Defend_G","Defend_G","Defend_G","Survivor","Neutralize","Backflip","Footwork","Cloak And Dagger+1","After Image"],"relics":["Ring of the Snake","Ice Cream","Kunai","Sling","Gremlin Horn"],"acts_visited":["Exordium"],"potions_floor_usage":[2,12],"damage_taken":[{"damage":6,"enemies":"Cultist","floor":1,"turns":5},{"damage":1,"enemies":"Small Slimes","floor":2,"turns":4},{"damage":0,"enemies":"2 Louse","floor":3,"turns":4},{"damage":0,"enemies":"Blue Slaver","floor":4,"turns":7},{"damage":1,"enemies":"Looter","floor":5,"turns":5},{"damage":33,"enemies":"3 Sentries","floor":7,"turns":14},{"damage":21,"enemies":"Gremlin Nob","floor":12,"turns":5},{"damage":11,"enemies":"Exordium Thugs","floor":14,"turns":8},{"damage":33,"enemies":"Slime Boss","floor":16,"turns":13}],"seed_played":"-8303564719632522842","potions_obtained":[{"floor":2,"key":"Fruit Juice"},{"floor":7,"key":"Regen Potion"}],"is_trial":false,"path_per_floor":["M","M","M","M","M","R","E","?","T","$","?","E","?","M","R","B"],"character_chosen":"THE_SILENT","items_purchased":["Sling"],"campfire_rested":1,"item_purchase_floors":[10],"current_hp_per_floor":[50,54,54,54,53,53,20,20,20,20,25,13,13,2,28,0,0],"gold":137,"neow_bonus":"TWENTY_PERCENT_HP_BONUS","is_daily":false,"chose_seed":false,"campfire_upgraded":1,"win_rate":0.0,"timestamp":1611403504,"path_taken":["M","?","M","M","M","R","E","?","T","$","?","E","?","M","R","BOSS"],"items_purchased_type":["Relic"],"build_version":"2020-12-22","purchased_purges":1,"victory":false,"max_hp_per_floor":[78,83,83,83,83,83,83,83,83,83,88,88,88,88,88,88,88],"card_choices":[{"not_picked":["Outmaneuver","Deflect","Prepared"],"picked":"SKIP","floor":1},{"not_picked":["Dodge and Roll","Dagger Throw"],"picked":"Backflip","floor":2},{"not_picked":["Terror","Prepared"],"picked":"Footwork","floor":3},{"not_picked":["Blade Dance","Reflex"],"picked":"Cloak And Dagger","floor":4},{"not_picked":["Flechettes","All Out Attack","Infinite Blades"],"picked":"SKIP","floor":5},{"not_picked":["Leg Sweep","Underhanded Strike"],"picked":"After Image","floor":7},{"not_picked":["Outmaneuver","PiercingWail","Masterful Stab"],"picked":"SKIP","floor":12},{"not_picked":["Noxious Fumes","Heel Hook","Poisoned Stab"],"picked":"SKIP","floor":14}],"player_experience":1796768,"relics_obtained":[{"floor":7,"key":"Ice Cream"},{"floor":9,"key":"Kunai"},{"floor":12,"key":"Gremlin Horn"}],"event_choices":[{"damage_healed":0,"gold_gain":175,"player_choice":"AGREE","damage_taken":0,"max_hp_gain":0,"max_hp_loss":0,"event_name":"Liars Game","floor":8,"gold_loss":0,"cards_obtained":["Doubt"]},{"damage_healed":0,"gold_gain":0,"player_choice":"Donut","damage_taken":0,"max_hp_gain":5,"max_hp_loss":0,"event_name":"Big Fish","floor":11,"gold_loss":0},{"damage_healed":0,"gold_gain":0,"player_choice":"Ignored","damage_taken":0,"max_hp_gain":0,"max_hp_loss":0,"event_name":"Shining Light","floor":13,"gold_loss":0}],"is_beta":false,"boss_relics":[],"items_purged_floors":[10],"is_endless":false,"potions_floor_spawned":[2,7],"killed_by":"Slime Boss","ascension_level":14}}