{"host":"swphzoo6hmc78epl","time":1611440829,"event":{"mods":["BaseMod","Highlight Path","Minty Spire (QoL Compilation)","Quick Restart"],"gold_per_floor":[20,35,35,47,67,67,242,242,287,300,316,334,351,351,351,454,454,471,171,171,19,19,45,107,131,169,231,293,305,367,413,425,437,437],"floor_reached":33,"language":"ENG","playtime":1234,"items_purged":["Doubt"],"score":344,"play_id":"b522dc22-7d86-41e7-a299-356781800381","local_time":"20210123172709","is_ascension_mode":true,"campfire_choices":[{"data":"TalkToTheHand","floor":6,"key":"SMITH"},{"data":"Eruption","floor":8,"key":"SMITH"},{"data":"WindmillStrike","floor":15,"key":"SMITH"},{"data":"MasterReality","floor":29,"key":"SMITH"},{"data":"Ragnarok","floor":32,"key":"SMITH"}],"circlet_count":0,"master_deck":["Strike_P","Strike_P","Defend_P","Defend_P+1","Defend_P","Defend_P+1","Eruption+1","Vigilance","BowlingBash","TalkToTheHand+1","WindmillStrike+1","Conclude","CutThroughFate","MasterReality+1","CutThroughFate","Ragnarok+1","CurseOfTheBell","LikeWater+1","CarveReality","Indignation+1"],"relics":["PureWater","Bird Faced Urn","Juzu Bracelet","Calling Bell","Pen Nib","HornCleat","Gambling Chip","War Paint","Membership Card","SsserpentHead","MawBank","Blood Vial","Enchiridion","Letter Opener","MealTicket"],"acts_visited":["Exordium","TheCity"],"potions_floor_usage":[16,16,18,23,23,31],"damage_taken":[{"damage":5,"enemies":"Small Slimes","floor":1,"turns":3},{"damage":0,"enemies":"Cultist","floor":2,"turns":4},{"damage":0,"enemies":"2 Louse","floor":4,"turns":4},{"damage":10,"enemies":"Blue Slaver","floor":5,"turns":4},{"damage":0,"enemies":"Exordium Wildlife","floor":10,"turns":1},{"damage":6,"enemies":"Exordium Thugs","floor":11,"turns":6},{"damage":0,"enemies":"Large Slime","floor":12,"turns":4},{"damage":3,"enemies":"Looter","floor":13,"turns":3},{"damage":21,"enemies":"The Guardian","floor":16,"turns":10},{"damage":9,"enemies":"2 Thieves","floor":18,"turns":5},{"damage":16,"enemies":"Slavers","floor":23,"turns":5},{"damage":0,"enemies":"Chosen","floor":25,"turns":4},{"damage":2,"enemies":"Book of Stabbing","floor":31,"turns":5},{"damage":45,"enemies":"Automaton","floor":33,"turns":4}],"seed_played":"3877666264289455550","potions_obtained":[{"floor":2,"key":"StancePotion"},{"floor":4,"key":"SpeedPotion"},{"floor":10,"key":"AttackPotion"},{"floor":16,"key":"Block Potion"},{"floor":18,"key":"StancePotion"},{"floor":23,"key":"ColorlessPotion"}],"is_trial":false,"path_per_floor":["M","M","?","M","M","R","?","R","T","M","M","M","M","?","R","B",null,"M","$","?","$","?","E","?","M","T","?","T","R","$","E","R","B"],"character_chosen":"WATCHER","items_purchased":["CarveReality","War Paint","Membership Card"],"campfire_rested":0,"item_purchase_floors":[19,19,21],"current_hp_per_floor":[67,67,67,67,57,57,57,57,57,57,51,51,48,48,48,29,61,54,54,54,54,54,42,42,44,44,28,28,28,28,36,36,0,0],"gold":437,"neow_bonus":"ONE_RARE_RELIC","is_daily":false,"chose_seed":false,"campfire_upgraded":5,"win_rate":0.0,"timestamp":1611440829,"path_taken":["M","M","?","M","M","R","?","R","T","M","M","M","M","?","R","BOSS","M","?","?","$","?","E","?","M","T","?","?","R","?","E","R","BOSS"],"items_purchased_type":["Card","Relic","Relic"],"build_version":"2020-12-22","purchased_purges":1,"victory":false,"max_hp_per_floor":[72,72,72,72,72,72,72,72,72,72,72,72,72,72,72,72,72,72,72,72,72,72,72,72,72,72,72,72,72,72,72,72,72,72],"card_choices":[{"not_picked":["SashWhip","Protect"],"picked":"BowlingBash","floor":1},{"not_picked":["SashWhip","WheelKick"],"picked":"TalkToTheHand","floor":2},{"not_picked":["ThirdEye","WreathOfFlame"],"picked":"WindmillStrike","floor":4},{"not_picked":["PathToVictory","EmptyBody","Prostrate"],"picked":"SKIP","floor":5},{"not_picked":["EmptyBody","FlurryOfBlows"],"picked":"Conclude","floor":10},{"not_picked":["Swivel","Prostrate"],"picked":"CutThroughFate","floor":11},{"not_picked":["Fasting2","InnerPeace"],"picked":"MasterReality","floor":12},{"not_picked":["Prostrate","ThirdEye"],"picked":"CutThroughFate","floor":13},{"not_picked":["LessonLearned","Blasphemy"],"picked":"Ragnarok","floor":16},{"not_picked":["WheelKick","FollowUp"],"picked":"LikeWater+1","floor":18},{"not_picked":["Crescendo","ClearTheMind"],"picked":"Indignation+1","floor":23},{"not_picked":["MentalFortress","CarveReality","WheelKick"],"picked":"SKIP","floor":25},{"not_picked":["SignatureMove","Ragnarok","EmptyBody+1"],"picked":"SKIP","floor":31}],"player_experience":815701,"relics_obtained":[{"floor":9,"key":"Juzu Bracelet"},{"floor":17,"key":"Pen Nib"},{"floor":17,"key":"HornCleat"},{"floor":17,"key":"Gambling Chip"},{"floor":23,"key":"MawBank"},{"floor":26,"key":"Blood Vial"},{"floor":27,"key":"Enchiridion"},{"floor":28,"key":"Letter Opener"},{"floor":31,"key":"MealTicket"}],"event_choices":[{"cards_removed":["Strike_P"],"damage_healed":0,"gold_gain":0,"player_choice":"Forget","damage_taken":0,"max_hp_gain":0,"max_hp_loss":0,"event_name":"Living Wall","floor":3,"gold_loss":0},{"damage_healed":0,"gold_gain":175,"player_choice":"AGREE","damage_taken":0,"max_hp_gain":0,"max_hp_loss":0,"event_name":"Liars Game","floor":7,"gold_loss":0,"cards_obtained":["Doubt"]},{"damage_healed":0,"gold_gain":0,"player_choice":"Bought 0 Potions","damage_taken":0,"max_hp_gain":0,"max_hp_loss":0,"event_name":"The Woman in Blue","floor":14,"gold_loss":0},{"cards_removed":["Strike_P"],"damage_healed":0,"gold_gain":0,"player_choice":"Offered Basic","damage_taken":0,"max_hp_gain":0,"max_hp_loss":0,"event_name":"Bonfire Elementals","floor":20,"gold_loss":0},{"damage_healed":0,"gold_gain":0,"player_choice":"Trade","damage_taken":0,"relics_obtained":["SsserpentHead"],"max_hp_gain":0,"max_hp_loss":0,"event_name":"FaceTrader","floor":22,"gold_loss":0},{"damage_healed":0,"gold_gain":0,"player_choice":"Ignored","damage_taken":0,"max_hp_gain":0,"max_hp_loss":0,"event_name":"Vampires","floor":24,"gold_loss":0},{"damage_healed":0,"gold_gain":0,"player_choice":"Obtained Book","damage_taken":16,"max_hp_gain":0,"max_hp_loss":0,"event_name":"Cursed Tome","floor":27,"gold_loss":0}],"is_beta":false,"boss_relics":[{"not_picked":["Tiny House","VioletLotus"],"picked":"Calling Bell"}],"items_purged_floors":[19],"is_endless":false,"potions_floor_spawned":[2,4,10,11,16,18,23],"killed_by":"Automaton","ascension_level":5}}