{"host":"udyc8f81k2jocuhg","time":1611443514,"event":{"mods":["2.2 Compatiblity","BaseMod","Better Third Choice","Colored Powertips","Conspire","Custom Start","GifTheSpireLib","Hermit","Minty Spire (QoL Compilation)","Permanent Neow","Quick Restart","Relic Filter","Relic Stats","Replay The Spire","Shop Mod","Spikes Relics","StSLib","Stuff the Spire"],"gold_per_floor":[118,118,135,155,165,199,199,225,225,251,262,296,27,53,53,53,53],"floor_reached":16,"language":"ENG","playtime":623,"items_purged":["Strike_B"],"score":310,"play_id":"b7c7f41d-cf34-40bd-ae05-df040ae9f83f","local_time":"20210124001154","is_ascension_mode":true,"campfire_choices":[{"data":"Chill","floor":7.0,"key":"SMITH"},{"data":"Stack","floor":15,"key":"SMITH"}],"circlet_count":0,"master_deck":["AscendersBane","Strike_B","Strike_B","Strike_B","Defend_B","Defend_B","Defend_B","Defend_B","Zap+1","Dualcast","Chill+1","Ball Lightning","Steam","Steam","Sunder","Stack+1","Cold Snap","Machine Learning"],"relics":["conspire:SpecialSausage","CaptainsWheel","Happy Flower","BrokenLever","Smiling Mask","ShockBauble"],"acts_visited":["Exordium"],"potions_floor_usage":[10,12],"damage_taken":[{"damage":2.0,"enemies":"2 Louse","floor":1.0,"turns":4.0},{"damage":0.0,"enemies":"Cultist","floor":3.0,"turns":4.0},{"damage":9.0,"enemies":"Jaw Worm","floor":4.0,"turns":3.0},{"damage":6.0,"enemies":"Looter","floor":5.0,"turns":3.0},{"damage":3.0,"enemies":"3 Sentries","floor":6.0,"turns":6.0},{"damage":35.0,"enemies":"Gremlin Nob","floor":8.0,"turns":5.0},{"damage":0,"enemies":"3 Sentries","floor":10,"turns":8},{"damage":0,"enemies":"Blue Slaver","floor":11,"turns":4},{"damage":16,"enemies":"Lagavulin","floor":12,"turns":7},{"damage":7,"enemies":"Hexaghost","floor":16,"turns":9}],"seed_played":"7848575177762873985","potions_obtained":[{"floor":3.0,"key":"Explosive Potion"},{"floor":4.0,"key":"BlessingOfTheForge"},{"floor":10,"key":"Regen Potion"}],"is_trial":false,"path_per_floor":["M","?","M","M","M","E","R","E","T","E","M","E","$","T","R","B"],"character_chosen":"DEFECT","items_purchased":["Cold Snap","Machine Learning"],"campfire_rested":0,"item_purchase_floors":[13,13],"current_hp_per_floor":[62,62,62,53,47,44,44,9,9,9,9,7,7,7,7,0,0],"gold":53,"neow_bonus":"BOSS_RELIC","is_daily":false,"chose_seed":false,"campfire_upgraded":2,"win_rate":0.0,"timestamp":1611443514,"path_taken":["M","?","M","M","M","E","R","E","T","E","M","E","?","?","R","BOSS"],"items_purchased_type":["Card","Card"],"build_version":"2020-12-22","purchased_purges":1,"victory":false,"max_hp_per_floor":[71,71,71,71,71,71,71,71,71,71,71,71,71,71,71,71,71],"relic_stats":{"Happy Flower":[9],"counters":[10,53],"Smiling Mask":25,"obtain_stats":[{"CaptainsWheel":6,"ShockBauble":12,"Happy Flower":8,"conspire:SpecialSausage":0,"BrokenLever":9,"Cracked Core":0,"Smiling Mask":10},{"CaptainsWheel":5,"ShockBauble":9,"Happy Flower":6,"conspire:SpecialSausage":0,"BrokenLever":6,"Cracked Core":0,"Smiling Mask":7},{"CaptainsWheel":20,"ShockBauble":44,"Happy Flower":25,"conspire:SpecialSausage":0,"BrokenLever":25,"Cracked Core":0,"Smiling Mask":33}]},"card_choices":[{"not_picked":["Sweeping Beam","Auto Shields"],"picked":"Chill","floor":1.0},{"not_picked":["Undo","StuffTheSpire:Plugnplay"],"picked":"Ball Lightning","floor":3.0},{"not_picked":["Rebound","Redo","Panic Button"],"picked":"SKIP","floor":4.0},{"not_picked":["Redo","BasicCrystalCard","Panic Button"],"picked":"SKIP","floor":5.0},{"not_picked":["Compile Driver","Beam Cell"],"picked":"Steam","floor":6.0},{"not_picked":["StuffTheSpire:Plugnplay","Double Energy","Redo"],"picked":"SKIP","floor":8.0},{"not_picked":["Chaos","Rip and Tear"],"picked":"Steam","floor":10},{"not_picked":["Hologram","FIFO Queue"],"picked":"Sunder","floor":11},{"not_picked":["Gash","conspire:Rain"],"picked":"Stack","floor":12}],"player_experience":2019572,"relics_obtained":[{"floor":6.0,"key":"CaptainsWheel"},{"floor":8.0,"key":"Happy Flower"},{"floor":9.0,"key":"BrokenLever"},{"floor":10,"key":"Smiling Mask"},{"floor":12,"key":"ShockBauble"}],"event_choices":[{"damage_healed":0.0,"max_hp_gain":0.0,"max_hp_loss":0.0,"gold_gain":0.0,"event_name":"Upgrade Shrine","player_choice":"Upgraded","floor":2.0,"gold_loss":0.0,"damage_taken":0.0,"cards_upgraded":["Zap"]}],"is_beta":false,"boss_relics":[],"items_purged_floors":[13],"is_endless":false,"potions_floor_spawned":[3,4,6,10],"killed_by":"Hexaghost","ascension_level":20}}