{"host":"cmxkjr0hek4mqvmn","time":1611431256,"event":{"mods":["BaseMod","Beaked The Cultist","Better Match","Better Skull","Better Third Choice","BetterRewards","Clawfect","Colored Map","Displayed Cursed Tome","Duelist Mod","GifTheSpireLib","Hermit","Hubris","JesterMod","Mimic Mod","Minty Spire (QoL Compilation)","Quick Restart","Robot Space Explorer","StSLib","The Bladedancer","The Blue Laboratory","The Cursed","Thieving Mod","Waifu the Spire"],"gold_per_floor":[116,116,291,291,291,30,30,44,82,117,137,155,155,169,169,267,267,278,278,278,296,296,325,345,345,345,359,359,369,369,369],"floor_reached":30,"language":"ENG","playtime":2031,"items_purged":[],"score":288,"play_id":"b0912eca-4eb0-4693-b06e-3b04d2d6860e","local_time":"20210123144736","is_ascension_mode":true,"campfire_choices":[{"data":"Conserve Battery","floor":7.0,"key":"SMITH"},{"floor":13.0,"key":"REST"},{"floor":15.0,"key":"REST"},{"floor":25,"key":"REST"}],"circlet_count":0,"master_deck":["Gash","Gash","Gash","Gash","Gash","Defend_B","Defend_B","Defend_B","Conserve Battery+1","Storm","Skim","Clawfect:ClawAndGloom","Genetic Algorithm","Redo","Clawfect:ClawAndTear","Buffer","Chill","Static Discharge","Clawfect:ClawSnap","Gash+1","Clawfect:ClawLightning+1","Clawfect:Clawrage","Chill+1"],"relics":["Clawfect:DRClaw","Letter Opener","hubris:Towel","Shuriken","Juzu Bracelet","Orichalcum","Meat on the Bone","Empty Cage","White Beast Statue","Pantograph","hubris:BottledHeart"],"acts_visited":["Exordium","TheCity"],"potions_floor_usage":[24,27,30],"damage_taken":[{"damage":7.0,"enemies":"2 Louse","floor":1.0,"turns":4.0},{"damage":1.0,"enemies":"Jaw Worm","floor":8.0,"turns":5.0},{"damage":0.0,"enemies":"Small Slimes","floor":9.0,"turns":8.0},{"damage":30.0,"enemies":"Gremlin Nob","floor":10.0,"turns":6.0},{"damage":0.0,"enemies":"Small Slimes","floor":11.0,"turns":3.0},{"damage":6.0,"enemies":"Looter","floor":12.0,"turns":5.0},{"damage":16.0,"enemies":"Red Slaver","floor":14.0,"turns":6.0},{"damage":6.0,"enemies":"Slime Boss","floor":16.0,"turns":6.0},{"damage":0.0,"enemies":"Chosen","floor":18.0,"turns":5.0},{"damage":6.0,"enemies":"3 Byrds","floor":21.0,"turns":4.0},{"damage":60.0,"enemies":"Slavers","floor":23.0,"turns":5.0},{"damage":12,"enemies":"Centurion and Healer","floor":24,"turns":6},{"damage":22,"enemies":"Snake Plant","floor":27,"turns":4},{"damage":0,"enemies":"3 Cultists","floor":29,"turns":5},{"damage":1,"enemies":"Gremlin Leader","floor":30,"turns":2}],"seed_played":"781936076104345952","potions_obtained":[{"floor":1.0,"key":"DistilledChaos"},{"floor":10.0,"key":"PowerPotion"},{"floor":14.0,"key":"blueLaboratory:BottledHope"},{"floor":16.0,"key":"PowerPotion"},{"floor":18.0,"key":"blueLaboratory:FruitPunch"},{"floor":23.0,"key":"BlessingOfTheForge"},{"floor":24,"key":"ColorlessPotion"},{"floor":27,"key":"DistilledChaos"},{"floor":29,"key":"Strength Potion"}],"is_trial":false,"path_per_floor":["M","?","?","T","?","$","R","M","MIM","E","M","M","R","M","R","B",null,"M","?","?","M","?","E","M","R","T","M","?","M","E"],"character_chosen":"DEFECT","items_purchased":["Shuriken"],"campfire_rested":3,"item_purchase_floors":[6],"current_hp_per_floor":[68,61,61,61,61,61,61,60,60,30,42,48,70,54,75,69,75,75,75,75,71,71,23,23,46,46,36,1,1,0,0],"gold":369,"neow_bonus":"TRANSFORM_CARD","is_daily":false,"chose_seed":false,"campfire_upgraded":1,"win_rate":0.0,"timestamp":1611431256,"path_taken":["M","?","?","?","?","?","R","M","MIM","E","M","M","R","M","R","BOSS","M","?","?","M","?","E","M","R","T","M","?","M","E"],"items_purchased_type":["Relic"],"build_version":"2020-12-22","purchased_purges":0,"victory":false,"max_hp_per_floor":[75,75,75,75,75,75,75,75,75,75,75,75,75,75,75,75,75,75,75,75,77,77,77,77,77,77,77,1,1,1,1],"card_choices":[{"not_picked":["Auto Shields","Clawfect:ClawpileDriver"],"picked":"Conserve Battery","floor":1.0},{"not_picked":["Steam","Force Field"],"picked":"Storm","floor":8.0},{"not_picked":["Fusion","Clawfect:ScrapingClaw"],"picked":"Skim","floor":9.0},{"not_picked":["Recycle","hubris:SpecializedCircuitry"],"picked":"Clawfect:ClawAndGloom","floor":10.0},{"not_picked":["Coolheaded","Loop"],"picked":"Genetic Algorithm","floor":11.0},{"not_picked":["Steam Power","Steam"],"picked":"Redo","floor":12.0},{"not_picked":["Reboot","Clawfect:ClawpileDriver"],"picked":"Clawfect:ClawAndTear","floor":14.0},{"not_picked":["hubris:DoWhile","Amplify"],"picked":"Buffer","floor":16.0},{"not_picked":["Clawfect:ClawpileDriver","Auto Shields"],"picked":"Chill","floor":18.0},{"not_picked":["Recycle","Leap"],"picked":"Clawfect:ClawSnap","floor":21.0},{"not_picked":["Steam Power+1","Turbo+1"],"picked":"Gash+1","floor":23.0},{"not_picked":["Echo Form","Reinforced Body"],"picked":"Clawfect:ClawLightning+1","floor":24},{"not_picked":["Clawfect:ClawForTheEyes","Glacier"],"picked":"Clawfect:Clawrage","floor":27},{"not_picked":["Clawfect:ClawSnap+1","Steam"],"picked":"Chill+1","floor":29}],"player_experience":614493,"relics_obtained":[{"floor":4.0,"key":"Letter Opener"},{"floor":9.0,"key":"Juzu Bracelet"},{"floor":9.0,"key":"Orichalcum"},{"floor":10.0,"key":"Meat on the Bone"},{"floor":23.0,"key":"White Beast Statue"},{"floor":26,"key":"Pantograph"}],"event_choices":[{"cards_removed":["Undo"],"damage_healed":0.0,"max_hp_gain":0.0,"max_hp_loss":0.0,"gold_gain":0.0,"event_name":"Golden Wing","player_choice":"Card Removal","floor":2.0,"gold_loss":0.0,"damage_taken":7.0},{"damage_healed":0.0,"max_hp_gain":0.0,"max_hp_loss":0.0,"gold_gain":175.0,"event_name":"betterThird:BetterSerpent","player_choice":"AGREE","floor":3.0,"gold_loss":0.0,"damage_taken":116.0},{"damage_healed":0.0,"max_hp_gain":0.0,"max_hp_loss":0.0,"gold_gain":0.0,"event_name":"The Library","player_choice":"Read","floor":19.0,"gold_loss":0.0,"damage_taken":0.0,"cards_obtained":["Static Discharge"]},{"damage_healed":0.0,"max_hp_gain":0.0,"max_hp_loss":0.0,"gold_gain":0.0,"event_name":"Vampires","player_choice":"Ignored","floor":20.0,"gold_loss":0.0,"damage_taken":0.0},{"damage_healed":0.0,"max_hp_gain":0.0,"max_hp_loss":0.0,"gold_gain":0.0,"event_name":"Cursed Tome","player_choice":"Ignored","floor":22.0,"gold_loss":0.0,"damage_taken":0.0}],"is_beta":false,"boss_relics":[{"not_picked":["Runic Pyramid","Inserter"],"picked":"Empty Cage"}],"items_purged_floors":[],"is_endless":false,"potions_floor_spawned":[1,10,14,16,18,23,24,27,29],"killed_by":"Gremlin Leader","ascension_level":1}}