{"host":"39i3emxub3h8uyq3","time":1611387070,"event":{"mods":["BaseMod","Clockwork Mod","Colored Map","Downfall","Glutton Mod","Gold Saver","Minty Spire (QoL Compilation)","StSLib","TheHeartMod"],"gold_per_floor":[541,4,4,22,40,65,65,77,77,77,77,94,269,303,303,403,403,416,432,161,181,181,181,194,194,194,208,6,17,17,44,44,145,145,165,185,204,204,204,204,204,204],"floor_reached":41,"language":"ENG","playtime":2677,"items_purged":["Injury"],"score":498,"play_id":"af6610c6-9bd5-40c3-aa6d-61faa348c721","local_time":"20210123023110","is_ascension_mode":false,"campfire_choices":[{"floor":7,"key":"REST"},{"data":"Whirlwind","floor":10,"key":"SMITH"},{"floor":15,"key":"REST"},{"floor":23,"key":"REST"},{"floor":25,"key":"REST"},{"floor":30,"key":"REST"},{"floor":32,"key":"REST"},{"floor":40,"key":"REST"}],"circlet_count":0,"master_deck":["Strike_R","Strike_R","Strike_R","Strike_R","Strike_R","Defend_R","Defend_R","Defend_R","Defend_R","Bash","Sword Boomerang","Anger","Heavy Blade","Uppercut","Thunderclap","Headbutt","Metallicize","Shrug It Off+1","Bludgeon","Flame Barrier+1","Whirlwind+1","Inflame+1","Fire Breathing+1","Juggernaut+1","Power Through+1","Headbutt","Cleave","Fire Breathing+1","Reckless Charge+1","Anger+1","Anger+1","Armaments+1","Inflame+1","Metallicize+1","Demon Form+1","Anger","Anger+1","Anger+1"],"relics":["Burning Blood","Toxic Egg 2","Orrery","WarpedTongs","Pear","Question Card","Frozen Egg 2","Regal Pillow","Empty Cage","Medical Kit","InkBottle","HandDrill","HornCleat","Black Star"],"acts_visited":["Exordium","TheCity","TheBeyond"],"potions_floor_usage":[5,16,16,16,27,29,29,33,41,41],"damage_taken":[{"damage":13,"enemies":"Jaw Worm","floor":1,"turns":3},{"damage":6,"enemies":"Cultist","floor":4,"turns":3},{"damage":9,"enemies":"2 Louse","floor":5,"turns":2},{"damage":13,"enemies":"Gremlin Nob","floor":6,"turns":3},{"damage":0,"enemies":"Exordium Wildlife","floor":8,"turns":2},{"damage":5,"enemies":"Exordium Thugs","floor":12,"turns":2},{"damage":22,"enemies":"Lagavulin","floor":14,"turns":4},{"damage":53,"enemies":"The Guardian","floor":16,"turns":7},{"damage":8,"enemies":"Spheric Guardian","floor":18,"turns":4},{"damage":32,"enemies":"Shell Parasite","floor":19,"turns":6},{"damage":34,"enemies":"Snake Plant","floor":21,"turns":4},{"damage":22,"enemies":"Chosen and Byrds","floor":24,"turns":6},{"damage":31,"enemies":"Snecko","floor":27,"turns":6},{"damage":8,"enemies":"Centurion and Healer","floor":29,"turns":6},{"damage":65,"enemies":"Book of Stabbing","floor":31,"turns":6},{"damage":71,"enemies":"Champ","floor":33,"turns":12},{"damage":15,"enemies":"Orb Walker","floor":35,"turns":3},{"damage":22,"enemies":"3 Darklings","floor":36,"turns":5},{"damage":25,"enemies":"Writhing Mass","floor":37,"turns":5},{"damage":112,"enemies":"Reptomancer","floor":41,"turns":6}],"seed_played":"6257933724104709570","potions_obtained":[{"floor":1,"key":"Explosive Potion"},{"floor":5,"key":"PowerPotion"},{"floor":6,"key":"FearPotion"},{"floor":12,"key":"Fire Potion"},{"floor":21,"key":"ColorlessPotion"},{"floor":22,"key":"hexamod:SoulburnPotion"},{"floor":22,"key":"PowerPotion"},{"floor":31,"key":"SteroidPotion"},{"floor":33,"key":"champ:CounterPotion"},{"floor":36,"key":"Swift Potion"},{"floor":37,"key":"FearPotion"}],"is_trial":false,"path_per_floor":["M","$","?","M","M","E","R","M","T","R","T","M","?","E","R","B",null,"M","M","$","M","?","R","M","R","T","M","$","M","R","E","R","B",null,"M","M","M","?","?","R","E"],"character_chosen":"IRONCLAD","items_purchased":["Anger","Heavy Blade","Toxic Egg 2","Orrery","Medical Kit","Cleave","Fire Breathing+1","HandDrill","Armaments+1"],"campfire_rested":7,"item_purchase_floors":[2,2,2,2,20,20,20,28,28],"current_hp_per_floor":[89,89,89,89,86,89,106,106,106,106,106,106,106,90,106,59,106,104,78,78,50,50,96,80,106,106,81,81,79,106,47,93,28,106,97,81,62,62,62,106,0,0],"gold":204,"neow_bonus":"TWENTY_PERCENT_HP_BONUS","is_daily":false,"chose_seed":false,"campfire_upgraded":1,"win_rate":0.0,"timestamp":1611387070,"path_taken":["M","$","?","M","M","E","R","?","T","R","?","M","?","E","R","BOSS","M","M","$","M","?","R","M","R","T","M","$","M","R","E","R","BOSS","M","M","M","?","?","R","E"],"items_purchased_type":["Card","Card","Relic","Relic","Relic","Card","Card","Relic","Card"],"build_version":"2020-12-22","purchased_purges":1,"victory":false,"max_hp_per_floor":[96,96,96,96,96,106,106,106,106,106,106,106,106,106,106,106,106,106,106,106,106,106,106,106,106,106,106,106,106,106,106,106,106,106,106,106,106,106,106,106,106,106],"card_choices":[{"not_picked":["Bloodletting","Body Slam"],"picked":"Sword Boomerang","floor":1},{"not_picked":["Blood for Blood","Fiend Fire"],"picked":"Shockwave+1","floor":2},{"not_picked":["Sword Boomerang","True Grit+1"],"picked":"Uppercut","floor":2},{"not_picked":["Twin Strike","Dark Embrace"],"picked":"Thunderclap","floor":2},{"not_picked":["Thunderclap","True Grit+1"],"picked":"Headbutt","floor":2},{"not_picked":["Rage+1","Rupture"],"picked":"Metallicize","floor":2},{"not_picked":["Iron Wave","Perfected Strike"],"picked":"Shrug It Off+1","floor":4},{"not_picked":["Perfected Strike","Reckless Charge"],"picked":"Bludgeon","floor":5},{"not_picked":["True Grit+1","Flex+1"],"picked":"Flame Barrier+1","floor":6},{"not_picked":["Pommel Strike","Flex+1"],"picked":"Whirlwind","floor":8},{"not_picked":["Pommel Strike","Hemokinesis","Battle Trance+1"],"picked":"Inflame+1","floor":12},{"not_picked":["Anger","Sword Boomerang","Seeing Red+1"],"picked":"Fire Breathing+1","floor":14},{"not_picked":["Barricade+1","Reaper","Brutality+1"],"picked":"Juggernaut+1","floor":16},{"not_picked":["Cleave","True Grit+1","Warcry+1"],"picked":"Power Through+1","floor":18},{"not_picked":["Perfected Strike","True Grit+1","Shrug It Off+1"],"picked":"Headbutt","floor":19},{"not_picked":["Flex+1","Warcry+1","Perfected Strike+1"],"picked":"Reckless Charge+1","floor":21},{"not_picked":["Clash","Metallicize+1","Sword Boomerang+1"],"picked":"Anger+1","floor":24},{"not_picked":["Heavy Blade+1","Rampage","Barricade+1"],"picked":"Anger+1","floor":27},{"not_picked":["Headbutt","Clothesline","Thunderclap"],"picked":"Inflame+1","floor":29},{"not_picked":["Rupture+1","Clothesline","Rampage"],"picked":"Metallicize+1","floor":31},{"not_picked":["Barricade+1","Corruption+1","Feed"],"picked":"Demon Form+1","floor":33},{"not_picked":["Clash","Perfected Strike","Feel No Pain+1"],"picked":"Anger","floor":35},{"not_picked":["Clothesline","Rampage+1","Body Slam+1"],"picked":"Anger+1","floor":36},{"not_picked":["Dropkick","Thunderclap","Hemokinesis+1"],"picked":"Anger+1","floor":37}],"player_experience":20960,"relics_obtained":[{"floor":6,"key":"Pear"},{"floor":9,"key":"Question Card"},{"floor":11,"key":"Frozen Egg 2"},{"floor":14,"key":"Regal Pillow"},{"floor":26,"key":"InkBottle"},{"floor":31,"key":"HornCleat"}],"event_choices":[{"damage_healed":0,"gold_gain":0,"player_choice":"Rummage","damage_taken":0,"relics_obtained":["WarpedTongs"],"max_hp_gain":0,"max_hp_loss":0,"event_name":"Accursed Blacksmith","floor":3,"gold_loss":0,"cards_obtained":["Pain"]},{"damage_healed":0,"gold_gain":175,"player_choice":"AGREE","damage_taken":0,"max_hp_gain":0,"max_hp_loss":0,"event_name":"Liars Game","floor":13,"gold_loss":0,"cards_obtained":["Doubt"]},{"damage_healed":0,"gold_gain":0,"player_choice":"Got Potions","damage_taken":0,"max_hp_gain":0,"max_hp_loss":0,"event_name":"Lab","floor":22,"gold_loss":0},{"damage_healed":0,"gold_gain":0,"player_choice":"Ignored","damage_taken":0,"max_hp_gain":0,"max_hp_loss":0,"event_name":"Mysterious Sphere","floor":38,"gold_loss":0},{"cards_removed":["Shockwave"],"damage_healed":0,"gold_gain":0,"player_choice":"Removed Skill","damage_taken":0,"max_hp_gain":0,"max_hp_loss":0,"event_name":"Falling","floor":39,"gold_loss":0}],"is_beta":false,"boss_relics":[{"not_picked":["Coffee Dripper","Runic Dome"],"picked":"Empty Cage"},{"not_picked":["Sozu","Snecko Eye"],"picked":"Black Star"}],"items_purged_floors":[2],"is_endless":false,"potions_floor_spawned":[1,5,6,12,21,24,31,33,36,37],"killed_by":"Reptomancer","ascension_level":0}}