{"host":"kpklgwyuz86bov3e","time":1611367431,"event":{"mods":["100% Spire Juice","Act Like it!","Aspiration","BaseMod","Better Third Choice","CCEM","Colored Powertips","Conspire","Energized Spire","GifTheSpireLib","Halation","Hallownest","Highlight Path","Hubris","Jedi Mod","Melee Mod","Minty Spire (QoL Compilation)","Rare Cards Sparkle","Relic Sorter","Relic Stats","Replay The Spire","Shedinja","Spicy Shops","Spikes Relics","StS++","StSLib","Stuff the Spire","The Blue Laboratory","The Poker Player","TheBandit","Waifu the Spire","slay the spire mod where everything is the same but ironclad has a cowboy hat"],"gold_per_floor":[113,113,13,13,30,30,30,30,30],"floor_reached":8,"language":"ENG","playtime":576,"items_purged":[],"score":88,"play_id":"ea7e5236-5c16-4610-8e79-a135e0c5531f","local_time":"20210122210351","is_ascension_mode":true,"campfire_choices":[{"data":"Ghostly","floor":6,"key":"SMITH"}],"circlet_count":0,"master_deck":["AscendersBane","Shedinja:Scratch","Shedinja:Scratch","Shedinja:Scratch","Shedinja:Scratch","Shedinja:Scratch","Shedinja:Endure","Shedinja:Endure","Shedinja:Endure","Shedinja:Endure","Shedinja:Endure","Shedinja:FocusSash","Shedinja:FocusSash","Shedinja:FurySwipes","Ghostly+1","Shedinja:WillOWisp","StuffTheSpire:CuriosityCurse"],"relics":["Shedinja:WonderGuard","StuffTheSpire:CocoNut"],"acts_visited":["Exordium"],"potions_floor_usage":[5],"damage_taken":[{"damage":0,"enemies":"2 Louse","floor":1,"turns":4},{"damage":0,"enemies":"Jaw Worm","floor":5,"turns":4},{"damage":20,"enemies":"Lagavulin","floor":8,"turns":6}],"seed_played":"-4557348084021253286","potions_obtained":[{"floor":1,"key":"jedi:StrikingPotion"}],"is_trial":true,"path_per_floor":["M","?","?","$","M","R","?","E"],"character_chosen":"THE_DEFAULT","items_purchased":[],"campfire_rested":0,"item_purchase_floors":[],"current_hp_per_floor":[1,1,1,1,1,1,1,0,0],"gold":30,"neow_bonus":"","is_daily":false,"chose_seed":false,"campfire_upgraded":1,"win_rate":0.0,"timestamp":1611367431,"path_taken":["M","?","?","$","?","R","?","E"],"items_purchased_type":[],"build_version":"2020-12-22","purchased_purges":0,"victory":false,"max_hp_per_floor":[1,1,1,1,1,1,1,1,1],"relic_stats":{"counters":[3,14],"obtain_stats":[{"StuffTheSpire:CocoNut":7,"Shedinja:WonderGuard":0},{"StuffTheSpire:CocoNut":2,"Shedinja:WonderGuard":0},{"StuffTheSpire:CocoNut":8,"Shedinja:WonderGuard":0}]},"card_choices":[{"not_picked":["Shedinja:Agility","Shedinja:Elixir"],"picked":"Shedinja:FurySwipes","floor":1},{"not_picked":["Shedinja:PowerBracer","Shedinja:Round"],"picked":"Shedinja:WillOWisp","floor":5}],"player_experience":405692,"relics_obtained":[],"event_choices":[{"damage_healed":0,"gold_gain":0,"player_choice":"Argue","damage_taken":0,"max_hp_gain":0,"max_hp_loss":0,"event_name":"conspire:LoneGhost","floor":3,"gold_loss":0}],"is_beta":false,"boss_relics":[],"items_purged_floors":[],"is_endless":false,"potions_floor_spawned":[1],"killed_by":"Lagavulin","ascension_level":20}}