{"host":"eny0bxnatoru6fum","time":1611376643,"event":{"mods":["A Magickal Journey","AchievementEnabler","AlwaysNeverKeys","Aspiration","BaseMod","Beaked The Cultist","BetterRewards","Colored Map","Colored Powertips","Conspire","DeckTracker","Duelist Mod","Energized Spire","Glutton Mod","Halation","Hubris","Infinite Spire","Jedi Mod","Lobotomy","LobotomyExtend","Minty Spire (QoL Compilation)","Relic Sorter","Replay The Spire","Shop Mod","Spicy Shops","Spikes Relics","StSLib","Synergy Search","The Animator","The Blue Laboratory","The Bug Knight","The Cursed","The Hierophant","The Jungle","The Problem Sleuth","The Runesmith","The Sage","The Servant 0.9.4","The Spell Scribe","vexMod"],"gold_per_floor":[110,185,208,208,208,247,262,262,262,278,278,312,487,524,524,647,647,683,96,96,112,125,168,168,168],"floor_reached":24,"language":"ENG","playtime":1769,"items_purged":["Doubt"],"score":276,"play_id":"84398bc1-790a-48f5-aac7-04c46a3168a6","local_time":"20210122223723","is_ascension_mode":false,"campfire_choices":[{"data":"animator:Laby","floor":8,"key":"SMITH"}],"circlet_count":0,"master_deck":["animator:Strike_Elsword","animator:Defend_Elsword","animator:Strike","animator:Strike","animator:Strike","animator:Defend","animator:Defend","animator:Chung","animator:Raven","animator:Raven","animator:Rena","animator:UneriGinkaku+1","animator:Laby+1","animator:Mitsurugi","Injury","Pot Of Greed","Pot Of Greed","animator:AcuraTooru","animator:Cocytus","animator:ItamiYouji","animator:Ciel","animator:ItamiYouji","Pain","animator:Ara","animator:Ara","Pot Of Greed+1"],"relics":["animator:LivingPicture","animator:TheMissingPiece","animator:PurgingStone","NeowsBlessing","LetterFromLob","Replay:Rubber Ducky","Golden Idol","Grinning Jar","hubris:HollowSoul","Membership Card","Potion Belt","RetroEgg","infinitespire:CheckeredPen","DollysMirror","WarpedTongs","ReplayTheSpireMod:TigerMarble"],"acts_visited":["Exordium","TheCity"],"potions_floor_usage":[12,12,21,23,24,24],"damage_taken":[{"damage":0,"enemies":"Small Slimes","floor":1,"turns":1},{"damage":0,"enemies":"2 Louse","floor":3,"turns":1},{"damage":0,"enemies":"Gremlin Nob","floor":6,"turns":1},{"damage":0,"enemies":"Cultist","floor":7,"turns":4},{"damage":12,"enemies":"Large Slime","floor":10,"turns":6},{"damage":0,"enemies":"Lagavulin","floor":12,"turns":5},{"damage":1,"enemies":"2 Fungi Beasts","floor":14,"turns":4},{"damage":48,"enemies":"The Guardian","floor":16,"turns":12},{"damage":10,"enemies":"3 Byrds","floor":18,"turns":4},{"damage":13,"enemies":"Shell Parasite","floor":21,"turns":7},{"damage":9,"enemies":"Snake Plant","floor":22,"turns":5},{"damage":25,"enemies":"theDuelist:KaibaA2","floor":23,"turns":7},{"damage":13,"enemies":"3 Cultists","floor":24,"turns":5}],"seed_played":"8412592895467551063","potions_obtained":[{"floor":5,"key":"SteroidPotion"},{"floor":5,"key":"blueLaboratory:PyrophylliteBrew"},{"floor":5,"key":"Swift Potion"},{"floor":7,"key":"DuplicationPotion"},{"floor":14,"key":"blueLaboratory:Moonshine"},{"floor":16,"key":"SkillPotion"},{"floor":21,"key":"Flashbang"},{"floor":23,"key":"blueLaboratory:BottledHope"}],"is_trial":false,"path_per_floor":["M","?","M","?","?","E","M","R","T","M","?","E","?","M","R_BF","B",null,"M","$","?","M","M","E","M"],"character_chosen":"THE_ANIMATOR","items_purchased":["Membership Card","Potion Belt","RetroEgg","infinitespire:CheckeredPen","DollysMirror"],"campfire_rested":0,"item_purchase_floors":[19,19,19,19,19],"current_hp_per_floor":[66,55,55,55,55,55,56,56,56,44,44,44,44,43,63,15,67,57,57,57,45,36,11,0,0],"gold":168,"neow_bonus":"THREE_ENEMY_KILL","is_daily":false,"chose_seed":false,"campfire_upgraded":1,"win_rate":0.0,"timestamp":1611376643,"path_taken":["M","?","M","?","?","E","?","R","T","M","?","E","?","?","R_BF","BOSS","M","$","?","M","M","E","?"],"items_purchased_type":["Relic","Relic","Relic","Relic","Relic"],"build_version":"2020-12-22","purchased_purges":1,"victory":false,"max_hp_per_floor":[66,66,66,66,66,66,67,67,67,67,67,67,67,67,67,67,67,67,67,67,68,68,68,68,68],"card_choices":[{"not_picked":["animator:Evileye","animator:YaoHaDucy"],"picked":"animator:Raven","floor":1},{"not_picked":["animator:Fredrika","animator:UneriGinkaku"],"picked":"animator:Rena","floor":3},{"not_picked":["animator:DolaCouronne","animator:MamiTomoe"],"picked":"animator:UneriGinkaku","floor":6},{"not_picked":["animator:Ciel","animator:Raven"],"picked":"animator:Laby","floor":7},{"not_picked":["animator:Shuna","animator:PandorasActor"],"picked":"animator:Mitsurugi","floor":10},{"not_picked":["animator:Aqua","animator:Tet"],"picked":"animator:AcuraTooru","floor":12},{"not_picked":["animator:TsurugaMeisai","animator:Shuna"],"picked":"animator:Cocytus","floor":14},{"not_picked":["animator:Shizu","animator:Albedo"],"picked":"animator:ItamiYouji","floor":16},{"not_picked":["animator:Raven","animator:Laby"],"picked":"animator:Ciel","floor":18},{"not_picked":["animator:Millim","animator:RoryMercury"],"picked":"animator:Ara","floor":21},{"not_picked":["animator:SayakaMiki","animator:Millim","animator:Vanir"],"picked":"SKIP","floor":22},{"not_picked":["animator:SayakaMiki","animator:Millim","animator:Vanir"],"picked":"SKIP","floor":22},{"not_picked":["animator:FielNirvalen+1","animator:Tyuule+1"],"picked":"animator:Ara","floor":23}],"player_experience":529393,"relics_obtained":[{"floor":1,"key":"LetterFromLob"},{"floor":6,"key":"Replay:Rubber Ducky"},{"floor":12,"key":"Grinning Jar"},{"floor":23,"key":"ReplayTheSpireMod:TigerMarble"}],"event_choices":[{"damage_healed":0,"gold_gain":75,"player_choice":"Gather Gold","damage_taken":11,"max_hp_gain":0,"max_hp_loss":0,"event_name":"World of Goop","floor":2,"gold_loss":0},{"damage_healed":0,"gold_gain":0,"player_choice":"Got Potions","damage_taken":0,"max_hp_gain":0,"max_hp_loss":0,"event_name":"Lab","floor":5,"gold_loss":0},{"damage_healed":0,"gold_gain":0,"player_choice":"Take Wound","damage_taken":0,"relics_obtained":["Golden Idol"],"max_hp_gain":0,"max_hp_loss":0,"event_name":"Golden Idol","floor":11,"gold_loss":0,"cards_obtained":["Injury"]},{"damage_healed":0,"gold_gain":175,"player_choice":"AGREE","damage_taken":0,"max_hp_gain":0,"max_hp_loss":0,"event_name":"Liars Game","floor":13,"gold_loss":0,"cards_obtained":["Doubt"]},{"damage_healed":0,"gold_gain":0,"player_choice":"Rummage","damage_taken":0,"relics_obtained":["WarpedTongs"],"max_hp_gain":0,"max_hp_loss":0,"event_name":"Accursed Blacksmith","floor":20,"gold_loss":0,"cards_obtained":["Pain"]}],"is_beta":false,"boss_relics":[{"not_picked":["Sozu","halation:PlatinumPhoenix"],"picked":"hubris:HollowSoul"}],"items_purged_floors":[19],"is_endless":false,"potions_floor_spawned":[7,10,14,16,21,23],"killed_by":"3 Cultists","ascension_level":0}}