{"host":"dtvgc7uk609653br","time":1611372001,"event":{"mods":["BaseMod","Minty Spire (QoL Compilation)","StSLib","The Bladedancer"],"gold_per_floor":[117,131,81,55,67,67,142,161,161,173,39,58,58,233,233,233,233],"floor_reached":16,"language":"ENG","playtime":463,"items_purged":["blademaster:Strike"],"score":90,"play_id":"40f33abd-8051-46f6-90a6-7221ebaa0e4d","local_time":"20210122222001","is_ascension_mode":false,"campfire_choices":[{"data":"blademaster:TraverseCut","floor":6,"key":"SMITH"},{"floor":15,"key":"REST"}],"circlet_count":0,"master_deck":["blademaster:Strike","blademaster:Strike","blademaster:Defend","blademaster:Defend","blademaster:Defend","blademaster:Defend","blademaster:RagingBlow","blademaster:HighVoltage","blademaster:Blindside","blademaster:WindSlash","blademaster:UnrelentingWind","blademaster:AspectOfLightning","blademaster:TraverseCut+1","blademaster:AspectOfWind","blademaster:ThunderSlash","blademaster:AirSlash","Doubt"],"relics":["blademaster:DancersAmulet","MawBank","Golden Idol"],"acts_visited":["Exordium"],"potions_floor_usage":[16],"damage_taken":[{"damage":0,"enemies":"2 Louse","floor":1,"turns":5},{"damage":0,"enemies":"Jaw Worm","floor":2,"turns":2},{"damage":2,"enemies":"Small Slimes","floor":5,"turns":2},{"damage":7,"enemies":"Blue Slaver","floor":8,"turns":3},{"damage":7,"enemies":"3 Louse","floor":12,"turns":2},{"damage":32,"enemies":"Hexaghost","floor":16,"turns":9}],"seed_played":"-8864684671367421896","potions_obtained":[{"floor":1,"key":"Ancient Potion"},{"floor":5,"key":"Block Potion"},{"floor":8,"key":"SmokeBomb"}],"is_trial":false,"path_per_floor":["M","M","?","$","M","R","?","M","T","?","$","M","$","?","R","B"],"character_chosen":"THE_BLADEMASTER","items_purchased":["blademaster:AspectOfLightning","blademaster:ThunderSlash","blademaster:AirSlash"],"campfire_rested":1,"item_purchase_floors":[4,11,11],"current_hp_per_floor":[54,54,54,54,52,52,41,34,34,16,16,9,9,9,31,0,0],"gold":233,"neow_bonus":"THREE_RARE_CARDS","is_daily":false,"chose_seed":false,"campfire_upgraded":1,"win_rate":0.0,"timestamp":1611372001,"path_taken":["M","M","?","$","M","R","?","M","T","?","?","M","$","?","R","BOSS"],"items_purchased_type":["Card","Card","Card"],"build_version":"2020-12-22","purchased_purges":1,"victory":false,"max_hp_per_floor":[75,75,75,75,75,75,75,75,75,75,75,75,75,75,75,75,75],"card_choices":[{"not_picked":["blademaster:Flash","blademaster:UnrelentingWind"],"picked":"blademaster:Blindside","floor":0},{"not_picked":["blademaster:Quickstep","blademaster:Thrust"],"picked":"blademaster:WindSlash","floor":1},{"not_picked":["blademaster:EyeOfTheStorm","blademaster:FuriousStrike"],"picked":"blademaster:UnrelentingWind","floor":2},{"not_picked":["blademaster:AspectOfLightning","blademaster:Hailwind"],"picked":"blademaster:TraverseCut","floor":5},{"not_picked":["blademaster:Thrust","blademaster:SharpBlades"],"picked":"blademaster:AspectOfWind","floor":8},{"not_picked":["blademaster:Bloodbath","blademaster:SharpBlades","blademaster:CombatPrep"],"picked":"SKIP","floor":12}],"player_experience":528119,"relics_obtained":[{"floor":9,"key":"MawBank"}],"event_choices":[{"cards_removed":["blademaster:Strike"],"damage_healed":0,"gold_gain":0,"player_choice":"Card Removal","damage_taken":0,"max_hp_gain":0,"max_hp_loss":0,"event_name":"The Cleric","floor":3,"gold_loss":50},{"damage_healed":0,"gold_gain":75,"player_choice":"Gather Gold","damage_taken":11,"max_hp_gain":0,"max_hp_loss":0,"event_name":"World of Goop","floor":7,"gold_loss":0},{"damage_healed":0,"gold_gain":0,"player_choice":"Take Damage","damage_taken":18,"relics_obtained":["Golden Idol"],"max_hp_gain":0,"max_hp_loss":0,"event_name":"Golden Idol","floor":10,"gold_loss":0},{"damage_healed":0,"gold_gain":175,"player_choice":"AGREE","damage_taken":0,"max_hp_gain":0,"max_hp_loss":0,"event_name":"Liars Game","floor":14,"gold_loss":0,"cards_obtained":["Doubt"]}],"is_beta":false,"boss_relics":[],"items_purged_floors":[11],"is_endless":false,"potions_floor_spawned":[1,5,8],"killed_by":"Hexaghost","ascension_level":0}}