{"host":"ordk2y2ebcetabk6","time":1611380108,"event":{"mods":["AlwaysNeverKeys","Astrologer","Bard","BaseMod","Better Debug","Colored Map","Colored Powertips","Dark Map","Hermit","Highlight Path","Minty Spire (QoL Compilation)","Permanent Neow","Rare Cards Sparkle","Spire Arcade","StSLib","The Explorer"],"gold_per_floor":[217,217,217,234,79,111,111,11,36,36,36,53,81,92,92,187,187,206,81,351,366,380,407,407,423,423,423,437,8,26,26,26,125,125,140,140,190,190,205,205,225,238,238,358,358,378,378,394,394,394,394],"floor_reached":50,"language":"ENG","playtime":2122,"items_purged":["Strike_P","Strike_P","Strike_P","Strike_P"],"score":572,"play_id":"53d3f1a8-e8f4-4ff3-b83b-9dcaaacfc5db","local_time":"20210122223508","is_ascension_mode":false,"campfire_choices":[{"data":"Vault","floor":7.0,"key":"SMITH"},{"data":"PathToVictory","floor":10.0,"key":"SMITH"},{"data":"Judgement","floor":15.0,"key":"SMITH"},{"data":"Perseverance","floor":24.0,"key":"SMITH"},{"data":"ConjureBlade","floor":27.0,"key":"SMITH"},{"data":"Panacea","floor":32.0,"key":"SMITH"},{"data":"ForeignInfluence","floor":40.0,"key":"SMITH"},{"data":"Devotion","floor":45,"key":"SMITH"},{"data":"Vigilance","floor":49,"key":"SMITH"}],"circlet_count":0,"master_deck":["Defend_P","Defend_P","Defend_P","Defend_P","Eruption+1","Vigilance+1","PathToVictory+1","Vault+1","Judgement+1","ConjureBlade+1","Perseverance+1","ForeignInfluence+1","Panacea+1","DevaForm","Devotion+1","DevaForm"],"relics":["PureWater","Dead Branch","Lantern","Centennial Puzzle","Sundial","Sozu","Gambling Chip","Question Card","Pen Nib","Cursed Key","Ice Cream"],"acts_visited":["Exordium","TheCity","TheBeyond"],"potions_floor_usage":[],"damage_taken":[{"damage":2.0,"enemies":"Small Slimes","floor":1.0,"turns":4.0},{"damage":0.0,"enemies":"2 Louse","floor":4.0,"turns":1.0},{"damage":32.0,"enemies":"Gremlin Nob","floor":6.0,"turns":3.0},{"damage":0.0,"enemies":"Jaw Worm","floor":12.0,"turns":2.0},{"damage":6.0,"enemies":"3 Sentries","floor":13.0,"turns":6.0},{"damage":0.0,"enemies":"2 Fungi Beasts","floor":14.0,"turns":3.0},{"damage":16.0,"enemies":"Hexaghost","floor":16.0,"turns":9.0},{"damage":0.0,"enemies":"3 Byrds","floor":18.0,"turns":4.0},{"damage":0.0,"enemies":"Spheric Guardian","floor":21.0,"turns":1.0},{"damage":7.0,"enemies":"Centurion and Healer","floor":22.0,"turns":7.0},{"damage":14.0,"enemies":"Book of Stabbing","floor":23.0,"turns":6.0},{"damage":0.0,"enemies":"Snecko","floor":25.0,"turns":4.0},{"damage":4.0,"enemies":"3 Cultists","floor":28.0,"turns":6.0},{"damage":0.0,"enemies":"Shelled Parasite and Fungi","floor":30.0,"turns":5.0},{"damage":0.0,"enemies":"Automaton","floor":33.0,"turns":8.0},{"damage":0.0,"enemies":"3 Darklings","floor":35.0,"turns":5.0},{"damage":13.0,"enemies":"Mind Bloom Boss Battle","floor":37.0,"turns":6.0},{"damage":0.0,"enemies":"Orb Walker","floor":39.0,"turns":6.0},{"damage":14.0,"enemies":"Maw","floor":41.0,"turns":7.0},{"damage":0.0,"enemies":"Sphere and 2 Shapes","floor":42.0,"turns":3.0},{"damage":6,"enemies":"3 Darklings","floor":46,"turns":8},{"damage":0,"enemies":"Maw","floor":48,"turns":2},{"damage":84,"enemies":"Awakened One","floor":50,"turns":6}],"seed_played":"8957471419451448043","potions_obtained":[{"floor":4.0,"key":"DuplicationPotion"},{"floor":12.0,"key":"SteroidPotion"}],"is_trial":false,"path_per_floor":["M","?","?","M","$","E","R","$","T","R","?","M","E","M","R","B",null,"M","$","?","M","M","E","R","M","T","R","M","$","M","?","R","B",null,"M","?","?","?","M","R","M","M","T","?","R","M","?","M","R","B"],"character_chosen":"WATCHER","items_purchased":["Vault","ForeignInfluence","Pen Nib","Panacea"],"campfire_rested":0,"item_purchase_floors":[5,29,29,29],"current_hp_per_floor":[70,63,68,68,68,36,36,36,36,36,36,36,30,30,30,14,77,77,77,50,50,43,29,29,29,29,29,25,25,25,11,11,11,82,82,82,74,74,74,74,60,60,60,60,60,54,82,82,82,0,0],"gold":394,"neow_bonus":"HUNDRED_GOLD","is_daily":false,"chose_seed":false,"campfire_upgraded":9,"win_rate":0.0,"timestamp":1611380108,"path_taken":["M","?","?","M","?","E","R","$","T","R","?","?","E","M","R","BOSS","M","$","?","M","M","E","R","M","T","R","?","$","M","?","R","BOSS","M","?","?","?","M","R","M","M","T","?","R","M","?","M","R","BOSS"],"items_purchased_type":["Card","Card","Relic","Card"],"build_version":"2020-12-22","purchased_purges":4,"victory":false,"max_hp_per_floor":[72,72,77,77,77,77,77,77,77,77,77,77,77,77,77,77,77,77,77,77,77,77,77,77,77,77,77,77,77,77,82,82,82,82,82,82,82,82,82,82,82,82,82,82,82,82,82,82,82,82,82],"card_choices":[{"not_picked":["BowlingBash","WheelKick"],"picked":"PathToVictory","floor":1.0},{"not_picked":["Swivel","Worship","BowlingBash"],"picked":"SKIP","floor":4.0},{"not_picked":["CutThroughFate","EmptyBody","Evaluate"],"picked":"SKIP","floor":6.0},{"not_picked":["ThirdEye","Protect","EmptyBody"],"picked":"SKIP","floor":12.0},{"not_picked":["Evaluate","Pray"],"picked":"Judgement","floor":13.0},{"not_picked":["Consecrate","Nirvana","Adaptation"],"picked":"SKIP","floor":14.0},{"not_picked":["Scrawl","Brilliance"],"picked":"ConjureBlade","floor":16.0},{"not_picked":["Evaluate","EmptyBody","Wireheading"],"picked":"SKIP","floor":18.0},{"not_picked":["EmptyFist","ThirdEye"],"picked":"Perseverance","floor":21.0},{"not_picked":["Consecrate","Halt","EmptyMind"],"picked":"SKIP","floor":22.0},{"not_picked":["EmptyFist","Indignation","BowlingBash+1"],"picked":"SKIP","floor":23.0},{"not_picked":["Evaluate+1","ClearTheMind","Adaptation+1"],"picked":"SKIP","floor":25.0},{"not_picked":["Sanctity+1","LikeWater","Indignation","MentalFortress"],"picked":"SKIP","floor":28.0},{"not_picked":["FollowUp","Blasphemy","Protect","EmptyFist+1"],"picked":"SKIP","floor":30.0},{"not_picked":["Ragnarok","Brilliance","LessonLearned"],"picked":"DevaForm","floor":33.0},{"not_picked":["SashWhip+1","Meditate","Vengeance","Prostrate"],"picked":"SKIP","floor":35.0},{"not_picked":["CrushJoints+1","Evaluate","PathToVictory+1","EmptyBody"],"picked":"SKIP","floor":39.0},{"not_picked":["DeceiveReality","Crescendo+1","EmptyBody","Evaluate+1"],"picked":"SKIP","floor":41.0},{"not_picked":["CrushJoints","EmptyFist","SashWhip","FollowUp"],"picked":"SKIP","floor":42.0},{"not_picked":["Ragnarok","SpiritShield","LessonLearned"],"picked":"Devotion","floor":44},{"not_picked":["EmptyFist+1","Consecrate+1","CrushJoints","Prostrate+1"],"picked":"SKIP","floor":46},{"not_picked":["Consecrate","Halt+1","ClearTheMind"],"picked":"DevaForm","floor":48}],"player_experience":1037702,"relics_obtained":[{"floor":6.0,"key":"Lantern"},{"floor":9.0,"key":"Centennial Puzzle"},{"floor":13.0,"key":"Sundial"},{"floor":23.0,"key":"Gambling Chip"},{"floor":26.0,"key":"Question Card"},{"floor":37.0,"key":"Ice Cream"}],"event_choices":[{"damage_healed":0.0,"max_hp_gain":0.0,"max_hp_loss":0.0,"gold_gain":0.0,"event_name":"Scrap Ooze","player_choice":"Success","floor":2.0,"gold_loss":0.0,"damage_taken":7.0,"relics_obtained":["Dead Branch"]},{"damage_healed":0.0,"max_hp_gain":5.0,"max_hp_loss":0.0,"gold_gain":0.0,"event_name":"Big Fish","player_choice":"Donut","floor":3.0,"gold_loss":0.0,"damage_taken":0.0},{"damage_healed":0.0,"max_hp_gain":0.0,"max_hp_loss":0.0,"gold_gain":0.0,"event_name":"Accursed Blacksmith","player_choice":"Forge","floor":11.0,"gold_loss":0.0,"damage_taken":0.0,"cards_upgraded":["Eruption"]},{"damage_healed":0.0,"max_hp_gain":0.0,"max_hp_loss":0.0,"gold_gain":270.0,"event_name":"Knowing Skull","player_choice":"GOLD GOLD GOLD ","floor":20.0,"potions_obtained":[],"gold_loss":0.0,"damage_taken":27.0,"cards_obtained":[]},{"damage_healed":0.0,"max_hp_gain":5.0,"max_hp_loss":0.0,"gold_gain":0.0,"event_name":"Forgotten Altar","player_choice":"Shed Blood","floor":31.0,"gold_loss":0.0,"damage_taken":19.0},{"damage_healed":0.0,"max_hp_gain":0.0,"max_hp_loss":0.0,"gold_gain":0.0,"event_name":"Mysterious Sphere","player_choice":"Ignored","floor":36.0,"gold_loss":0.0,"damage_taken":0.0},{"damage_healed":0.0,"max_hp_gain":0.0,"max_hp_loss":0.0,"gold_gain":0.0,"event_name":"MindBloom","player_choice":"Fight","floor":37.0,"gold_loss":0.0,"damage_taken":0.0},{"damage_healed":0.0,"max_hp_gain":0.0,"max_hp_loss":0.0,"gold_gain":0.0,"event_name":"SensoryStone","player_choice":"Memory 1","floor":38.0,"gold_loss":0.0,"damage_taken":0.0},{"damage_healed":28,"gold_gain":0,"player_choice":"Full Heal","damage_taken":0,"max_hp_gain":0,"max_hp_loss":0,"event_name":"Wheel of Change","floor":47,"gold_loss":0}],"is_beta":false,"boss_relics":[{"not_picked":["Fusion Hammer","Coffee Dripper"],"picked":"Sozu"},{"not_picked":["Empty Cage","Pandora\u0027s Box"],"picked":"Cursed Key"}],"items_purged_floors":[5,8,19,29],"is_endless":false,"potions_floor_spawned":[4,12,21,22,23,30,35,39,42,46],"killed_by":"Awakened One","ascension_level":0}}