{"host":"e4hse1vg61zltgzv","time":1611374712,"event":{"mods":["AchievementEnabler","BaseMod","Block Reminder","Colored Map","DeckTracker","GifTheSpireLib","Minty Spire (QoL Compilation)","Rare Cards Sparkle","StSLib","SuperFastMode","The Poker Player","everything is the same but u backflip on backflip"],"gold_per_floor":[115,133,145,165,179,209,209,242,269,269,319,319,339,359,359,435,435,451,468,488,500,512,546,546,581,581,594,594,628,456,456,456,530,530,549,549,549,561,401,431,431,459,533,568,568,388,400,227,227,227,227,227,227,65,95,95,95],"floor_reached":56,"language":"KOR","playtime":549,"items_purged":[],"score":2914,"play_id":"0ffd4a27-1b9d-4300-b875-7c4110a01ab2","local_time":"20210123130512","is_ascension_mode":true,"campfire_choices":[{"data":"Grand Finale","floor":7,"key":"SMITH"},{"data":"Malaise","floor":10,"key":"SMITH"},{"floor":15,"key":"RECALL"},{"floor":24,"key":"DIG"},{"floor":32,"key":"DIG"},{"floor":41,"key":"DIG"},{"floor":45,"key":"DIG"},{"floor":49,"key":"DIG"},{"floor":53,"key":"DIG"}],"circlet_count":0,"master_deck":["Grand Finale+1","After Image+1","After Image+1"],"relics":["Ring of the Snake","Singing Bowl","Gremlin Horn","Blue Candle","Pen Nib","Unceasing Top","Busted Crown","Blood Vial","Shovel","Centennial Puzzle","Frozen Egg 2","Enchiridion","Orrery","MutagenicStrength","Pear","Philosopher\u0027s Stone","Lee\u0027s Waffle","StrikeDummy","Whetstone","Mercury Hourglass","Sundial","Du-Vu Doll","ClockworkSouvenir","Bag of Marbles","Eternal Feather","TheAbacus","Paper Crane"],"acts_visited":["Exordium","TheCity","TheBeyond","TheEnding"],"potions_floor_usage":[20,22],"damage_taken":[{"damage":0,"enemies":"Cultist","floor":1,"turns":2},{"damage":0,"enemies":"Small Slimes","floor":2,"turns":1},{"damage":0,"enemies":"2 Louse","floor":3,"turns":1},{"damage":0,"enemies":"Blue Slaver","floor":4,"turns":1},{"damage":0,"enemies":"3 Louse","floor":5,"turns":1},{"damage":22,"enemies":"Lagavulin","floor":6,"turns":3},{"damage":0,"enemies":"3 Sentries","floor":8,"turns":1},{"damage":0,"enemies":"Exordium Thugs","floor":13,"turns":1},{"damage":0,"enemies":"2 Fungi Beasts","floor":14,"turns":1},{"damage":0,"enemies":"Hexaghost","floor":16,"turns":3},{"damage":0,"enemies":"Shell Parasite","floor":18,"turns":1},{"damage":0,"enemies":"Chosen","floor":19,"turns":1},{"damage":0,"enemies":"3 Cultists","floor":20,"turns":2},{"damage":0,"enemies":"Snake Plant","floor":21,"turns":1},{"damage":0,"enemies":"Snecko","floor":22,"turns":1},{"damage":0,"enemies":"Gremlin Leader","floor":23,"turns":1},{"damage":0,"enemies":"Book of Stabbing","floor":25,"turns":1},{"damage":0,"enemies":"Shelled Parasite and Fungi","floor":27,"turns":1},{"damage":0,"enemies":"Gremlin Leader","floor":29,"turns":1},{"damage":0,"enemies":"Collector","floor":33,"turns":1},{"damage":0,"enemies":"Orb Walker","floor":35,"turns":1},{"damage":0,"enemies":"3 Darklings","floor":38,"turns":1},{"damage":0,"enemies":"Nemesis","floor":40,"turns":1},{"damage":0,"enemies":"Reptomancer","floor":42,"turns":1},{"damage":0,"enemies":"Nemesis","floor":44,"turns":1},{"damage":0,"enemies":"Jaw Worm Horde","floor":47,"turns":1},{"damage":0,"enemies":"Awakened One","floor":50,"turns":2},{"damage":0,"enemies":"Time Eater","floor":51,"turns":1},{"damage":0,"enemies":"Shield and Spear","floor":55,"turns":1},{"damage":0,"enemies":"The Heart","floor":56,"turns":1}],"seed_played":"-2611021637059188922","potions_obtained":[{"floor":1,"key":"Regen Potion"},{"floor":3,"key":"DuplicationPotion"},{"floor":20,"key":"Fruit Juice"},{"floor":22,"key":"EssenceOfSteel"},{"floor":55,"key":"Block Potion"}],"is_trial":false,"path_per_floor":["M","M","M","M","M","E","R","E","T","R","?","$","M","M","R","B",null,"M","M","M","M","M","E","R","E","T","M","?","E","$","?","R","B",null,"M","?","?","M","$","E","R","E","T","E","R","$","M","$","R","B","B",null,"R","$","E","B"],"character_chosen":"THE_SILENT","items_purchased":["Orrery","Lee\u0027s Waffle","After Image+1","ClockworkSouvenir","TheAbacus"],"campfire_rested":0,"item_purchase_floors":[30,39,46,48,54],"current_hp_per_floor":[67,69,71,73,75,55,55,55,55,55,47,47,49,51,51,51,79,81,83,90,92,99,101,101,105,105,109,88,92,102,102,112,116,129,133,133,133,137,144,146,146,148,148,150,150,150,152,152,152,152,152,152,152,152,154,154,154],"gold":95,"neow_bonus":"TEN_PERCENT_HP_BONUS","is_daily":false,"chose_seed":false,"campfire_upgraded":2,"win_rate":0.0,"timestamp":1611374712,"path_taken":["M","M","M","M","?","E","R","E","T","R","?","$","M","M","R","BOSS","M","M","M","M","?","E","R","E","T","M","?","E","$","?","R","BOSS","M","?","?","?","?","E","R","E","T","E","R","$","M","$","R","BOSS","BOSS","R","$","E","BOSS"],"items_purchased_type":["Relic","Relic","Card","Relic","Relic"],"build_version":"2020-12-22","purchased_purges":0,"victory":false,"max_hp_per_floor":[74,76,78,80,82,84,84,84,84,84,84,84,86,88,88,88,88,90,92,94,96,103,105,105,107,107,109,109,111,121,121,131,133,133,135,135,135,137,144,146,146,148,148,150,150,150,152,152,152,152,152,152,152,152,154,154,154],"card_choices":[{"not_picked":["Concentrate","Footwork","Leg Sweep"],"picked":"Singing Bowl","floor":1},{"not_picked":["Deflect","Flying Knee","Footwork"],"picked":"Singing Bowl","floor":2},{"not_picked":["Blade Dance","Deflect","Dodge and Roll"],"picked":"Singing Bowl","floor":3},{"not_picked":["Blade Dance","Flying Knee","Prepared"],"picked":"Singing Bowl","floor":4},{"not_picked":["Caltrops","Sucker Punch","Dagger Throw"],"picked":"Singing Bowl","floor":5},{"not_picked":["Poisoned Stab","Dagger Spray","Outmaneuver"],"picked":"Singing Bowl","floor":6},{"not_picked":["Expertise","Sucker Punch"],"picked":"Malaise","floor":8},{"not_picked":["Acrobatics","Poisoned Stab","PiercingWail"],"picked":"Singing Bowl","floor":13},{"not_picked":["Eviscerate","Quick Slash","Cloak And Dagger"],"picked":"Singing Bowl","floor":14},{"not_picked":["Glass Knife","Corpse Explosion"],"picked":"After Image","floor":16},{"not_picked":["Escape Plan"],"picked":"Singing Bowl","floor":18},{"not_picked":["Blade Dance+1"],"picked":"Singing Bowl","floor":19},{"not_picked":["Backflip"],"picked":"Singing Bowl","floor":20},{"not_picked":["Well Laid Plans"],"picked":"Singing Bowl","floor":21},{"not_picked":["Bane"],"picked":"Singing Bowl","floor":22},{"not_picked":["Well Laid Plans"],"picked":"Singing Bowl","floor":23},{"not_picked":["Blade Dance"],"picked":"Singing Bowl","floor":25},{"not_picked":["Dagger Spray"],"picked":"Singing Bowl","floor":27},{"not_picked":["Poisoned Stab"],"picked":"Singing Bowl","floor":29},{"not_picked":["Prepared"],"picked":"Singing Bowl","floor":30},{"not_picked":["Slice"],"picked":"Singing Bowl","floor":30},{"not_picked":["Choke+1"],"picked":"Singing Bowl","floor":30},{"not_picked":["Poisoned Stab"],"picked":"Singing Bowl","floor":30},{"not_picked":["Flechettes+1"],"picked":"Singing Bowl","floor":30},{"not_picked":["Wraith Form v2+1"],"picked":"Singing Bowl","floor":33},{"not_picked":["Backstab"],"picked":"Singing Bowl","floor":35},{"not_picked":["Poisoned Stab+1"],"picked":"Singing Bowl","floor":38},{"not_picked":["Dash"],"picked":"Singing Bowl","floor":40},{"not_picked":["Deadly Poison"],"picked":"Singing Bowl","floor":42},{"not_picked":["Dash"],"picked":"Singing Bowl","floor":44},{"not_picked":["Prepared"],"picked":"Singing Bowl","floor":47},{"not_picked":["Adrenaline"],"picked":"Singing Bowl","floor":55}],"player_experience":813164,"relics_obtained":[{"floor":6,"key":"Gremlin Horn"},{"floor":8,"key":"Blue Candle"},{"floor":9,"key":"Pen Nib"},{"floor":23,"key":"Blood Vial"},{"floor":24,"key":"Centennial Puzzle"},{"floor":26,"key":"Frozen Egg 2"},{"floor":28,"key":"Enchiridion"},{"floor":32,"key":"Pear"},{"floor":40,"key":"StrikeDummy"},{"floor":41,"key":"Whetstone"},{"floor":42,"key":"Mercury Hourglass"},{"floor":44,"key":"Sundial"},{"floor":45,"key":"Du-Vu Doll"},{"floor":49,"key":"Bag of Marbles"},{"floor":53,"key":"Eternal Feather"},{"floor":55,"key":"Paper Crane"}],"event_choices":[{"damage_healed":0,"gold_gain":50,"player_choice":"Touch","damage_taken":8,"max_hp_gain":0,"max_hp_loss":0,"event_name":"FaceTrader","floor":11,"gold_loss":0},{"damage_healed":0,"gold_gain":0,"player_choice":"Obtained Book","damage_taken":21,"max_hp_gain":0,"max_hp_loss":0,"event_name":"Cursed Tome","floor":28,"gold_loss":0},{"damage_healed":0,"gold_gain":0,"player_choice":"Inject Mutagens","damage_taken":0,"relics_obtained":["MutagenicStrength"],"max_hp_gain":0,"max_hp_loss":0,"event_name":"Drug Dealer","floor":31,"gold_loss":0},{"cards_removed":["Malaise"],"damage_healed":0,"gold_gain":0,"player_choice":"Removed Skill","damage_taken":0,"max_hp_gain":0,"max_hp_loss":0,"event_name":"Falling","floor":36,"gold_loss":0},{"damage_healed":0,"gold_gain":0,"player_choice":"Upgraded","damage_taken":0,"max_hp_gain":0,"max_hp_loss":0,"event_name":"Upgrade Shrine","floor":37,"gold_loss":0,"cards_upgraded":["After Image"]}],"is_beta":false,"boss_relics":[{"not_picked":["HoveringKite","Runic Pyramid"],"picked":"Busted Crown"},{"not_picked":["Astrolabe","Ring of the Serpent"],"picked":"Philosopher\u0027s Stone"}],"items_purged_floors":[],"is_endless":false,"potions_floor_spawned":[1,3,5,8,19,20,21,22,29,35,38,44,55],"killed_by":"The Heart","ascension_level":20}}