{"host":"mg3e76uznu9x14du","time":1611398350,"event":{"mods":["BaseMod","Colored Map","Downfall","Minty Spire (QoL Compilation)","Permanent Neow","Relic Stats","StSLib","Waifu the Spire","everything is the same but u backflip on backflip"],"gold_per_floor":[99,114,127,138,138,138,138,72,84,119,137,46,46,64,75,75,75,75],"floor_reached":16,"language":"ENG","playtime":862,"items_purged":[],"score":109,"play_id":"3b5445a0-cf07-4db9-ac22-d045067a346a","local_time":"20210123053910","is_ascension_mode":true,"campfire_choices":[{"data":"bronze:Replicate","floor":1,"key":"SMITH"},{"data":"bronze:Iterate","floor":13,"key":"SMITH"}],"circlet_count":0,"master_deck":["bronze:Strike","bronze:Strike","bronze:Strike","bronze:Strike","bronze:Defend","bronze:Defend","bronze:Defend","bronze:Defend","bronze:Replicate+1","bronze:Goto","bronze:Terminator","bronze:Shell","bronze:Repair","bronze:DelayedSlice","bronze:MaxOutput","bronze:DigitalCarnage","bronze:InfiniteBeams","bronze:Iterate+1","bronze:CloningBeam","bronze:BugBarrage","bronze:SpaghettiCode","bronze:FunctionCard"],"relics":["bronze:BronzeCore","downfall:ShatteredFragment","Happy Flower","hexamod:Sixitude"],"acts_visited":["Exordium"],"potions_floor_usage":[10,12,16,16],"damage_taken":[{"damage":8,"enemies":"2 Louse","floor":2,"turns":3},{"damage":1,"enemies":"Jaw Worm","floor":3,"turns":3},{"damage":5,"enemies":"Cultist","floor":4,"turns":4},{"damage":0,"enemies":"downfall:FleeingMerchant","floor":8,"turns":4},{"damage":8,"enemies":"3 Louse","floor":9,"turns":4},{"damage":13,"enemies":"3 Sentries","floor":10,"turns":9},{"damage":0,"enemies":"Lots of Slimes","floor":11,"turns":3},{"damage":3,"enemies":"downfall:FleeingMerchant","floor":12,"turns":4},{"damage":7,"enemies":"Blue Slaver","floor":14,"turns":3},{"damage":13,"enemies":"Gremlin Gang","floor":15,"turns":3},{"damage":44,"enemies":"SI_SHIV_ARCHETYPE","floor":16,"turns":7}],"seed_played":"-2930315806663921625","potions_obtained":[{"floor":3,"key":"ColorlessPotion"},{"floor":9,"key":"Dexterity Potion"},{"floor":15,"key":"AttackPotion"}],"is_trial":false,"path_per_floor":["R","M","M","M","?","?","T","$","M","E","M","$","R","M","M","B"],"character_chosen":"THE_AUTOMATON","items_purchased":["Block Potion","bronze:CloningBeam"],"campfire_rested":0,"item_purchase_floors":[8,12],"current_hp_per_floor":[63,55,54,49,63,42,42,49,48,42,49,53,53,46,40,0,0,0],"gold":75,"neow_bonus":"THREE_RARE_CARDS","is_daily":false,"chose_seed":false,"campfire_upgraded":2,"win_rate":0.0,"timestamp":1611398350,"path_taken":["R","M","M","M","?","?","T","?","M","E","M","$","R","?","M","BOSS"],"items_purchased_type":["Potion","Card"],"build_version":"2020-12-22","purchased_purges":0,"victory":false,"max_hp_per_floor":[63,63,63,63,63,63,63,63,63,63,63,63,63,63,63,63,63,63],"relic_stats":{"Happy Flower":[12],"counters":[11,47],"obtain_stats":[{"bronze:BronzeCore":0,"downfall:ShatteredFragment":6,"Happy Flower":7,"hexamod:Sixitude":10},{"bronze:BronzeCore":0,"downfall:ShatteredFragment":3,"Happy Flower":3,"hexamod:Sixitude":6},{"bronze:BronzeCore":0,"downfall:ShatteredFragment":10,"Happy Flower":10,"hexamod:Sixitude":27}]},"card_choices":[{"not_picked":["bronze:Format","bronze:TinkerersToolbox"],"picked":"bronze:Hardcode","floor":0},{"not_picked":["bronze:Separator","bronze:WildBeam"],"picked":"bronze:Terminator","floor":2},{"not_picked":["bronze:WildBeam","bronze:Allocate"],"picked":"bronze:Shell","floor":3},{"not_picked":["bronze:Separator","bronze:Shield"],"picked":"bronze:Repair","floor":4},{"not_picked":["bronze:Separator","bronze:Deprecate"],"picked":"bronze:DelayedSlice","floor":8},{"not_picked":["bronze:Shield","bronze:Constructor"],"picked":"bronze:MaxOutput","floor":9},{"not_picked":["bronze:ChosenStrike","bronze:ThunderWave"],"picked":"bronze:DigitalCarnage","floor":10},{"not_picked":["bronze:Frontload","bronze:Boost"],"picked":"bronze:InfiniteBeams","floor":11},{"not_picked":["bronze:WildBeam","bronze:Frontload"],"picked":"bronze:Iterate","floor":12},{"not_picked":["bronze:Branch","bronze:WildBeam"],"picked":"bronze:BugBarrage","floor":14},{"not_picked":["bronze:WildBeam","bronze:Flail"],"picked":"bronze:SpaghettiCode","floor":15}],"player_experience":479898,"relics_obtained":[{"floor":7,"key":"Happy Flower"},{"floor":10,"key":"hexamod:Sixitude"}],"event_choices":[{"damage_healed":21,"gold_gain":0,"player_choice":"Banana","damage_taken":0,"max_hp_gain":0,"max_hp_loss":0,"event_name":"Big Fish","floor":5,"gold_loss":0}],"is_beta":false,"boss_relics":[],"items_purged_floors":[],"is_endless":false,"potions_floor_spawned":[3,9,15],"killed_by":"SI_SHIV_ARCHETYPE","ascension_level":1}}