{"host":"mb7itejek3z0coku","time":1611392952,"event":{"mods":["AchievementEnabler","Act Like it!","BaseMod","Downfall","Hubris","Minty Spire (QoL Compilation)","StSLib","Td1madao Mod","The Hierophant","Wandering Minibosses"],"gold_per_floor":[99,99,91,91,91,91,91,199,219,238,256,356,256,273,292,401,401,401,420,470,488,538,553,553,553,563,582,582,582,582,582],"floor_reached":29,"language":"ENG","playtime":3776,"items_purged":[],"score":215,"play_id":"ce425332-c765-4ef4-aa0d-0e67ff417a60","local_time":"20210123010912","is_ascension_mode":false,"campfire_choices":[{"floor":1,"key":"RECALL"},{"floor":13,"key":"REST"},{"data":"hexamod:VolcanoVisage","floor":18,"key":"SMITH"},{"data":"hexamod:FastForward","floor":25,"key":"SMITH"},{"floor":28,"key":"REST"}],"circlet_count":0,"master_deck":["hexamod:Strike","hexamod:Strike+1","hexamod:Strike","hexamod:Defend","hexamod:Defend","hexamod:Defend","hexamod:Defend","hexamod:Sear+1","hexamod:Float","hexamod:SwordOfDarkness","hexamod:FirstSeal","hexamod:SecondSeal","hexamod:FastForward+1","hexamod:SixthSeal","hexamod:FourthSeal","hexamod:SpectersWail","hexamod:Hexaguard","hexamod:ThermalTransfer","hexamod:StepThrough","hexamod:HauntingEcho","hexamod:SearingWound+1","hexamod:VolcanoVisage+1","hexamod:BurningTouch","hexamod:ChargedBarrage","hexamod:BurningTouch","hexamod:HeatMetal","hexamod:GhostShield"],"relics":["hexamod:SpiritBrand","downfall:HeartsMalice","Kunai","Potion Belt","downfall:CloakOfManyFaces","CultistMask","FaceOfCleric","NlothsMask","GremlinMask","SsserpentHead","downfall:HeartBlessingRed","SacredBark","Blue Candle"],"acts_visited":["Exordium","TheCity"],"potions_floor_usage":[11,12,12,14,16,16,16,16,19,26],"damage_taken":[{"damage":0,"enemies":"Small Slimes","floor":2,"turns":1},{"damage":0,"enemies":"2 Louse","floor":4,"turns":1},{"damage":0,"enemies":"downfall:FleeingMerchant","floor":6,"turns":1},{"damage":50,"enemies":"downfall:LadyInBlue","floor":8,"turns":14},{"damage":0,"enemies":"Cultist","floor":9,"turns":4},{"damage":18,"enemies":"3 Louse","floor":10,"turns":3},{"damage":0,"enemies":"Red Slaver","floor":11,"turns":4},{"damage":10,"enemies":"downfall:FaceTrader","floor":12,"turns":9},{"damage":3,"enemies":"Large Slime","floor":14,"turns":5},{"damage":2,"enemies":"Blue Slaver","floor":15,"turns":3},{"damage":2,"enemies":"SI_SHIV_ARCHETYPE","floor":16,"turns":7},{"damage":0,"enemies":"Chosen","floor":19,"turns":4},{"damage":18,"enemies":"Shell Parasite","floor":21,"turns":6},{"damage":5,"enemies":"Snecko","floor":23,"turns":3},{"damage":25,"enemies":"Centurion and Healer","floor":26,"turns":7},{"damage":33,"enemies":"Snake Plant","floor":27,"turns":5},{"damage":49,"enemies":"Cultist and Chosen","floor":29,"turns":4}],"seed_played":"-9103267431478743423","potions_obtained":[{"floor":8,"key":"Weak Potion"},{"floor":8,"key":"LiquidBronze"},{"floor":8,"key":"hexamod:DoubleChargePotion"},{"floor":8,"key":"Weak Potion"},{"floor":10,"key":"Weak Potion"},{"floor":11,"key":"Regen Potion"},{"floor":14,"key":"Swift Potion"},{"floor":15,"key":"Energy Potion"},{"floor":16,"key":"Energy Potion"},{"floor":19,"key":"Swift Potion"},{"floor":21,"key":"Block Potion"},{"floor":26,"key":"Strength Potion"},{"floor":27,"key":"Guardian:BlockOnCardUsePotion"}],"is_trial":false,"path_per_floor":["R","M","?","M","?","$","T","?","M","M","M","?","R","M","M","B",null,"R","M","?","M","?","M","T","R","M","M","R","M"],"character_chosen":"THE_SPIRIT","items_purchased":[],"campfire_rested":2,"item_purchase_floors":[],"current_hp_per_floor":[70,70,63,63,63,63,63,20,27,16,23,35,56,61,67,73,73,73,74,69,59,62,65,65,65,48,23,47,0,0,0],"gold":582,"neow_bonus":"THREE_ENEMY_KILL","is_daily":false,"chose_seed":false,"campfire_upgraded":2,"win_rate":0.0,"timestamp":1611392952,"path_taken":["R","M","?","M","?","$","T","?","?","M","M","?","R","M","M","BOSS","R","M","?","M","?","M","T","R","M","M","R","M"],"items_purchased_type":[],"build_version":"2020-12-22","purchased_purges":0,"victory":false,"max_hp_per_floor":[70,70,70,70,70,70,70,70,70,70,70,70,70,71,72,73,73,73,74,74,75,78,79,79,79,80,81,81,81,81,81],"card_choices":[{"not_picked":["hexamod:NecessarySacrifice","hexamod:BacktrackSmack"],"picked":"hexamod:SwordOfDarkness","floor":2},{"not_picked":["hexamod:Hexaguard","hexamod:PhantomFireball"],"picked":"hexamod:FastForward","floor":4},{"not_picked":["hexamod:BacktrackSmack","hexamod:GhostOfSpirePast"],"picked":"hexamod:SixthSeal","floor":6},{"not_picked":["hexamod:RecurringNightmare","hexamod:GhostOfSpirePast"],"picked":"hexamod:FourthSeal","floor":8},{"not_picked":["hexamod:ThermalTransfer","hexamod:Firestarter"],"picked":"hexamod:SpectersWail","floor":9},{"not_picked":["hexamod:InspiringFlames","hexamod:SwordOfDarkness"],"picked":"hexamod:Hexaguard","floor":10},{"not_picked":["hexamod:PhantomCloak","hexamod:SwordOfDarkness"],"picked":"hexamod:ThermalTransfer","floor":11},{"not_picked":["hexamod:InspiringFlames","hexamod:Incineration"],"picked":"hexamod:StepThrough","floor":12},{"not_picked":["hexamod:ExtraCrispy","hexamod:HeatCrush"],"picked":"hexamod:HauntingEcho","floor":14},{"not_picked":["hexamod:Haunt","hexamod:RecurringNightmare"],"picked":"hexamod:SearingWound","floor":15},{"not_picked":["hexamod:GhostOfSpirePresent","hexamod:FifthSeal"],"picked":"hexamod:VolcanoVisage","floor":16},{"not_picked":["hexamod:ShieldOfDarkness","hexamod:HauntingEcho"],"picked":"hexamod:BurningTouch","floor":19},{"not_picked":["hexamod:Firestarter","hexamod:RetreatToShadows"],"picked":"hexamod:ChargedBarrage","floor":21},{"not_picked":["hexamod:PhantomCloak+1","hexamod:InspiringFlames"],"picked":"hexamod:BurningTouch","floor":23},{"not_picked":["hexamod:Hexaguard","hexamod:SpectersWail+1"],"picked":"hexamod:HeatMetal","floor":26},{"not_picked":["hexamod:NightmareGuise","hexamod:HauntingEcho"],"picked":"hexamod:GhostShield","floor":27}],"player_experience":124323,"relics_obtained":[{"floor":7,"key":"Kunai"},{"floor":8,"key":"Potion Belt"},{"floor":12,"key":"downfall:CloakOfManyFaces"}],"event_choices":[],"is_beta":false,"boss_relics":[{"not_picked":["Philosopher\u0027s Stone","hubris:Stopwatch"],"picked":"SacredBark"}],"items_purged_floors":[],"is_endless":false,"potions_floor_spawned":[8,10,15,16,21,26],"killed_by":"Cultist and Chosen","ascension_level":0}}