{"host":"yncvxcxtq9dkce9q","time":1611394851,"event":{"mods":["ATMod(°¢èªMod)","AchievementEnabler","Act Like it!","Arknights The Spire","Ascension Reborn","Aspiration","Bard","BaseMod","BetterRewards","ChefMod","Colored Powertips","Conspire","Custom Start","Defuse TimeMaze Blight","Dota2Spire","Energized Spire","Friendly Minions","Gensokyo","GifTheSpireLib","Gremlin Mod","Halation","Hermit","Hubris","Infinite Spire","Jedi Mod","Lobotomy","LobotomyExtend","Marisa£¨ìFÓê¡¡Ä§ÀíÉ³£©","Marked Mod","Minty Spire (QoL Compilation)","MostiFishMod","Pale of the Ancients","Potionbrewer","Rare Cards Sparkle","Reimu£¨²©ÀöÁéÃÎ£©","Relic Sorter","Replay The Spire","RumiaBox-Â¶Ã×æ«µÄÉñÃØºÐ×Ó","Shop Mod","Spicy Shops","StSLib","Stuff the Spire","TestMod","The Administrix","The Blue Laboratory","The Construct","The Gatherer","The Hayseed","The Jungle","The Marked","The Runesmith","The Servant 0.9.4","Waifu the Spire","Wandering Minibosses","Warlord Emblem","Yakumo Yukari mod","Youmu£¨»êÆÇÑýÃÎ£©","[GremlinLeader]The Maniac","noobMod","vexMod","¡¾¹¦ÄÜMod¡¿»ìãçÖ®»·ÐÞ¸´²¹¶¡","¡¾ÒÅÎï¿¨ÅÆ¡¿REMEMod"],"gold_per_floor":[132,143,143,143,161,161,186,186,186,186,235,27,43,408,408,739,739,739,739,739,739,619,646,657,722,747,757,757,803,803,816,816,816],"floor_reached":32,"language":"ZHS","playtime":2625,"items_purged":["Defend_purpleEX"],"score":513,"play_id":"832fedcc-6ac5-4fc1-8c89-f3e0afe7c210","local_time":"20210123174051","is_ascension_mode":true,"campfire_choices":[{"data":"MostiFishMod:SephirahHod","floor":6.0,"key":"SMITH"},{"floor":8.0,"key":"RECALL"},{"floor":15,"key":"DIG"},{"data":"AT_ChampionStep","floor":30,"key":"SMITH"}],"circlet_count":0,"master_deck":["AT_purpleEX","AT_purpleEX","Defend_purpleEX","Defend_purpleEX","Observe_purple_1","Observe_purple_2","AT_ChampionStep+1","Secret Technique+1","MostiFishMod:SephirahHod+1","WeekHit_purple","Mirror_FourBoundary_purple","Boundary_ObjectiveBoundary_purple","Monsters_DoubleDeathButterfly_purple","Mirror_TwoAndThreeElementRealm_purple+1","ProofOfUnderstanding_purple","infinitespire:Fortify","OpenedBox_purple","Mirror_FourBoundary_purple","GluttonyofRealm_purpleEX"],"relics":["Boundary_crack","Memoryfragments_purpleEX","testmod-TestBox","ice","REME_ComplimentaryCards","AT_ATBox","MostiFishMod:Hod","testmod-TurbochargingSystem","SynthV:TestCard","LetterFromLob","hubris:Towel","Gensokyo:CelestialsFlawlessClothing","Dota2Spire:HandOfMidas","DaveBox","ChiXiaoBlade","SynthV","infinitespire:CheckeredPen","Omamori","Empty Cage","Moonlight_r","hubris:EmptyBottle","PatriotShield","Gensokyo:ConquerorOfFear","Gensokyo:FoxMask","hubris:SphereOfDissonance","testmod-ArcanaOfDestiny","Dota2Spire:PhaseBoots","wanderingMiniBosses:CarrionFlame","halation:Prosthetics"],"acts_visited":["Exordium","Gensokyo:Gensokyo"],"potions_floor_usage":[29,29],"damage_taken":[{"damage":5.0,"enemies":"Gensokyo:Python","floor":1.0,"turns":3.0},{"damage":0.0,"enemies":"Gensokyo:3_Fairies","floor":2.0,"turns":3.0},{"damage":0.0,"enemies":"Gensokyo:2_Kodama","floor":5.0,"turns":6.0},{"damage":17.0,"enemies":"Gensokyo:Cirno","floor":7.0,"turns":8.0},{"damage":0,"enemies":"Gensokyo:LivingMonolith","floor":11,"turns":2},{"damage":6,"enemies":"Gensokyo:VengefulSpirit","floor":13,"turns":4},{"damage":11,"enemies":"Gensokyo:Aya","floor":14,"turns":4},{"damage":0,"enemies":"Gensokyo:Yukari","floor":16,"turns":6},{"damage":22,"enemies":"Gensokyo:Tenshi","floor":23,"turns":2},{"damage":0,"enemies":"Gensokyo:CosmicMonolith","floor":24,"turns":1},{"damage":16,"enemies":"Gensokyo:Reisen","floor":25,"turns":3},{"damage":0,"enemies":"Gensokyo:AngelMirror","floor":27,"turns":3},{"damage":0,"enemies":"Gensokyo:Wraith","floor":29,"turns":2},{"damage":0,"enemies":"Gensokyo:Monolith_and_Dog","floor":31,"turns":1}],"seed_played":"2925598462826211723","potions_obtained":[{"floor":7.0,"key":"blueLaboratory:FrostheartPotion"},{"floor":11,"key":"PowerPotion"},{"floor":13,"key":"blueLaboratory:FruitPreserves"},{"floor":25,"key":"REME_GoldPotion"}],"is_trial":false,"path_per_floor":["M","M","?","?","M","R","E","R","T","?","M","COS","M","E","R","B",null,"M","?","AVR","?","?","E","M","E","T","M","?","M","R","M","R"],"character_chosen":"Youkari","items_purchased":[],"campfire_rested":0,"item_purchase_floors":[],"current_hp_per_floor":[67,69,69,52,56,56,41,41,41,41,41,41,35,24,24,24,70,70,70,70,70,70,49,53,41,41,45,22,22,22,22,22,22],"gold":816,"neow_bonus":"THREE_CARDS","is_daily":false,"chose_seed":false,"campfire_upgraded":2,"win_rate":0.0,"timestamp":1611394851,"path_taken":["M","M","?","?","M","R","E","R","T","?","M","COS","M","E","R","BOSS","M","?","AVR","?","?","E","?","E","T","M","?","M","R","M","R"],"items_purchased_type":[],"build_version":"2020-12-22","purchased_purges":1,"victory":false,"max_hp_per_floor":[70,70,70,70,70,70,70,70,70,70,70,70,70,70,70,70,70,70,70,70,70,70,73,73,73,73,75,22,22,22,22,22,22],"card_choices":[{"not_picked":["Shallow_ocean_purpleEX","SfantasyHide_purple"],"picked":"WeekHit_purple","floor":1.0},{"not_picked":["DimensionStaggered_purple","RuleDissolution_purple","Charmbait_purple","EighthInstrument_OneDividesIntoTwo_purple"],"picked":"Mirror_FourBoundary_purple","floor":2.0},{"not_picked":["EighthInstrument_OneDividesIntoTwo_purple","RuptureOfTimeAndSpace_purple","MNeedle_purple","ExistenceContinue_purple"],"picked":"Boundary_ObjectiveBoundary_purple","floor":5.0},{"not_picked":["OpenedBox_purple","Anti_communist_purple","MNeedle_purple","Boundary_LightAndDark_purple","WorldDissolvedintheRealm_purple"],"picked":"SKIP","floor":7.0},{"not_picked":["OmniscientAndOmnipotent_Monster_purple","PositiveMatter_Antimatter_Universe_purple","ExternalForce_HighSpeedFlying_purple","DimensionStaggered_purple","StateDuplicate_purple"],"picked":"SKIP","floor":11},{"not_picked":["Line_surface_state_purple","StateDuplicate_purple","SharpContractionReality_purple","Shallow_ocean_purpleEX"],"picked":"Monsters_DoubleDeathButterfly_purple","floor":13},{"not_picked":["Extrememeaning_purpleEX","ButterflyHabitatTemple_purple","Umbrella_purple","RuleDissolution_purple"],"picked":"Mirror_TwoAndThreeElementRealm_purple","floor":14},{"not_picked":["WasteWire_Metro_purple","Mirror_TwoAndThreeElementRealm_purple","Fancifulhole_purple","WangLiang_LineAndCurveDreams_purple"],"picked":"ProofOfUnderstanding_purple","floor":16},{"not_picked":["SharpContractionReality_purple","RuleDissolution_purple","Boundary_of_Extermination_purpleEX","WasteWire_Metro_purple","StateDuplicate_purple"],"picked":"SKIP","floor":23},{"not_picked":["Mirror_FormAndEmptin_purple","StateDuplicate_purple","Nest_LightFlightworm_purple","ExistenceContinue_purple+1"],"picked":"OpenedBox_purple","floor":24},{"not_picked":["Bait_Toxicbait_purple","MeetDecomposer_purple","Shallow_ocean_purpleEX","Monsters_DoubleDeathButterfly_purple","AdvanceAttack_purple"],"picked":"SKIP","floor":25},{"not_picked":["DimensionStaggered_purple","OmniscientAndOmnipotent_Monster_purple","StateDuplicate_purple","Realm_recovery_purpleEX+1"],"picked":"Mirror_FourBoundary_purple","floor":27},{"not_picked":["Bait_Toxicbait_purple","Line_surface_state_purple","Charmbait_purple+1","Bait_HighSpeedFlying_purple"],"picked":"GluttonyofRealm_purpleEX","floor":29},{"not_picked":["Mirror_FormAndEmptin_purple+1","MNeedle_purple","Mirror_WaveAndshot_purple+1","DarkRealmRedLine_purple+1","Yakumo_Ran_purple"],"picked":"SKIP","floor":31}],"player_experience":428625,"relics_obtained":[{"floor":1.0,"key":"SynthV:TestCard"},{"floor":1.0,"key":"LetterFromLob"},{"floor":7.0,"key":"Dota2Spire:HandOfMidas"},{"floor":14,"key":"infinitespire:CheckeredPen"},{"floor":15,"key":"Omamori"},{"floor":23,"key":"Gensokyo:ConquerorOfFear"},{"floor":23,"key":"hubris:SphereOfDissonance"},{"floor":25,"key":"testmod-ArcanaOfDestiny"},{"floor":26,"key":"Dota2Spire:PhaseBoots"},{"floor":27,"key":"wanderingMiniBosses:CarrionFlame"}],"event_choices":[{"damage_healed":0,"gold_gain":0,"player_choice":"Swap Relic","damage_taken":0,"relics_obtained":["DaveBox"],"max_hp_gain":0,"max_hp_loss":0,"event_name":"¸ø×Ô¼ºµÄºÐ×Ó","floor":10,"relics_lost":["DaveBox"],"gold_loss":0}],"is_beta":false,"boss_relics":[{"not_picked":["Abe\u0027s Treasure","Replay:Ancient Bell"],"picked":"Empty Cage"}],"items_purged_floors":[20],"is_endless":false,"potions_floor_spawned":[7,11,13,16,25,29,31],"ascension_level":0}}