{"host":"fmb9x04chdot191d","time":1611384330,"event":{"mods":["2.2 Compatiblity","AchievementEnabler","BaseMod","BetterRewards","Colored Map","Downfall","Hermit","Highlight Path","Marisa（霧雨　魔理沙）","Minty Spire (QoL Compilation)","Permanent Neow","Quick Restart","Rare Cards Sparkle","StSLib","The Servant 0.9.4","[IsaacMod]以撒尖塔"],"gold_per_floor":[118,118,138,138,56,84,143,168,168,195,195,205,205,205,205,308,308,324,61,61,84,97,97,122,122,122,152,185,35,35,35,35,136,136,146,146,158,108,128,128,157,157,180,213,17,36,36,86,86,86],"floor_reached":51,"language":"ENG","playtime":2103,"items_purged":["Strike_R","Defend_R"],"score":986,"play_id":"d59ef596-cb5d-476e-9d4c-183001e432f3","local_time":"20210123194530","is_ascension_mode":true,"campfire_choices":[{"floor":11.0,"key":"REST"},{"data":"Body Slam","floor":15.0,"key":"SMITH"},{"data":"Entrench","floor":23.0,"key":"SMITH"},{"data":"Body Slam","floor":25.0,"key":"SMITH"},{"floor":32,"key":"REST"},{"data":"Whirlwind","floor":40,"key":"SMITH"},{"data":"Impervious","floor":47,"key":"SMITH"},{"data":"Offering","floor":49,"key":"SMITH"}],"circlet_count":0,"master_deck":["Strike_R","Strike_R","Strike_R","Defend_R+1","Defend_R+1","Defend_R","Bash","EpicFetus+1","Rage","Whirlwind+1","Offering+1","Body Slam+1","Shrug It Off","Inflame","Juggernaut","Impervious+1","Enlightenment","Rage","Entrench+1","Body Slam+1","Flex+1","Barricade","Flex","Ghostly Armor","Whirlwind+1"],"relics":["Black Blood","HushsDoor","Pocketwatch","DoctorsRemote","UnicornStump","Lantern","SharpPlug","Regal Pillow","Blood Vial","Chemical X","PreservedInsect","Bag of Preparation","Nunchaku","Bottled Flame","Red Mask","SteamSale","MutagenicStrength","MagicMushroom","Succubus","Red Skull","Eternal Feather","War Paint","Shuriken","BookOfRevelations"],"acts_visited":["Exordium","TheCity","TheBeyond"],"potions_floor_usage":[33,50],"damage_taken":[{"damage":8.0,"enemies":"Small Slimes","floor":1.0,"turns":3.0},{"damage":0.0,"enemies":"2 Louse","floor":3.0,"turns":2.0},{"damage":27.0,"enemies":"Gremlin Nob","floor":6.0,"turns":4.0},{"damage":14.0,"enemies":"3 Sentries","floor":7.0,"turns":4.0},{"damage":24.0,"enemies":"3 Sentries","floor":8.0,"turns":4.0},{"damage":12.0,"enemies":"Jaw Worm","floor":12.0,"turns":3.0},{"damage":6.0,"enemies":"Slime Boss","floor":16.0,"turns":4.0},{"damage":0.0,"enemies":"Chosen","floor":18.0,"turns":4.0},{"damage":13.0,"enemies":"Shell Parasite","floor":22.0,"turns":5.0},{"damage":16.0,"enemies":"Slavers","floor":24.0,"turns":3.0},{"damage":43,"enemies":"Gremlin Leader","floor":27,"turns":5},{"damage":6,"enemies":"Masked Bandits","floor":28,"turns":2},{"damage":49,"enemies":"Collector","floor":33,"turns":6},{"damage":0,"enemies":"Orb Walker","floor":35,"turns":1},{"damage":0,"enemies":"3 Darklings","floor":37,"turns":1},{"damage":6,"enemies":"4 Shapes","floor":39,"turns":1},{"damage":0,"enemies":"Giant Head","floor":41,"turns":4},{"damage":6,"enemies":"Reptomancer","floor":44,"turns":3},{"damage":6,"enemies":"Sphere and 2 Shapes","floor":46,"turns":1},{"damage":8,"enemies":"Mind Bloom Boss Battle","floor":48,"turns":5},{"damage":6,"enemies":"Time Eater","floor":50,"turns":3}],"seed_played":"821564705092552637","potions_obtained":[{"floor":8.0,"key":"Weak Potion"},{"floor":12.0,"key":"Block Potion"},{"floor":16.0,"key":"PowerPotion"},{"floor":33,"key":"Explosive Potion"},{"floor":41,"key":"hexamod:SoulburnPotion"},{"floor":46,"key":"DistilledChaos"}],"is_trial":false,"path_per_floor":["M","?","M","?","$","E","?","E","T","T","R","M","?","?","R","B",null,"M","$","?","T","M","R","E","R","T","E","?","$","?","?","R","B",null,"M","?","M","$","M","R","E","?","T","E","$","M","R","?","R","B",null],"character_chosen":"IRONCLAD","items_purchased":["Offering","Impervious","Enlightenment","Entrench","Chemical X","SteamSale","Succubus","War Paint","Shuriken"],"campfire_rested":2,"item_purchase_floors":[5,17,17,19,19,29,34,45,45],"current_hp_per_floor":[70,70,72,72,72,51,43,25,25,25,61,57,57,50,50,52,66,66,66,66,66,65,65,62,62,62,33,41,41,41,41,66,29,58,58,58,58,58,58,58,58,55,55,55,55,55,55,55,55,55],"gold":86,"neow_bonus":"ONE_RARE_RELIC","is_daily":false,"chose_seed":false,"campfire_upgraded":6,"win_rate":0.0,"timestamp":1611384330,"path_taken":["M","?","M","?","?","E","?","E","T","?","R","M","?","?","R","BOSS","M","$","?","?","M","R","E","R","T","E","?","$","?","?","R","BOSS","M","?","?","?","M","R","E","?","T","E","$","M","R","?","R","BOSS"],"items_purchased_type":["Card","Card","Card","Card","Relic","Relic","Relic","Relic","Relic"],"build_version":"2020-12-22","purchased_purges":2,"victory":true,"max_hp_per_floor":[72,72,72,72,72,72,72,72,72,72,72,72,72,72,72,72,66,66,66,66,66,66,66,66,66,66,66,66,66,66,66,66,66,58,58,58,58,58,58,58,58,55,55,55,55,55,55,55,55,55],"card_choices":[{"not_picked":[],"picked":"EpicFetus","floor":0.0},{"not_picked":["Heavy Blade","Warcry"],"picked":"Rage","floor":1.0},{"not_picked":["True Grit","Thunderclap"],"picked":"Whirlwind","floor":3.0},{"not_picked":["Heavy Blade","Clothesline"],"picked":"Body Slam","floor":6.0},{"not_picked":["Dropkick","Clothesline"],"picked":"Shrug It Off","floor":7.0},{"not_picked":["Clash","Feel No Pain"],"picked":"Inflame","floor":8.0},{"not_picked":["Sword Boomerang","Dropkick","Heavy Blade"],"picked":"SKIP","floor":12.0},{"not_picked":["Reaper","Offering"],"picked":"Juggernaut","floor":16.0},{"not_picked":["Dropkick","Clash"],"picked":"Rage","floor":18.0},{"not_picked":["Rupture","Flex+1"],"picked":"Body Slam","floor":22.0},{"not_picked":["Iron Wave+1","Thunderclap"],"picked":"Flex+1","floor":24.0},{"not_picked":["Clothesline","Headbutt","Carnage"],"picked":"SKIP","floor":27},{"not_picked":["Juggernaut","Double Tap"],"picked":"Barricade","floor":33},{"not_picked":["Spot Weakness","Shockwave+1"],"picked":"Flex","floor":35},{"not_picked":["Shrug It Off","Thunderclap","Carnage+1"],"picked":"SKIP","floor":37},{"not_picked":["Pommel Strike","Sword Boomerang","Fire Breathing"],"picked":"SKIP","floor":39},{"not_picked":["Reaper","Sword Boomerang+1"],"picked":"Ghostly Armor","floor":41},{"not_picked":["Iron Wave","Twin Strike"],"picked":"Whirlwind+1","floor":44},{"not_picked":["Cleave","Pummel","Warcry"],"picked":"SKIP","floor":46}],"player_experience":44033,"relics_obtained":[{"floor":6.0,"key":"UnicornStump"},{"floor":7.0,"key":"Lantern"},{"floor":8.0,"key":"SharpPlug"},{"floor":9.0,"key":"Regal Pillow"},{"floor":10.0,"key":"Blood Vial"},{"floor":21.0,"key":"PreservedInsect"},{"floor":24.0,"key":"Bag of Preparation"},{"floor":26.0,"key":"Nunchaku"},{"floor":27,"key":"Bottled Flame"},{"floor":28,"key":"Red Mask"},{"floor":43,"key":"Red Skull"},{"floor":44,"key":"Eternal Feather"},{"floor":48,"key":"BookOfRevelations"}],"event_choices":[{"damage_healed":0.0,"max_hp_gain":0.0,"max_hp_loss":0.0,"gold_gain":0.0,"event_name":"Liars Game","player_choice":"Ignored","floor":2.0,"gold_loss":0.0,"damage_taken":0.0},{"damage_healed":0.0,"max_hp_gain":0.0,"max_hp_loss":0.0,"gold_gain":0.0,"event_name":"Living Wall","player_choice":"Grow","floor":4.0,"gold_loss":0.0,"damage_taken":0.0,"cards_upgraded":["EpicFetus"]},{"damage_healed":0.0,"max_hp_gain":0.0,"max_hp_loss":0.0,"gold_gain":30.0,"event_name":"Dead Adventurer","player_choice":"Searched \u00273\u0027 times","floor":7.0,"gold_loss":0.0,"damage_taken":0.0},{"damage_healed":0.0,"max_hp_gain":0.0,"max_hp_loss":0.0,"gold_gain":0.0,"event_name":"Golden Idol","player_choice":"Ignored","floor":13.0,"gold_loss":0.0,"damage_taken":0.0},{"cards_removed":["Strike_R"],"damage_healed":0.0,"max_hp_gain":0.0,"max_hp_loss":0.0,"gold_gain":0.0,"event_name":"Golden Wing","player_choice":"Card Removal","floor":14.0,"gold_loss":0.0,"damage_taken":7.0},{"damage_healed":0,"gold_gain":0,"player_choice":"Fought Bandits","damage_taken":0,"max_hp_gain":0,"max_hp_loss":0,"event_name":"Masked Bandits","floor":28,"gold_loss":0},{"damage_healed":0,"gold_gain":0,"player_choice":"Inject Mutagens","damage_taken":0,"relics_obtained":["MutagenicStrength"],"max_hp_gain":0,"max_hp_loss":0,"event_name":"Drug Dealer","floor":31,"gold_loss":0},{"damage_healed":0,"gold_gain":0,"player_choice":"Max HP","damage_taken":0,"max_hp_gain":0,"max_hp_loss":3,"event_name":"Winding Halls","floor":42,"gold_loss":0},{"damage_healed":0,"gold_gain":0,"player_choice":"Fight","damage_taken":0,"max_hp_gain":0,"max_hp_loss":0,"event_name":"MindBloom","floor":48,"gold_loss":0}],"is_beta":false,"boss_relics":[{"not_picked":["Runic Pyramid","Runic Cube"],"picked":"Black Blood"},{"not_picked":[]},{"not_picked":["Sozu","Fusion Hammer"],"picked":"MagicMushroom"},{"not_picked":[]}],"items_purged_floors":[19,38],"is_endless":false,"potions_floor_spawned":[8,12,16,22,33,41,46],"ascension_level":1}}