{"host":"njo8qgvy2a57fcny","time":1611399773,"event":{"mods":["Ascension Unlocker","Aspiration","BaseMod","BetterRewards","CCEM","Colored Map","Colored Powertips","Conspire","Custom Start","Downfall","GifTheSpireLib","Halation","Hermit","Hubris","Infinite Spire","Jedi Mod","Mimic Mod","Minty Spire (QoL Compilation)","Quick Restart","Random Character Button","Random Character Mod","Rare Cards Sparkle","Relic Sorter","Replay The Spire","Shop Mod","StSLib","Stuff the Spire","The Animator","The Jungle","The Runesmith","The Servant 0.9.4","vexMod"],"gold_per_floor":[110,110,110,110,11,44,59,30,57,57,76,90,110,11,11,85,85,95,106,106,123,157,157,157],"floor_reached":23,"language":"ENG","playtime":1186,"items_purged":[],"score":432,"play_id":"3e38b9b9-6bec-4095-b5b9-f950c4bbd874","local_time":"20210123220253","is_ascension_mode":true,"campfire_choices":[{"data":"MoonPhase","floor":10,"key":"SMITH"},{"floor":15,"key":"REST"}],"circlet_count":0,"master_deck":["AscendersBane","Strike_S","Strike_S","Strike_S","Defend_S+1","Defend_S","Defend_S","Defend_S","KidneyShot","Exchange+1","Desolation+1","MoonPhase+1","Spin+1","Unruled+1","Luminosity","FastForward","Potential+1","Rearm+1","Defy","Contraction","Starlight+1","KillingDoll+1","BestPractice","ShiftingGears","Rearm","MurderousAura","Defy+1"],"relics":["Uniform","NeowsBlessing","Molten Egg 2","jedi:firstaidkit","Pen Nib","StuffTheSpire:ModemDavis","War Paint"],"acts_visited":["Exordium","TheCity"],"potions_floor_usage":[11,16,16,21,23,23],"damage_taken":[{"damage":0,"enemies":"2 Louse","floor":1,"turns":1},{"damage":0,"enemies":"Lagavulin","floor":6,"turns":1},{"damage":0,"enemies":"Small Slimes","floor":7,"turns":1},{"damage":0,"enemies":"Cultist","floor":11,"turns":3},{"damage":9,"enemies":"2 Fungi Beasts","floor":12,"turns":2},{"damage":13,"enemies":"Exordium Wildlife","floor":13,"turns":2},{"damage":10,"enemies":"Slime Boss","floor":16,"turns":9},{"damage":18,"enemies":"Chosen","floor":18,"turns":7},{"damage":11,"enemies":"Spheric Guardian","floor":19,"turns":3},{"damage":36,"enemies":"Snake Plant","floor":21,"turns":8},{"damage":11,"enemies":"conspire:Head Lice","floor":23,"turns":2}],"seed_played":"6225669293760649615","potions_obtained":[{"floor":1,"key":"Weak Potion"},{"floor":12,"key":"Regen Potion"},{"floor":13,"key":"Elixir"},{"floor":18,"key":"Toxic Potion"},{"floor":21,"key":"SpeedPotion"},{"floor":22,"key":"Swift Potion"}],"is_trial":false,"path_per_floor":["M","?","?","?","$","E","M","$","T","R","M","M","M","$","R","B",null,"M","M","?","M","?","E"],"character_chosen":"THE_SERVANT","items_purchased":["MoonPhase","Spin+1","FastForward","Contraction","Starlight+1"],"campfire_rested":1,"item_purchase_floors":[5,5,8,14,14],"current_hp_per_floor":[54,54,47,29,29,29,29,29,29,29,29,20,7,7,25,39,55,46,35,35,31,7,0,0],"gold":157,"neow_bonus":"THREE_ENEMY_KILL","is_daily":false,"chose_seed":false,"campfire_upgraded":1,"win_rate":0.0,"timestamp":1611399773,"path_taken":["M","?","?","?","$","E","?","?","T","R","M","M","M","?","R","BOSS","M","M","?","?","?","E"],"items_purchased_type":["Card","Card","Card","Card","Card"],"build_version":"2020-12-22","purchased_purges":0,"victory":false,"max_hp_per_floor":[60,60,60,60,60,60,60,60,60,60,60,60,60,60,60,60,60,60,60,60,60,60,60,60],"card_choices":[{"not_picked":["Rewind","BottledTime"],"picked":"Desolation","floor":1},{"not_picked":["TimeWarp+1","StarChef"],"picked":"Unruled+1","floor":6},{"not_picked":["TimeWarp+1","Defy"],"picked":"Luminosity","floor":7},{"not_picked":["Rewind","FastForward"],"picked":"Potential+1","floor":11},{"not_picked":["Rewind","TimeWarp+1"],"picked":"Rearm","floor":12},{"not_picked":["Replace","TheWorld"],"picked":"Defy","floor":13},{"not_picked":["LightFlow+1","FloweringNight"],"picked":"KillingDoll+1","floor":16},{"not_picked":["Read","TimeWarp+1"],"picked":"BestPractice","floor":18},{"not_picked":["FastForward","TimeWarp+1"],"picked":"ShiftingGears","floor":19},{"not_picked":["Spin+1","Revamp"],"picked":"Rearm","floor":21},{"not_picked":["Rewind","BottledTime"],"picked":"MurderousAura","floor":22},{"not_picked":["Contraction+1","Replace"],"picked":"Defy+1","floor":22}],"player_experience":665806,"relics_obtained":[{"floor":6,"key":"jedi:firstaidkit"},{"floor":9,"key":"Pen Nib"},{"floor":22,"key":"War Paint"}],"event_choices":[{"cards_removed":["Injury"],"damage_healed":0,"gold_gain":0,"player_choice":"Card Removal","damage_taken":7,"max_hp_gain":0,"max_hp_loss":0,"event_name":"Golden Wing","floor":3,"gold_loss":0},{"damage_healed":0,"gold_gain":0,"player_choice":"Entered Light","damage_taken":18,"max_hp_gain":0,"max_hp_loss":0,"event_name":"Shining Light","floor":4,"gold_loss":0,"cards_upgraded":["Exchange","Desolation"]},{"cards_removed":["Strike_S"],"damage_healed":0,"gold_gain":0,"player_choice":"Purged","damage_taken":0,"max_hp_gain":0,"max_hp_loss":0,"event_name":"Purifier","floor":20,"gold_loss":0}],"is_beta":false,"boss_relics":[{"not_picked":["halation:MonkeysPaw","halation:Risk"],"picked":"StuffTheSpire:ModemDavis"}],"items_purged_floors":[],"is_endless":false,"potions_floor_spawned":[1,12,13,18,21],"killed_by":"conspire:Head Lice","ascension_level":20}}