{"host":"mpptac75auyxsbzs","time":1611424828,"event":{"mods":["BaseMod","Downfall","Minty Spire (QoL Compilation)","Random Character Button","StSLib","SuperFastMode"],"gold_per_floor":[349,33,33,49,68,87,87,87,72,72,85,96,125,140,150,150,150,150],"floor_reached":16,"language":"ENG","playtime":933,"items_purged":[],"score":104,"play_id":"97d4fbf9-26c5-4ab0-9fa1-46c99531317b","local_time":"20210123190028","is_ascension_mode":false,"campfire_choices":[{"floor":1,"key":"RECALL"},{"data":"Slimebound:CorrosiveSpit","floor":8,"key":"SMITH"}],"circlet_count":0,"master_deck":["Slimebound:Strike_Slimebound","Slimebound:Strike_Slimebound","Slimebound:Strike_Slimebound","Slimebound:Tackle","Slimebound:Defend_Slimebound","Slimebound:Defend_Slimebound","Slimebound:Defend_Slimebound","Slimebound:Defend_Slimebound","Slimebound:Split","Slimebound:CorrosiveSpit+1","Decay","Slimebound:LeechingTouch","Decay","Slimebound:LeechingTouch","Shame","Slimebound:LeechEnergy","Slimebound:SplitMire","Slimebound:Gluttony"],"relics":["Slimebound:AbsorbEndCombat","Du-Vu Doll","Ancient Tea Set"],"acts_visited":["Exordium"],"potions_floor_usage":[9,13,13,15,16,16],"damage_taken":[{"damage":16,"enemies":"downfall:FleeingMerchant","floor":2,"turns":4},{"damage":2,"enemies":"Small Slimes","floor":4,"turns":4},{"damage":5,"enemies":"Cultist","floor":5,"turns":4},{"damage":9,"enemies":"2 Louse","floor":6,"turns":4},{"damage":15,"enemies":"downfall:FleeingMerchant","floor":9,"turns":4},{"damage":20,"enemies":"Gremlin Gang","floor":11,"turns":5},{"damage":9,"enemies":"2 Fungi Beasts","floor":12,"turns":3},{"damage":42,"enemies":"Lagavulin","floor":13,"turns":7},{"damage":12,"enemies":"Lots of Slimes","floor":14,"turns":4},{"damage":10,"enemies":"Red Slaver","floor":15,"turns":3},{"damage":29,"enemies":"WA_ARCHETYPE_RETAIN","floor":16,"turns":6}],"seed_played":"-6283919674496704098","potions_obtained":[{"floor":3,"key":"Regen Potion"},{"floor":3,"key":"LiquidBronze"},{"floor":3,"key":"champ:CounterPotion"},{"floor":4,"key":"Dexterity Potion"},{"floor":11,"key":"hexamod:SoulburnPotion"},{"floor":12,"key":"SkillPotion"},{"floor":13,"key":"Slimebound:SpawnSlimePotion"},{"floor":14,"key":"Regen Potion"}],"is_trial":false,"path_per_floor":["R","$","?","M","M","M","T","R","$","?","M","M","E","M","M","B"],"character_chosen":"SLIMEBOUND","items_purchased":["Du-Vu Doll"],"campfire_rested":0,"item_purchase_floors":[2],"current_hp_per_floor":[65,55,55,61,62,57,57,57,50,50,36,29,10,6,7,0,0,0],"gold":150,"neow_bonus":"TWO_FIFTY_GOLD","is_daily":false,"chose_seed":false,"campfire_upgraded":1,"win_rate":0.0,"timestamp":1611424828,"path_taken":["R","$","?","M","M","?","T","R","?","?","M","?","E","M","M","BOSS"],"items_purchased_type":["Relic"],"build_version":"2020-12-22","purchased_purges":0,"victory":false,"max_hp_per_floor":[65,65,65,65,65,65,65,65,65,65,65,65,65,65,65,65,65,65],"card_choices":[{"not_picked":["Slimebound:GoopSpray","Slimebound:SamplingLick"],"picked":"Slimebound:LeechingTouch","floor":2},{"not_picked":["Slimebound:SplitLeeching","Slimebound:SplitAcid","Slimebound:Grow"],"picked":"SKIP","floor":4},{"not_picked":["Slimebound:Recollect","Slimebound:Prepare","Slimebound:SplitBruiser"],"picked":"SKIP","floor":5},{"not_picked":["Slimebound:DisruptingSlam","Slimebound:SplitBruiser","Slimebound:SplitLeeching"],"picked":"SKIP","floor":6},{"not_picked":["Slimebound:Prepare","Slimebound:ServeAndProtect","Slimebound:SplitBruiser"],"picked":"SKIP","floor":9},{"not_picked":["Slimebound:Prepare","Slimebound:SlimeSpikes"],"picked":"Slimebound:LeechEnergy","floor":11},{"not_picked":["Slimebound:SplitBruiser","Slimebound:SplitLeeching","Slimebound:SlimeSpikes"],"picked":"SKIP","floor":12},{"not_picked":["Slimebound:PrepareCrush","Slimebound:SamplingLick"],"picked":"Slimebound:SplitMire","floor":13},{"not_picked":["Slimebound:Prepare","Slimebound:ComboTackle","Slimebound:SplitAcid"],"picked":"SKIP","floor":14},{"not_picked":["Slimebound:ProtectTheBoss","Slimebound:LeechingTouch"],"picked":"Slimebound:Gluttony","floor":15}],"player_experience":242044,"relics_obtained":[{"floor":13,"key":"Ancient Tea Set"}],"event_choices":[{"damage_healed":0,"gold_gain":0,"player_choice":"Got Potions","damage_taken":0,"max_hp_gain":0,"max_hp_loss":0,"event_name":"Lab","floor":3,"gold_loss":0}],"is_beta":false,"boss_relics":[],"items_purged_floors":[],"is_endless":false,"potions_floor_spawned":[4,11,12,13,14],"killed_by":"WA_ARCHETYPE_RETAIN","ascension_level":0}}