{"host":"2ccem01eblg14btk","time":1611433123,"event":{"mods":["BaseMod","Colored Map","Minty Spire (QoL Compilation)","Quick Restart","Replay The Spire","StSLib"],"gold_per_floor":[17,17,17,30,95,95,129,129,129,129,129],"floor_reached":10,"language":"ENG","playtime":359,"items_purged":[],"score":99,"play_id":"d8a43d34-60d3-4ffe-8f95-c553e0ba040b","local_time":"20210123211843","is_ascension_mode":true,"campfire_choices":[{"floor":6,"key":"REST"},{"floor":8,"key":"REST"}],"circlet_count":0,"master_deck":["AscendersBane","Strike_G","Strike_G","Strike_G","Strike_G","Strike_G","Defend_G","Defend_G","Defend_G","Defend_G","Survivor","Neutralize","PiercingWail","Delirium","Crippling Poison","Poisoned Stab","Replay:Poison Smokescreen"],"relics":["Ring of the Snake","WingedGreaves","ReplayTheSpireMod:Ring of Challenge","Ring of Panic","Golden Egg","Blue Candle"],"acts_visited":["Exordium"],"potions_floor_usage":[5],"damage_taken":[{"damage":3,"enemies":"2 Louse","floor":1,"turns":5},{"damage":25,"enemies":"Jaw Worm","floor":4,"turns":9},{"damage":23,"enemies":"Small Slimes","floor":5,"turns":7},{"damage":30,"enemies":"Replay:BlueRogue","floor":7,"turns":9},{"damage":25,"enemies":"Gremlin Nob","floor":10,"turns":4}],"seed_played":"-7005768694464825744","potions_obtained":[{"floor":1,"key":"Explosive Potion"}],"is_trial":false,"path_per_floor":["M","?","?","M","M","R","E","R","T","E"],"character_chosen":"THE_SILENT","items_purchased":[],"campfire_rested":2,"item_purchase_floors":[],"current_hp_per_floor":[60,60,60,35,12,33,3,24,24,0,0],"gold":129,"neow_bonus":"ONE_RARE_RELIC","is_daily":false,"chose_seed":false,"campfire_upgraded":0,"win_rate":0.0,"timestamp":1611433123,"path_taken":["M","?","?","M","M","R","E","R","T","E"],"items_purchased_type":[],"build_version":"2020-12-22","purchased_purges":0,"victory":false,"max_hp_per_floor":[70,70,70,70,70,70,70,70,70,70,70],"card_choices":[{"not_picked":["Expertise","Dagger Throw"],"picked":"PiercingWail","floor":1},{"not_picked":["Outmaneuver","Bane"],"picked":"Crippling Poison","floor":4},{"not_picked":["Sucker Punch","Deflect"],"picked":"Poisoned Stab","floor":5},{"not_picked":["Dagger Throw","Accuracy"],"picked":"Replay:Poison Smokescreen","floor":7}],"player_experience":126975,"relics_obtained":[{"floor":3,"key":"ReplayTheSpireMod:Ring of Challenge"},{"floor":3,"key":"Ring of Panic"},{"floor":7,"key":"Golden Egg"},{"floor":9,"key":"Blue Candle"}],"event_choices":[],"is_beta":false,"boss_relics":[],"items_purged_floors":[],"is_endless":false,"potions_floor_spawned":[1],"killed_by":"Gremlin Nob","ascension_level":10}}