{"host":"vex7walpoxzv48nx","time":1611374183,"event":{"mods":["BaseMod","Bestiary","Minty Spire (QoL Compilation)","Permanent Neow","Quick Restart","Relic Stats"],"gold_per_floor":[119,137,137,86,104,104,124,124,148,148,176,186,221,231,231,332,332,351,450,466,508,327,327,336,345,381,406,32,32,41,81,81,203,230,258,32,52,0,0,31,40,81,163,163,15,24,24,33,33,153,153,163,347,40,49,86,86,86,121,154,183,183,196,231,262,262,384,384,398,430,446,491,303,303,303,335,363,377,409,436,26,50,50,169,169,185,185,229,229,229],"floor_reached":89,"language":"ENG","playtime":5551,"items_purged":["Normality","Normality","Intimidate"],"score":2563,"play_id":"72fe7a79-cab5-40e1-9b39-463fe1fa442a","local_time":"20210123045623","daily_mods":["Draft","Heirloom","Flight","DeadlyEvents","Cursed Run"],"is_ascension_mode":false,"campfire_choices":[{"data":"Uppercut","floor":6,"key":"SMITH"},{"data":"Fire Breathing","floor":8,"key":"SMITH"},{"data":"Feel No Pain","floor":10,"key":"SMITH"},{"data":"True Grit","floor":15,"key":"SMITH"},{"data":"Limit Break","floor":23,"key":"SMITH"},{"data":"Heavy Blade","floor":29,"key":"SMITH"},{"data":"Feel No Pain","floor":32,"key":"SMITH"},{"data":"Dark Embrace","floor":44,"key":"SMITH"},{"data":"Heavy Blade","floor":47,"key":"SMITH"},{"data":"Fire Breathing","floor":49,"key":"SMITH"},{"data":"Burning Pact","floor":57,"key":"SMITH"},{"data":"Burning Pact","floor":58,"key":"SMITH"},{"data":"Evolve","floor":62,"key":"SMITH"},{"data":"Body Slam","floor":66,"key":"SMITH"},{"data":"Mind Blast","floor":74,"key":"SMITH"},{"data":"Immolate","floor":75,"key":"SMITH"},{"data":"1","floor":83,"key":"LIFT"}],"circlet_count":0,"master_deck":["Shrug It Off","Heavy Blade+1","Feel No Pain+1","Wild Strike","Feel No Pain+1","Flame Barrier","Sever Soul","Spot Weakness","Cleave","Havoc","Burning Pact+1","Uppercut+1","Shrug It Off","Body Slam+1","Burning Pact+1","Fire Breathing+1","Parasite","True Grit+1","Fire Breathing+1","Reckless Charge","Impervious","Wild Strike","Decay","Limit Break+1","CurseOfTheBell","Inflame","Disarm","Burning Pact+1","Evolve+1","Dropkick+1","Shockwave","Armaments+1","Reckless Charge+1","Clumsy","Dark Embrace+1","Pummel","Finesse","Heavy Blade+1","Doubt","Exhume","Metallicize+1","Juggernaut+1","Thunderclap+1","Havoc+1","Writhe","Impervious","Clumsy","Parasite","Regret","Immolate+1","Doubt","Regret","Fire Breathing","Brutality","Injury","Clumsy","Barricade","Ghostly","Ghostly","Ghostly","Ghostly","Ghostly","Impervious","Mind Blast+1","Havoc","Pommel Strike+1","Heavy Blade","Enlightenment","Havoc","Clumsy","Corruption","Brutality"],"relics":["Cursed Key","Darkstone Periapt","Du-Vu Doll","Prayer Wheel","Regal Pillow","Centennial Puzzle","HornCleat","Calling Bell","Tiny Chest","Paper Frog","Gambling Chip","CeramicFish","Orrery","InkBottle","Ancient Tea Set","Strange Spoon","Happy Flower","Pear","Astrolabe","Medical Kit","Red Mask","Bottled Lightning","Question Card","MealTicket","Eternal Feather","OrangePellets","Unceasing Top","Singing Bowl","Mark of Pain","Membership Card","Thread and Needle","PreservedInsect","SlaversCollar","Art of War","Girya","Brimstone","Nunchaku","Busted Crown"],"acts_visited":["Exordium","TheCity","TheBeyond","Exordium","TheCity","TheBeyond"],"potions_floor_usage":[21,21,33,42,50,88],"damage_taken":[{"damage":0,"enemies":"2 Louse","floor":1,"turns":1},{"damage":0,"enemies":"Cultist","floor":2,"turns":2},{"damage":2,"enemies":"Small Slimes","floor":5,"turns":3},{"damage":7,"enemies":"3 Louse","floor":7,"turns":2},{"damage":2,"enemies":"Gremlin Nob","floor":11,"turns":3},{"damage":2,"enemies":"Exordium Wildlife","floor":12,"turns":3},{"damage":13,"enemies":"3 Sentries","floor":13,"turns":4},{"damage":2,"enemies":"Exordium Thugs","floor":14,"turns":3},{"damage":6,"enemies":"Hexaghost","floor":16,"turns":6},{"damage":2,"enemies":"Spheric Guardian","floor":18,"turns":2},{"damage":0,"enemies":"Chosen","floor":20,"turns":2},{"damage":18,"enemies":"Slavers","floor":21,"turns":4},{"damage":2,"enemies":"Centurion and Healer","floor":27,"turns":3},{"damage":2,"enemies":"Gremlin Leader","floor":31,"turns":3},{"damage":25,"enemies":"Automaton","floor":33,"turns":6},{"damage":6,"enemies":"3 Shapes","floor":35,"turns":3},{"damage":1,"enemies":"Orb Walker","floor":37,"turns":2},{"damage":42,"enemies":"Giant Head","floor":40,"turns":7},{"damage":6,"enemies":"Reptomancer","floor":42,"turns":4},{"damage":21,"enemies":"Donu and Deca","floor":50,"turns":4},{"damage":0,"enemies":"Jaw Worm","floor":52,"turns":1},{"damage":0,"enemies":"Lagavulin","floor":56,"turns":3},{"damage":0,"enemies":"Gremlin Nob","floor":59,"turns":1},{"damage":0,"enemies":"Lagavulin","floor":61,"turns":1},{"damage":0,"enemies":"Cultist","floor":63,"turns":1},{"damage":0,"enemies":"Gremlin Nob","floor":64,"turns":2},{"damage":0,"enemies":"Lagavulin","floor":65,"turns":1},{"damage":162,"enemies":"Hexaghost","floor":67,"turns":4},{"damage":1,"enemies":"3 Byrds","floor":69,"turns":2},{"damage":2,"enemies":"Book of Stabbing","floor":70,"turns":3},{"damage":26,"enemies":"2 Thieves","floor":71,"turns":2},{"damage":0,"enemies":"Snake Plant","floor":76,"turns":1},{"damage":0,"enemies":"Gremlin Leader","floor":77,"turns":2},{"damage":0,"enemies":"3 Cultists","floor":78,"turns":1},{"damage":1,"enemies":"Book of Stabbing","floor":79,"turns":2},{"damage":1,"enemies":"Slavers","floor":80,"turns":2},{"damage":0,"enemies":"Snecko","floor":82,"turns":1},{"damage":1,"enemies":"Champ","floor":84,"turns":4},{"damage":0,"enemies":"Orb Walker","floor":86,"turns":1},{"damage":21,"enemies":"Nemesis","floor":88,"turns":3},{"damage":0,"enemies":"Giant Head","floor":89,"turns":2}],"seed_played":"3975804818361201836","potions_obtained":[{"floor":5,"key":"LiquidBronze"},{"floor":11,"key":"SpeedPotion"},{"floor":13,"key":"Dexterity Potion"},{"floor":27,"key":"Fire Potion"},{"floor":31,"key":"Swift Potion"},{"floor":35,"key":"ElixirPotion"},{"floor":61,"key":"LiquidMemories"},{"floor":63,"key":"Fire Potion"},{"floor":70,"key":"FairyPotion"}],"is_trial":true,"path_per_floor":["M","M","?","$","M","R","M","R","T","R","E","M","E","M","R","B",null,"M","?","M","E","$","R","T","?","T","M","$","R","T","E","R","B",null,"M","$","M","?","?","E","T","E","T","R","$","T","R","T","R","B",null,"M","?","$","?","E","R","R","E","T","E","R","M","E","E","R","B",null,"M","E","M","?","$","R","R","M","E","M","E","E","$","M","R","B",null,"M","?","E","E"],"character_chosen":"IRONCLAD","items_purchased":["Shrug It Off","Evolve","Orrery","Strange Spoon","Happy Flower","Finesse","Medical Kit","OrangePellets","Membership Card","Thread and Needle","Art of War","Impervious","Mind Blast","Girya","Heavy Blade","Brimstone","Enlightenment","Nunchaku"],"campfire_rested":0,"item_purchase_floors":[4,22,22,28,28,28,36,45,54,54,73,73,73,81,81,81,81,81],"current_hp_per_floor":[80,80,80,80,78,78,71,71,77,77,75,73,60,58,58,58,98,96,96,96,78,78,78,84,84,90,88,88,88,104,102,102,83,132,126,126,125,125,125,83,89,83,89,116,131,137,150,156,156,141,162,166,172,172,178,178,178,178,178,184,186,186,190,192,194,194,38,200,203,203,181,105,105,105,105,105,107,111,112,113,115,117,117,122,123,127,123,102,102,102],"gold":229,"neow_bonus":"","is_daily":false,"chose_seed":false,"campfire_upgraded":16,"win_rate":0.0,"timestamp":1611374183,"path_taken":["M","M","?","?","?","R","?","R","T","R","E","?","?","?","R","BOSS","M","?","?","?","$","R","?","?","T","?","?","R","?","?","R","BOSS","M","$","M","?","?","E","?","?","T","R","?","?","R","?","R","BOSS","M","?","$","?","?","R","R","E","T","?","R","?","?","?","R","BOSS","M","?","?","?","$","R","R","M","E","?","?","?","$","?","R","BOSS","M","?","?","?"],"items_purchased_type":["Card","Card","Relic","Relic","Relic","Card","Relic","Relic","Relic","Relic","Relic","Card","Card","Relic","Card","Relic","Card","Relic"],"build_version":"2020-12-22","purchased_purges":3,"victory":false,"max_hp_per_floor":[80,80,80,80,80,80,80,80,86,86,86,86,86,86,86,92,98,98,98,98,98,98,98,104,104,110,110,110,110,126,126,126,132,132,132,132,132,132,132,132,138,138,144,144,144,150,150,156,156,162,162,166,172,172,178,178,178,178,178,184,186,186,190,192,194,194,200,200,204,206,210,105,105,105,105,105,107,111,113,115,115,117,117,123,123,127,133,133,133,133],"relic_stats":{"Darkstone Periapt":102,"Regal Pillow":0,"Singing Bowl":46,"CeramicFish":432,"Cursed Key":9,"Centennial Puzzle":[66],"Nunchaku":[1],"Gambling Chip":[80],"Prayer Wheel":19,"Tiny Chest":8,"MealTicket":17,"InkBottle":[27],"Happy Flower":[23],"counters":[41,107],"Astrolabe":["Metallicize","Juggernaut","Thunderclap"],"Eternal Feather":40,"PreservedInsect":620,"Medical Kit":[3],"Question Card":33,"Strange Spoon":[21],"OrangePellets":[2],"Busted Crown":12,"Art of War":[0],"obtain_stats":[{"Darkstone Periapt":0,"Regal Pillow":9,"Singing Bowl":48,"CeramicFish":21,"Cursed Key":0,"Ancient Tea Set":26,"Centennial Puzzle":11,"Nunchaku":81,"HornCleat":13,"Gambling Chip":17,"Prayer Wheel":0,"Tiny Chest":17,"MealTicket":42,"Red Mask":38,"InkBottle":24,"Paper Frog":17,"Girya":81,"Pear":30,"Happy Flower":28,"Astrolabe":34,"Eternal Feather":43,"Thread and Needle":54,"PreservedInsect":60,"Medical Kit":36,"Question Card":41,"Du-Vu Doll":0,"Calling Bell":17,"Strange Spoon":28,"OrangePellets":45,"SlaversCollar":68,"Busted Crown":85,"Brimstone":81,"Orrery":22,"Mark of Pain":51,"Art of War":73,"Bottled Lightning":40,"Membership Card":54,"Unceasing Top":46},{"Darkstone Periapt":0,"Regal Pillow":4,"Singing Bowl":19,"CeramicFish":12,"Cursed Key":0,"Ancient Tea Set":12,"Centennial Puzzle":5,"Nunchaku":36,"HornCleat":7,"Gambling Chip":9,"Prayer Wheel":0,"Tiny Chest":9,"MealTicket":19,"Red Mask":17,"InkBottle":12,"Paper Frog":9,"Girya":36,"Pear":13,"Happy Flower":13,"Astrolabe":15,"Eternal Feather":19,"Thread and Needle":21,"PreservedInsect":23,"Medical Kit":16,"Question Card":18,"Du-Vu Doll":0,"Calling Bell":9,"Strange Spoon":13,"OrangePellets":19,"SlaversCollar":28,"Busted Crown":38,"Brimstone":36,"Orrery":12,"Mark of Pain":20,"Art of War":31,"Bottled Lightning":18,"Membership Card":21,"Unceasing Top":19},{"Darkstone Periapt":0,"Regal Pillow":8,"Singing Bowl":63,"CeramicFish":35,"Cursed Key":0,"Ancient Tea Set":35,"Centennial Puzzle":11,"Nunchaku":96,"HornCleat":18,"Gambling Chip":27,"Prayer Wheel":0,"Tiny Chest":27,"MealTicket":63,"Red Mask":52,"InkBottle":35,"Paper Frog":27,"Girya":96,"Pear":38,"Happy Flower":38,"Astrolabe":47,"Eternal Feather":63,"Thread and Needle":68,"PreservedInsect":72,"Medical Kit":50,"Question Card":59,"Du-Vu Doll":0,"Calling Bell":27,"Strange Spoon":38,"OrangePellets":63,"SlaversCollar":81,"Busted Crown":101,"Brimstone":96,"Orrery":35,"Mark of Pain":67,"Art of War":88,"Bottled Lightning":59,"Membership Card":68,"Unceasing Top":63}],"Unceasing Top":[4]},"card_choices":[{"not_picked":["Iron Wave","Thunderclap"],"picked":"Shrug It Off","floor":0},{"not_picked":["Ghostly Armor","Metallicize"],"picked":"Heavy Blade","floor":0},{"not_picked":["Havoc","Heavy Blade"],"picked":"Feel No Pain","floor":0},{"not_picked":["Sword Boomerang","Sentinel"],"picked":"Intimidate","floor":0},{"not_picked":["Warcry","Perfected Strike"],"picked":"Wild Strike","floor":0},{"not_picked":["Heavy Blade","Inflame"],"picked":"Hemokinesis","floor":0},{"not_picked":["Sword Boomerang","Anger"],"picked":"Feel No Pain","floor":0},{"not_picked":["Clash","Body Slam"],"picked":"Flame Barrier","floor":0},{"not_picked":["Heavy Blade","Headbutt"],"picked":"Sever Soul","floor":0},{"not_picked":["Sword Boomerang","Heavy Blade"],"picked":"Iron Wave","floor":0},{"not_picked":["Warcry","Clash"],"picked":"Spot Weakness","floor":0},{"not_picked":["Twin Strike","Havoc"],"picked":"Cleave","floor":0},{"not_picked":["Headbutt","Clash"],"picked":"Havoc","floor":0},{"not_picked":["Iron Wave","Clothesline"],"picked":"Burning Pact","floor":0},{"not_picked":["Warcry","Dark Embrace"],"picked":"Clothesline","floor":0},{"not_picked":["Havoc","Combust"],"picked":"Uppercut","floor":1},{"not_picked":["Flex","Iron Wave","Infernal Blade"],"picked":"SKIP","floor":1},{"not_picked":["Clash","Heavy Blade"],"picked":"Body Slam","floor":2},{"not_picked":["Heavy Blade","Flex"],"picked":"Reckless Charge","floor":2},{"not_picked":["Iron Wave","Clash"],"picked":"Body Slam","floor":5},{"not_picked":["Battle Trance","Whirlwind"],"picked":"Burning Pact","floor":5},{"not_picked":["Anger","Wild Strike"],"picked":"Fire Breathing","floor":7},{"not_picked":["Body Slam","Berserk","Havoc"],"picked":"SKIP","floor":7},{"not_picked":["Whirlwind","Clothesline"],"picked":"True Grit","floor":11},{"not_picked":["Searing Blow","Headbutt"],"picked":"Fire Breathing","floor":12},{"not_picked":["Blood for Blood","Flame Barrier"],"picked":"Reckless Charge","floor":12},{"not_picked":["Searing Blow","Clash","Pummel"],"picked":"SKIP","floor":13},{"not_picked":["Anger","Seeing Red"],"picked":"Impervious","floor":14},{"not_picked":["Ghostly Armor","Blood for Blood"],"picked":"Wild Strike","floor":14},{"not_picked":["Exhume","Feed"],"picked":"Limit Break","floor":16},{"not_picked":["Iron Wave","Perfected Strike"],"picked":"Inflame","floor":18},{"not_picked":["Headbutt+1","True Grit","Pommel Strike"],"picked":"SKIP","floor":18},{"not_picked":["Clothesline+1","Cleave+1"],"picked":"Disarm","floor":20},{"not_picked":["Anger","Thunderclap","Armaments"],"picked":"SKIP","floor":20},{"not_picked":["Brutality","Searing Blow"],"picked":"Burning Pact+1","floor":21},{"not_picked":["Heavy Blade","Headbutt"],"picked":"Dropkick+1","floor":22},{"not_picked":["Seeing Red","Hemokinesis"],"picked":"Shockwave","floor":22},{"not_picked":["Sword Boomerang","Shrug It Off"],"picked":"Armaments+1","floor":22},{"not_picked":["Shrug It Off","Reaper"],"picked":"Reckless Charge+1","floor":22},{"not_picked":["Clothesline","Pommel Strike+1"],"picked":"Pummel","floor":27},{"not_picked":["Hemokinesis","Cleave+1","Thunderclap"],"picked":"SKIP","floor":27},{"not_picked":["Clothesline+1","Flame Barrier"],"picked":"Heavy Blade","floor":31},{"not_picked":["Double Tap","Impervious"],"picked":"Exhume","floor":33},{"not_picked":["Carnage","Reckless Charge+1"],"picked":"Havoc+1","floor":35},{"not_picked":["Sword Boomerang","Dropkick","Burning Pact"],"picked":"SKIP","floor":35},{"not_picked":["Rampage+1","Clothesline+1","Intimidate+1"],"picked":"SKIP","floor":37},{"not_picked":["Flame Barrier","Rupture+1","Battle Trance"],"picked":"SKIP","floor":37},{"not_picked":["Blood for Blood","Iron Wave","Flex+1"],"picked":"SKIP","floor":40},{"not_picked":["Battle Trance","Body Slam+1","Flex"],"picked":"Impervious","floor":42},{"not_picked":["Juggernaut","Bludgeon","Double Tap"],"picked":"Immolate","floor":50},{"not_picked":["Twin Strike","Clash","Wild Strike","Heavy Blade"],"picked":"Singing Bowl","floor":52},{"not_picked":["Flame Barrier","Heavy Blade","Inflame","Combust"],"picked":"Singing Bowl","floor":52},{"not_picked":["Disarm","Pommel Strike","True Grit"],"picked":"Fire Breathing","floor":56},{"not_picked":["Headbutt","Havoc","Battle Trance"],"picked":"Brutality","floor":59},{"not_picked":["Anger","Iron Wave","Burning Pact","Rampage"],"picked":"Singing Bowl","floor":61},{"not_picked":["Whirlwind","Hemokinesis","Sword Boomerang","Power Through"],"picked":"Singing Bowl","floor":63},{"not_picked":["Wild Strike","Flame Barrier","Headbutt","Flex"],"picked":"Singing Bowl","floor":63},{"not_picked":["Shockwave","Uppercut","Wild Strike","Pommel Strike"],"picked":"Singing Bowl","floor":64},{"not_picked":["Iron Wave","Rupture","Spot Weakness","Whirlwind"],"picked":"Singing Bowl","floor":65},{"not_picked":["Brutality","Feed","Double Tap"],"picked":"Barricade","floor":67},{"not_picked":["Clash","Bloodletting","Body Slam","Warcry"],"picked":"Singing Bowl","floor":69},{"not_picked":["Feel No Pain+1","Cleave","Sword Boomerang","Flame Barrier"],"picked":"Singing Bowl","floor":69},{"not_picked":["Body Slam+1","Shrug It Off","True Grit","Metallicize"],"picked":"Singing Bowl","floor":70},{"not_picked":["True Grit","Double Tap","Sword Boomerang+1","Clash"],"picked":"Singing Bowl","floor":71},{"not_picked":["Iron Wave","Rage","Twin Strike","Flame Barrier+1"],"picked":"Singing Bowl","floor":71},{"not_picked":["Ghostly Armor","Seeing Red","Cleave+1"],"picked":"Havoc","floor":76},{"not_picked":["Perfected Strike","Flex+1","Reaper"],"picked":"Pommel Strike+1","floor":76},{"not_picked":["Sword Boomerang+1","Iron Wave","Sever Soul","Clash"],"picked":"Singing Bowl","floor":77},{"not_picked":["Thunderclap","Anger","Rampage","Rupture+1"],"picked":"Singing Bowl","floor":78},{"not_picked":["Burning Pact","Iron Wave","Headbutt","Sword Boomerang"],"picked":"Singing Bowl","floor":78},{"not_picked":["Fire Breathing","Exhume","Burning Pact","Disarm"],"picked":"Singing Bowl","floor":79},{"not_picked":["Shrug It Off","True Grit+1","Armaments","Wild Strike+1"],"picked":"Singing Bowl","floor":80},{"not_picked":["Reckless Charge","Clash","Sever Soul"],"picked":"Havoc","floor":82},{"not_picked":["Cleave","Headbutt+1","Sever Soul+1","Flame Barrier"],"picked":"Singing Bowl","floor":82},{"not_picked":["Offering","Impervious","Double Tap"],"picked":"Corruption","floor":84},{"not_picked":["Wild Strike","Sword Boomerang"],"picked":"Singing Bowl","floor":86},{"not_picked":["Bloodletting","Rage"],"picked":"Singing Bowl","floor":86},{"not_picked":["Panacea","PanicButton"],"picked":"Singing Bowl","floor":87},{"not_picked":["PanicButton","Blind"],"picked":"Singing Bowl","floor":87},{"not_picked":["Panacea","Chrysalis"],"picked":"Singing Bowl","floor":87},{"not_picked":["Evolve"],"picked":"Brutality","floor":88}],"player_experience":198251,"relics_obtained":[{"floor":9,"key":"Regal Pillow"},{"floor":11,"key":"Centennial Puzzle"},{"floor":13,"key":"HornCleat"},{"floor":17,"key":"Tiny Chest"},{"floor":17,"key":"Paper Frog"},{"floor":17,"key":"Gambling Chip"},{"floor":21,"key":"CeramicFish"},{"floor":24,"key":"InkBottle"},{"floor":26,"key":"Ancient Tea Set"},{"floor":30,"key":"Pear"},{"floor":40,"key":"Bottled Lightning"},{"floor":41,"key":"Question Card"},{"floor":42,"key":"MealTicket"},{"floor":43,"key":"Eternal Feather"},{"floor":46,"key":"Unceasing Top"},{"floor":48,"key":"Singing Bowl"},{"floor":60,"key":"PreservedInsect"}],"event_choices":[{"cards_removed":["Iron Wave"],"damage_healed":0,"gold_gain":0,"player_choice":"Purged","damage_taken":0,"max_hp_gain":0,"max_hp_loss":0,"event_name":"Purifier","floor":3,"gold_loss":0},{"damage_healed":0,"gold_gain":99,"player_choice":"Stole From Cult","damage_taken":0,"max_hp_gain":0,"max_hp_loss":0,"event_name":"Nest","floor":19,"gold_loss":0},{"damage_healed":0,"gold_gain":0,"player_choice":"Read","damage_taken":0,"max_hp_gain":0,"max_hp_loss":0,"event_name":"The Library","floor":25,"gold_loss":0,"cards_obtained":["Dark Embrace"]},{"damage_healed":0,"gold_gain":0,"player_choice":"Paid","damage_taken":0,"relics_obtained":["Red Mask"],"max_hp_gain":0,"max_hp_loss":0,"event_name":"Tomb of Lord Red Mask","floor":38,"gold_loss":52},{"cards_removed":["Reckless Charge"],"damage_healed":0,"gold_gain":0,"player_choice":"Removed Attack","damage_taken":0,"max_hp_gain":0,"max_hp_loss":0,"event_name":"Falling","floor":39,"gold_loss":0},{"damage_healed":0,"gold_gain":175,"player_choice":"AGREE","damage_taken":0,"max_hp_gain":0,"max_hp_loss":0,"event_name":"Liars Game","floor":53,"gold_loss":0,"cards_obtained":["Doubt"]},{"cards_removed":["Normality"],"damage_healed":0,"gold_gain":0,"player_choice":"Took Card","damage_taken":0,"max_hp_gain":0,"max_hp_loss":0,"event_name":"NoteForYourself","floor":55,"gold_loss":0,"cards_obtained":["Regret"]},{"damage_healed":0,"gold_gain":0,"player_choice":"Became a Ghost","damage_taken":0,"max_hp_gain":0,"max_hp_loss":105,"event_name":"Ghosts","floor":72,"gold_loss":0,"cards_obtained":["Ghostly","Ghostly","Ghostly","Ghostly","Ghostly"]},{"damage_healed":0,"gold_gain":0,"player_choice":"Memory 3","damage_taken":10,"max_hp_gain":0,"max_hp_loss":0,"event_name":"SensoryStone","floor":87,"gold_loss":0}],"is_beta":false,"boss_relics":[{"not_picked":["Sozu","Fusion Hammer"],"picked":"Calling Bell"},{"not_picked":["SacredBark","Runic Dome"],"picked":"Astrolabe"},{"not_picked":["Coffee Dripper","Snecko Eye"],"picked":"Mark of Pain"},{"not_picked":["Philosopher\u0027s Stone","Snecko Eye"],"picked":"SlaversCollar"},{"not_picked":["Runic Dome","SacredBark"],"picked":"Busted Crown"}],"items_purged_floors":[36,73,81],"is_endless":true,"potions_floor_spawned":[5,11,13,16,27,31,35,61,63,65,67,70,78,79,80,86],"killed_by":"Giant Head","ascension_level":0}}