{"host":"oz0i1fpezyhy8r2h","time":1611373510,"event":{"mods":["ATMod(∞¢Ë™Mod)","Act Like it!","Arknights The Spire","BaseMod","CapriCore","GifTheSpireLib","Hallownest","KinomotoSakuraMod(ƒæ÷Æ±æ”£)","Koishi","Luminous","Minty Spire (QoL Compilation)","Reimu£®≤©¿ˆ¡È√Œ£©","Remilia£®¿Ÿ√◊¿Ú—«£©","StSLib","The Bug Knight","The Cursed","The Immortal","The Marked","Yakumo Yukari mod","°æ“≈ŒÔø®≈∆°øREMEMod"],"gold_per_floor":[119,134,149,149,238,289,344,344,344,398,468,162,217,268,280,410,422,486,548,590,654,431,431,504,504,504,629,704,755,854,892,892,1031,1031,1046,1086,830,867,917,917,967,997,1023,1118,1173,1173,820,832,832,852,852],"floor_reached":50,"language":"ZHS","playtime":3867,"items_purged":["Defend_RM","Envy_TH","Defend_RM","Strike_RM+1"],"score":1151,"play_id":"261a7819-f623-4fc8-ac7f-1842f95fdf27","local_time":"20210123114510","is_ascension_mode":true,"campfire_choices":[{"data":"ScarletMeister","floor":8.0,"key":"SMITH"},{"data":"UnstableMagic","floor":15.0,"key":"SMITH"},{"data":"BloodyCatastrophe","floor":23.0,"key":"SMITH"},{"data":"KillingBlow","floor":25.0,"key":"SMITH"},{"data":"RedMoon","floor":32.0,"key":"SMITH"},{"data":"FitfulNightmare","floor":40,"key":"SMITH"},{"floor":46,"key":"RECALL"},{"data":"Sadistic Nature","floor":49,"key":"SMITH"}],"circlet_count":0,"master_deck":["AscendersBane","Strike_RM+1","Strike_RM+1","Defend_RM+1","RedMoon+1","ScarletShoot+1","ScarletMeister+1","UnstableMagic+1","FavorOfDestiny+1","ScarletImprint+1","BloodyCatastrophe+1","FitfulNightmare+1","Ultimatum+1","KillingBlow+1","MillenniumVampire+1","BloodyCatastrophe+1","TransientEternity+1","ScarletDevilSign+1","BloodyHallows+1","Flash of Steel+1","Sadistic Nature+1","DiffusionOfMisfortune+1"],"relics":["ScarletHat","AT_ATBox","REME_ComplimentaryCards","SsserpentHead","Thread and Needle","Mummified Hand","Pear","Membership Card","Strawberry","MawBank","Sozu","Orrery","Anchor","AT_RedTearstoneRing","CrazyTorch:ReiMu","Blue Candle","Red Mask","APieceOfRedMist","AT_ArchangelStaff","AT_ImmortalShieldbow","War Paint","AT_EbonyIvory","AT_BellowingDragoncrestRing","OrangePellets","Gremlin Horn"],"acts_visited":["Exordium","TheCity","TheBeyond"],"potions_floor_usage":[],"damage_taken":[{"damage":0.0,"enemies":"Cultist","floor":1.0,"turns":4.0},{"damage":0.0,"enemies":"2 Louse","floor":2.0,"turns":5.0},{"damage":1.0,"enemies":"Jaw Worm","floor":3.0,"turns":5.0},{"damage":1.0,"enemies":"3 Louse","floor":5.0,"turns":7.0},{"damage":8.0,"enemies":"3 Sentries","floor":6.0,"turns":11.0},{"damage":10.0,"enemies":"2 Fungi Beasts","floor":7.0,"turns":6.0},{"damage":4.0,"enemies":"Exordium Wildlife","floor":10.0,"turns":7.0},{"damage":4.0,"enemies":"HollowMod:MossKnight","floor":11.0,"turns":18.0},{"damage":4.0,"enemies":"Gremlin Nob","floor":13.0,"turns":6.0},{"damage":8.0,"enemies":"Large Slime","floor":14.0,"turns":6.0},{"damage":34.0,"enemies":"Slime Boss","floor":16.0,"turns":7.0},{"damage":22.0,"enemies":"Chosen","floor":18.0,"turns":5.0},{"damage":4.0,"enemies":"Snecko","floor":20.0,"turns":5.0},{"damage":25.0,"enemies":"Snake Plant","floor":21.0,"turns":5.0},{"damage":11.0,"enemies":"Slavers","floor":24.0,"turns":11.0},{"damage":42.0,"enemies":"Gremlin Leader","floor":28.0,"turns":5.0},{"damage":9.0,"enemies":"Centurion and Healer","floor":29.0,"turns":6.0},{"damage":5.0,"enemies":"Masked Bandits","floor":30.0,"turns":4.0},{"damage":8.0,"enemies":"3 Cultists","floor":31.0,"turns":5.0},{"damage":12.0,"enemies":"Collector","floor":33.0,"turns":5.0},{"damage":25,"enemies":"Orb Walker","floor":35,"turns":2},{"damage":60,"enemies":"3 Shapes","floor":36,"turns":5},{"damage":12,"enemies":"Transient","floor":38,"turns":5},{"damage":102,"enemies":"Transient","floor":42,"turns":8},{"damage":24,"enemies":"Reptomancer","floor":45,"turns":5},{"damage":34,"enemies":"4 Shapes","floor":48,"turns":2},{"damage":82,"enemies":"Donu and Deca","floor":50,"turns":5}],"seed_played":"2861073374731213852","potions_obtained":[{"floor":2.0,"key":"BlessingOfTheForge"},{"floor":5.0,"key":"LiquidMemories"},{"floor":10.0,"key":"DuplicationPotion"},{"floor":11.0,"key":"Fruit Juice"},{"floor":11.0,"key":"EssenceOfSteel"},{"floor":13.0,"key":"Weak Potion"},{"floor":13.0,"key":"REME_GoldPotion"},{"floor":14.0,"key":"DuplicationPotion"}],"is_trial":false,"path_per_floor":["M","M","M","?","M","E","M","R","T","M","E","$","E","M","R","B",null,"M","?","M","M","$","R","E","R","T","T","E","M","?","M","R","B",null,"M","M","$","M","?","R","?","?","T","T","E","R","$","M","R","B"],"character_chosen":"REMILIA","items_purchased":["Membership Card","Strawberry","FitfulNightmare","Orrery","Anchor","BloodAndWine","AT_ArchangelStaff","AT_ImmortalShieldbow","OrangePellets","Gremlin Horn","Sadistic Nature"],"campfire_rested":0,"item_purchase_floors":[12,12,12,22,22,22,37,37,47,47,47],"current_hp_per_floor":[68,68,68,68,68,62,57,57,57,57,79,86,84,82,82,70,85,71,71,78,55,55,55,58,58,58,58,46,43,41,46,46,71,85,63,10,10,90,80,80,80,55,55,55,50,50,50,67,67,0,0],"gold":852,"neow_bonus":"THREE_RARE_CARDS","is_daily":false,"chose_seed":false,"campfire_upgraded":7,"win_rate":0.0,"timestamp":1611373510,"path_taken":["M","M","M","?","?","E","M","R","T","M","E","$","E","M","R","BOSS","M","?","M","M","$","R","E","R","T","?","E","M","?","M","R","BOSS","M","M","$","M","?","R","?","?","T","?","E","R","$","M","R","BOSS"],"items_purchased_type":["Relic","Relic","Card","Relic","Relic","Card","Relic","Relic","Relic","Relic","Card"],"build_version":"2020-12-22","purchased_purges":4,"victory":false,"max_hp_per_floor":[68,68,68,68,68,68,68,68,68,68,83,90,90,90,90,90,90,90,90,90,90,90,90,90,90,90,90,90,90,90,90,90,90,90,90,90,90,90,90,90,90,90,90,90,90,90,90,90,90,90,90],"card_choices":[{"not_picked":["BloodySeventeenLaser","ChaoticDestiny"],"picked":"ScarletMeister","floor":0.0},{"not_picked":["VampireKiss","CharismaGuard"],"picked":"UnstableMagic","floor":1.0},{"not_picked":["RedRainbow","UnderTheZenith","EndlessAdversity"],"picked":"SKIP","floor":2.0},{"not_picked":["RedRainbow","DiffusionOfMisfortune"],"picked":"FavorOfDestiny","floor":3.0},{"not_picked":["BloodyTrap","StarOfDavid"],"picked":"ScarletImprint","floor":5.0},{"not_picked":["Stigmanizer","NightDance"],"picked":"BloodyCatastrophe","floor":6.0},{"not_picked":["UnstableMagic","ReincarnationDial","MastersStateliness"],"picked":"SKIP","floor":7.0},{"not_picked":["RedMagic","EndlessAdversity","ReincarnationDial"],"picked":"SKIP","floor":10.0},{"not_picked":["CharismaGuard","ScarletDream","BombardNight"],"picked":"SKIP","floor":11.0},{"not_picked":["ForbiddenFruit","UnderTheZenith","ReincarnationDial"],"picked":"SKIP","floor":13.0},{"not_picked":["Stigmanizer","RedMagic"],"picked":"Ultimatum","floor":14.0},{"not_picked":["TricksterDevil","BloodyCatastrophe"],"picked":"KillingBlow","floor":16.0},{"not_picked":["MastersStateliness","BloodHunter","StarOfDavid"],"picked":"SKIP","floor":18.0},{"not_picked":["UltimateOffering","VampireKiss+1","LeisurelyOfLord"],"picked":"SKIP","floor":20.0},{"not_picked":["CharismaGuard","BloodyTrap","VampireKiss"],"picked":"SKIP","floor":20.0},{"not_picked":["FavorOfDestiny","VampireKiss","BloodHunter"],"picked":"SKIP","floor":21.0},{"not_picked":["NightLord","BloodHunter+1"],"picked":"MillenniumVampire","floor":22.0},{"not_picked":["ScarletDevil","Stigmanizer"],"picked":"BloodyCatastrophe","floor":22.0},{"not_picked":["RedNightlessCastle","NightLord","ScarletDevil"],"picked":"SKIP","floor":24.0},{"not_picked":["FavorOfDestiny","UnstableMagic","StarOfDavid"],"picked":"SKIP","floor":28.0},{"not_picked":["ScarletImprint+1","UnderTheZenith","Stigmanizer"],"picked":"SKIP","floor":29.0},{"not_picked":["BloodAndWine+1","UltimateOffering"],"picked":"TransientEternity","floor":30.0},{"not_picked":["VampirishNight","DiffusionOfMisfortune"],"picked":"ScarletDevilSign","floor":30.0},{"not_picked":["NightLord","BloodHunter","ScarletGensokyo"],"picked":"SKIP","floor":31.0},{"not_picked":["TricksterDevil","ChaoticDestiny"],"picked":"BloodyHallows","floor":33.0},{"not_picked":["BombardNight","StarOfDavid","DiffusionOfMisfortune"],"picked":"SKIP","floor":35},{"not_picked":["BloodHunter+1","EndlessAdversity","RedRainbow"],"picked":"SKIP","floor":36},{"not_picked":["RedNightlessCastle","ScarletImprint","Maim"],"picked":"SKIP","floor":38},{"not_picked":["REME_TheoryOfElimination","REME_BattleFury"],"picked":"Flash of Steel","floor":39},{"not_picked":["ScarletMeister","FavorOfDestiny","UnstableMagic"],"picked":"SKIP","floor":45},{"not_picked":["ScarletDream+1","MastersStateliness"],"picked":"DiffusionOfMisfortune+1","floor":48}],"player_experience":190196,"relics_obtained":[{"floor":6.0,"key":"Thread and Needle"},{"floor":9.0,"key":"Mummified Hand"},{"floor":11.0,"key":"Pear"},{"floor":13.0,"key":"MawBank"},{"floor":24.0,"key":"AT_RedTearstoneRing"},{"floor":27.0,"key":"CrazyTorch:ReiMu"},{"floor":28.0,"key":"Blue Candle"},{"floor":30.0,"key":"Red Mask"},{"floor":43,"key":"War Paint"},{"floor":44,"key":"AT_EbonyIvory"},{"floor":45,"key":"AT_BellowingDragoncrestRing"}],"event_choices":[{"damage_healed":0.0,"max_hp_gain":0.0,"max_hp_loss":0.0,"gold_gain":0.0,"event_name":"FaceTrader","player_choice":"Trade","floor":4.0,"gold_loss":0.0,"damage_taken":0.0,"relics_obtained":["SsserpentHead"]},{"damage_healed":0.0,"max_hp_gain":0.0,"max_hp_loss":0.0,"gold_gain":0.0,"event_name":"Masked Bandits","player_choice":"Fought Bandits","floor":30.0,"gold_loss":0.0,"damage_taken":0.0},{"damage_healed":0,"gold_gain":0,"player_choice":"Memory 3","damage_taken":10,"max_hp_gain":0,"max_hp_loss":0,"event_name":"SensoryStone","floor":39,"gold_loss":0},{"cards_removed":["BloodAndWine"],"damage_healed":0,"gold_gain":0,"player_choice":"Removed Skill","damage_taken":0,"max_hp_gain":0,"max_hp_loss":0,"event_name":"Falling","floor":41,"gold_loss":0}],"is_beta":false,"boss_relics":[{"not_picked":["Tiny House","RedLine:ReiMu"],"picked":"Sozu"},{"not_picked":["AT_MortalBlade","REME_LowDesire"],"picked":"APieceOfRedMist"}],"items_purged_floors":[12,22,37,47],"is_endless":false,"potions_floor_spawned":[2,5,11,13,18,20,24,28,38,45,48],"killed_by":"Donu and Deca","ascension_level":12}}