{"host":"y76clbnovzmw9ubx","time":1611413146,"event":{"mods":["AchievementEnabler","BaseMod","Minty Spire (QoL Compilation)","Permanent Neow","Relic Stats"],"gold_per_floor":[112,130,148,160,176,176,203,203,203,203,221,232,259,278,278,355,355,355,355,14,14,14,14,14,14,14,14,14,14,14,14,14,14,14],"floor_reached":33,"language":"ENG","playtime":1508,"items_purged":["Strike_G"],"score":646,"play_id":"7cef794c-bc9a-4520-a7de-43eeb1723fda","local_time":"20210123094546","is_ascension_mode":true,"campfire_choices":[{"data":"Glass Knife","floor":6,"key":"SMITH"},{"floor":8,"key":"REST"},{"data":"Unload","floor":10,"key":"SMITH"},{"data":"Terror","floor":15,"key":"SMITH"},{"data":"Caltrops","floor":24,"key":"SMITH"},{"data":"Leg Sweep","floor":27,"key":"SMITH"},{"data":"Well Laid Plans","floor":32,"key":"SMITH"}],"circlet_count":0,"master_deck":["AscendersBane","Strike_G","Strike_G","Strike_G","Strike_G","Defend_G","Defend_G","Defend_G","Defend_G","Defend_G","Survivor","Neutralize","Poisoned Stab","Glass Knife+1","Backflip","Terror+1","Venomology","Backstab","Dagger Spray","Well Laid Plans+1","Leg Sweep+1","Caltrops+1","Blur+1","Malaise","Dodge and Roll+1"],"relics":["Ring of the Snake","Bronze Scales","Singing Bowl","Meat on the Bone","Ectoplasm","Lantern","Eternal Feather","Ancient Tea Set","Letter Opener","Frozen Egg 2"],"acts_visited":["Exordium","TheCity"],"potions_floor_usage":[13,18,19,23,23,25,28,28,29,30,33,33,33],"damage_taken":[{"damage":0,"enemies":"Cultist","floor":1,"turns":3},{"damage":0,"enemies":"Jaw Worm","floor":2,"turns":4},{"damage":0,"enemies":"2 Louse","floor":3,"turns":3},{"damage":4,"enemies":"Red Slaver","floor":4,"turns":3},{"damage":21,"enemies":"Large Slime","floor":5,"turns":5},{"damage":17,"enemies":"3 Sentries","floor":7,"turns":9},{"damage":0,"enemies":"2 Fungi Beasts","floor":11,"turns":3},{"damage":3,"enemies":"Exordium Thugs","floor":12,"turns":4},{"damage":8,"enemies":"Gremlin Nob","floor":13,"turns":3},{"damage":0,"enemies":"Gremlin Gang","floor":14,"turns":4},{"damage":41,"enemies":"Slime Boss","floor":16,"turns":7},{"damage":10,"enemies":"Chosen","floor":18,"turns":5},{"damage":10,"enemies":"Shell Parasite","floor":19,"turns":3},{"damage":27,"enemies":"3 Cultists","floor":21,"turns":5},{"damage":38,"enemies":"Slavers","floor":23,"turns":7},{"damage":8,"enemies":"Centurion and Healer","floor":25,"turns":6},{"damage":41,"enemies":"Book of Stabbing","floor":28,"turns":5},{"damage":0,"enemies":"Shelled Parasite and Fungi","floor":29,"turns":1},{"damage":37,"enemies":"Gremlin Leader","floor":30,"turns":7},{"damage":3,"enemies":"3 Cultists","floor":31,"turns":6},{"damage":57,"enemies":"Automaton","floor":33,"turns":10}],"seed_played":"7509250608367874882","potions_obtained":[{"floor":4,"key":"DuplicationPotion"},{"floor":7,"key":"Swift Potion"},{"floor":13,"key":"Energy Potion"},{"floor":18,"key":"SteroidPotion"},{"floor":23,"key":"BlessingOfTheForge"},{"floor":25,"key":"FearPotion"},{"floor":28,"key":"Weak Potion"}],"is_trial":false,"path_per_floor":["M","M","M","M","M","R","E","R","T","R","M","M","E","M","R","B",null,"M","M","$","M","?","E","R","M","T","R","E","M","E","M","R","B"],"character_chosen":"THE_SILENT","items_purchased":["Lantern","Dagger Spray","Well Laid Plans"],"campfire_rested":1,"item_purchase_floors":[20,20,20],"current_hp_per_floor":[59,59,59,55,34,34,17,35,35,35,37,36,30,44,44,15,55,45,37,37,22,80,42,54,46,46,58,29,41,31,42,57,0,0],"gold":14,"neow_bonus":"THREE_RARE_CARDS","is_daily":false,"chose_seed":false,"campfire_upgraded":6,"win_rate":0.0,"timestamp":1611413146,"path_taken":["M","M","M","M","M","R","E","R","T","R","M","?","E","M","R","BOSS","M","M","$","M","?","E","R","M","T","R","E","M","E","M","R","BOSS"],"items_purchased_type":["Relic","Card","Card"],"build_version":"2020-12-22","purchased_purges":1,"victory":false,"max_hp_per_floor":[60,60,60,60,60,60,60,60,60,60,62,64,66,68,68,68,68,68,70,70,70,80,80,80,80,80,80,80,80,80,82,82,82,82],"relic_stats":{"Singing Bowl":12,"counters":[21,103],"Bronze Scales":[224],"Eternal Feather":39,"Ectoplasm":195,"Letter Opener":[99],"obtain_stats":[{"Lantern":20,"Singing Bowl":9,"Bronze Scales":7,"Eternal Feather":23,"Ectoplasm":17,"Letter Opener":28,"Frozen Egg 2":30,"Ancient Tea Set":26,"Ring of the Snake":0,"Meat on the Bone":13},{"Lantern":13,"Singing Bowl":6,"Bronze Scales":6,"Eternal Feather":15,"Ectoplasm":11,"Letter Opener":17,"Frozen Egg 2":19,"Ancient Tea Set":16,"Ring of the Snake":0,"Meat on the Bone":9},{"Lantern":56,"Singing Bowl":27,"Bronze Scales":27,"Eternal Feather":68,"Ectoplasm":48,"Letter Opener":79,"Frozen Egg 2":87,"Ancient Tea Set":74,"Ring of the Snake":0,"Meat on the Bone":37}],"Ring of the Snake":[42],"Meat on the Bone":84},"card_choices":[{"not_picked":["Phantasmal Killer","Corpse Explosion"],"picked":"Unload","floor":0},{"not_picked":["Sucker Punch","Bane"],"picked":"Poisoned Stab","floor":1},{"not_picked":["Deflect","Dagger Throw"],"picked":"Glass Knife","floor":2},{"not_picked":["Accuracy","Choke"],"picked":"Backflip","floor":3},{"not_picked":["Flying Knee","Acrobatics"],"picked":"Terror","floor":4},{"not_picked":["Underhanded Strike","PiercingWail","Quick Slash"],"picked":"SKIP","floor":5},{"not_picked":["Flying Knee","Prepared","Eviscerate"],"picked":"SKIP","floor":7},{"not_picked":["Concentrate","Dodge and Roll","Grand Finale"],"picked":"Singing Bowl","floor":11},{"not_picked":["Deadly Poison","Bouncing Flask","Prepared"],"picked":"Singing Bowl","floor":12},{"not_picked":["Choke","PiercingWail","Riddle With Holes"],"picked":"Singing Bowl","floor":13},{"not_picked":["Flying Knee","Prepared","Sucker Punch"],"picked":"Singing Bowl","floor":14},{"not_picked":["Wraith Form v2","Unload"],"picked":"Venomology","floor":16},{"not_picked":["Dagger Throw","Bane"],"picked":"Backstab","floor":18},{"not_picked":["Dash","Outmaneuver","Masterful Stab"],"picked":"Singing Bowl","floor":19},{"not_picked":["Quick Slash","Terror"],"picked":"Leg Sweep","floor":21},{"not_picked":["Well Laid Plans","Expertise"],"picked":"Caltrops","floor":23},{"not_picked":["Cloak And Dagger","Prepared"],"picked":"Blur+1","floor":25},{"not_picked":["Well Laid Plans","Cloak And Dagger"],"picked":"Malaise","floor":28},{"not_picked":["Outmaneuver","Terror"],"picked":"Dodge and Roll+1","floor":30},{"not_picked":["Well Laid Plans+1","Infinite Blades+1","Expertise"],"picked":"Singing Bowl","floor":31}],"player_experience":3110550,"relics_obtained":[{"floor":7,"key":"Bronze Scales"},{"floor":9,"key":"Singing Bowl"},{"floor":13,"key":"Meat on the Bone"},{"floor":23,"key":"Eternal Feather"},{"floor":26,"key":"Ancient Tea Set"},{"floor":28,"key":"Letter Opener"},{"floor":30,"key":"Frozen Egg 2"}],"event_choices":[{"cards_removed":["Unload"],"damage_healed":48,"gold_gain":0,"player_choice":"Offered Rare","damage_taken":0,"max_hp_gain":10,"max_hp_loss":0,"event_name":"Bonfire Elementals","floor":22,"gold_loss":0}],"is_beta":false,"boss_relics":[{"not_picked":["Ring of the Serpent","Busted Crown"],"picked":"Ectoplasm"}],"items_purged_floors":[20],"is_endless":false,"potions_floor_spawned":[4,7,12,13,18,23,25,28],"killed_by":"Automaton","ascension_level":20}}