{"host":"dowi7cgbhepuzvpj","time":1611376457,"event":{"mods":["AchievementEnabler","BaseMod","Keyboard Shortcuts","Minty Spire (QoL Compilation)","Permanent Neow","Quick Restart","StSLib","SuperFastMode"],"gold_per_floor":[19,19,94,94,19,50,50,70,70,70,81,81,96,130,130,225,225,237,226,45,64,64,64,82,113,113,113,113,113,123,133,133,233,233,233,233],"floor_reached":35,"language":"KOR","playtime":910,"items_purged":["Strike_G","Strike_G"],"score":558,"play_id":"b0701dbb-676c-4e6b-8742-36c325740e3c","local_time":"20210123133417","is_ascension_mode":true,"campfire_choices":[{"data":"Crippling Poison","floor":7.0,"key":"SMITH"},{"data":"Bouncing Flask","floor":10.0,"key":"SMITH"},{"floor":12.0,"key":"REST"},{"data":"Neutralize","floor":15.0,"key":"SMITH"},{"data":"Footwork","floor":23.0,"key":"SMITH"},{"floor":27.0,"key":"REST"},{"floor":32.0,"key":"DIG"}],"circlet_count":0,"master_deck":["Strike_G","Strike_G","Defend_G","Defend_G","Defend_G","Defend_G","Defend_G","Survivor","Neutralize+1","Apotheosis+1","Masterful Stab","Crippling Poison+1","Bouncing Flask+1","Poisoned Stab+1","PiercingWail","Burst","CurseOfTheBell","Noxious Fumes","Footwork+1","Deadly Poison","Escape Plan","Footwork+1","After Image","PiercingWail","Blur","Bullet Time"],"relics":["Ring of the Snake","MealTicket","Molten Egg 2","Toy Ornithopter","Calling Bell","Vajra","Paper Crane","Prayer Wheel","Shovel","Torii","HoveringKite"],"acts_visited":["Exordium","TheCity","TheBeyond"],"potions_floor_usage":[33,33,33],"damage_taken":[{"damage":3.0,"enemies":"Small Slimes","floor":1.0,"turns":5.0},{"damage":23.0,"enemies":"Lagavulin","floor":6.0,"turns":8.0},{"damage":0.0,"enemies":"Jaw Worm","floor":8.0,"turns":3.0},{"damage":0.0,"enemies":"2 Louse","floor":11.0,"turns":2.0},{"damage":0.0,"enemies":"Looter","floor":13.0,"turns":3.0},{"damage":17.0,"enemies":"Gremlin Nob","floor":14.0,"turns":4.0},{"damage":6.0,"enemies":"Hexaghost","floor":16.0,"turns":8.0},{"damage":6.0,"enemies":"3 Byrds","floor":18.0,"turns":5.0},{"damage":19.0,"enemies":"2 Thieves","floor":19.0,"turns":5.0},{"damage":13.0,"enemies":"Centurion and Healer","floor":21.0,"turns":6.0},{"damage":0.0,"enemies":"Snake Plant","floor":24.0,"turns":4.0},{"damage":20.0,"enemies":"Book of Stabbing","floor":25.0,"turns":7.0},{"damage":9.0,"enemies":"3 Cultists","floor":30.0,"turns":6.0},{"damage":30.0,"enemies":"Cultist and Chosen","floor":31.0,"turns":8.0},{"damage":35,"enemies":"Automaton","floor":33,"turns":13},{"damage":63,"enemies":"3 Shapes","floor":35,"turns":3}],"seed_played":"-3142078198808913706","potions_obtained":[{"floor":1.0,"key":"LiquidBronze"},{"floor":6.0,"key":"Block Potion"},{"floor":11.0,"key":"FearPotion"},{"floor":13.0,"key":"AttackPotion"},{"floor":16.0,"key":"DuplicationPotion"},{"floor":18.0,"key":"LiquidBronze"},{"floor":19.0,"key":"Regen Potion"},{"floor":31.0,"key":"SteroidPotion"}],"is_trial":false,"path_per_floor":["M","?","?","$","$","E","R","M","T","R","M","R","M","E","R","B",null,"M","M","$","M","?","R","M","E","T","R","$","?","M","M","R","B",null,"M"],"character_chosen":"THE_SILENT","items_purchased":["Footwork"],"campfire_rested":2,"item_purchase_floors":[20],"current_hp_per_floor":[60,60,49,49,49,26,26,26,26,26,26,47,47,30,30,24,59,58,39,54,41,41,41,41,26,26,47,62,62,53,23,23,18,57,0,0],"gold":233,"neow_bonus":"RANDOM_COLORLESS_2","is_daily":false,"chose_seed":false,"campfire_upgraded":4,"win_rate":0.0,"timestamp":1611376457,"path_taken":["M","?","?","?","$","E","R","M","T","R","M","R","M","E","R","BOSS","M","M","$","M","?","R","M","E","T","R","$","?","M","M","R","BOSS","M"],"items_purchased_type":["Card"],"build_version":"2020-12-22","purchased_purges":2,"victory":false,"max_hp_per_floor":[70,70,70,70,70,70,70,70,70,70,70,70,70,70,70,70,70,70,70,70,70,70,70,70,70,70,70,70,70,70,70,70,70,70,70,70],"card_choices":[{"not_picked":["Metamorphosis","Thinking Ahead"],"picked":"Apotheosis","floor":0.0},{"not_picked":["Bane","Dagger Spray"],"picked":"Masterful Stab","floor":1.0},{"not_picked":["Backstab","Dagger Throw"],"picked":"Crippling Poison","floor":6.0},{"not_picked":["Calculated Gamble","Eviscerate"],"picked":"Bouncing Flask","floor":8.0},{"not_picked":["Cloak And Dagger","Acrobatics"],"picked":"Poisoned Stab+1","floor":11.0},{"not_picked":["Deadly Poison","Terror"],"picked":"PiercingWail","floor":13.0},{"not_picked":["Slice+1","Outmaneuver"],"picked":"Burst","floor":14.0},{"not_picked":["Slice+1","Masterful Stab+1","Infinite Blades"],"picked":"SKIP","floor":18.0},{"not_picked":["Dash+1","Prepared+1","Cloak And Dagger"],"picked":"SKIP","floor":18.0},{"not_picked":["Flechettes+1","Backflip"],"picked":"Noxious Fumes","floor":19.0},{"not_picked":["Predator+1","Calculated Gamble","Terror+1"],"picked":"SKIP","floor":19.0},{"not_picked":["Dagger Throw+1","Flechettes+1"],"picked":"Deadly Poison","floor":21.0},{"not_picked":["Reflex","Bullet Time","Underhanded Strike+1"],"picked":"SKIP","floor":21.0},{"not_picked":["Dagger Spray+1","Cloak And Dagger+1"],"picked":"Escape Plan","floor":24.0},{"not_picked":["Blade Dance","Predator+1","Slice+1"],"picked":"SKIP","floor":24.0},{"not_picked":["Expertise+1","Flying Knee+1","Backflip"],"picked":"SKIP","floor":25.0},{"not_picked":["Prepared","Dagger Throw+1"],"picked":"After Image","floor":30.0},{"not_picked":["Dagger Spray+1","Outmaneuver+1","Backflip"],"picked":"SKIP","floor":30.0},{"not_picked":["Backstab+1","Concentrate"],"picked":"PiercingWail","floor":31.0},{"not_picked":["Bane+1","Infinite Blades"],"picked":"Blur","floor":31.0},{"not_picked":["Doppelganger","Storm of Steel"],"picked":"Bullet Time","floor":33}],"player_experience":843893,"relics_obtained":[{"floor":6.0,"key":"MealTicket"},{"floor":9.0,"key":"Molten Egg 2"},{"floor":14.0,"key":"Toy Ornithopter"},{"floor":17.0,"key":"Vajra"},{"floor":17.0,"key":"Paper Crane"},{"floor":17.0,"key":"Prayer Wheel"},{"floor":25.0,"key":"Shovel"},{"floor":32.0,"key":"Torii"}],"event_choices":[{"damage_healed":0.0,"max_hp_gain":0.0,"max_hp_loss":0.0,"gold_gain":0.0,"event_name":"Living Wall","player_choice":"Grow","floor":2.0,"gold_loss":0.0,"damage_taken":0.0,"cards_upgraded":["Apotheosis"]},{"damage_healed":0.0,"max_hp_gain":0.0,"max_hp_loss":0.0,"gold_gain":75.0,"event_name":"World of Goop","player_choice":"Gather Gold","floor":3.0,"gold_loss":0.0,"damage_taken":11.0},{"cards_removed":["Strike_G"],"damage_healed":0.0,"max_hp_gain":0.0,"max_hp_loss":0.0,"gold_gain":0.0,"event_name":"Back to Basics","player_choice":"Elegance","floor":22.0,"gold_loss":0.0,"damage_taken":0.0},{"damage_healed":0.0,"max_hp_gain":0.0,"max_hp_loss":0.0,"gold_gain":0.0,"event_name":"Duplicator","player_choice":"Copied","floor":29.0,"gold_loss":0.0,"damage_taken":0.0,"cards_obtained":["Footwork"]}],"is_beta":false,"boss_relics":[{"not_picked":["Empty Cage","Cursed Key"],"picked":"Calling Bell"},{"not_picked":["Velvet Choker","Runic Pyramid"],"picked":"HoveringKite"}],"items_purged_floors":[5,20],"is_endless":false,"potions_floor_spawned":[1,6,11,13,16,18,19,24,31],"killed_by":"3 Shapes","ascension_level":9}}