{"host":"w9399nasro87w70m","time":1611370985,"event":{"mods":["AchievementEnabler","BaseMod","Bestiary","Colored Map","Colored Powertips","Downfall","Highlight Path","Luminous","Minty Spire (QoL Compilation)","Rare Cards Sparkle","Relic Stats","Replay The Spire","StSLib"],"gold_per_floor":[114,114,132,57,73,108,108,141,165,181,356,384,401,429,429,524,524,537,462,46,46,46,46,59,73,121,150,150,176,189,207,207,304,304,315,334,113,123,123,123,150,150,175,175,194,194,194,246,246,246],"floor_reached":51,"language":"ENG","playtime":4022,"items_purged":["Strike_R","Searing Blow","Doubt"],"score":893,"play_id":"0ff579e3-dae9-44b7-9dc2-31f824222a92","local_time":"20210122220305","is_ascension_mode":true,"campfire_choices":[{"data":"Hemokinesis","floor":7,"key":"SMITH"},{"data":"Demon Form","floor":23,"key":"SMITH"},{"data":"Shrug It Off","floor":28,"key":"SMITH"},{"floor":32,"key":"REST"},{"data":"Armaments","floor":40,"key":"SMITH"},{"data":"Dark Embrace","floor":42,"key":"SMITH"},{"data":"Armaments","floor":44,"key":"SMITH"},{"floor":47,"key":"REST"},{"floor":49,"key":"REST"}],"circlet_count":0,"master_deck":["Bash","Hemokinesis+1","Sword Boomerang","Immolate","Shrug It Off+1","Shockwave","Demon Form+1","Feed","Combust","Iron Wave","Feed","Cleave","Hemokinesis","Bloodletting","Shrug It Off+1","Replay:Many Hands","Armaments+1","Dropkick+1","Shrug It Off","Offering","Swift Strike+1","Armaments+1","Dark Embrace+1","Entrench+1","Warcry+1","downfall:Haunted"],"relics":["SlaversCollar","MealTicket","Boot","King of Hearts","Odd Mushroom","Anchor","Pandora\u0027s Box","Molten Egg 2","Bronze Scales","Charon\u0027s Ashes","Mango","Runic Cube","Potion Belt","ReplayTheSpireMod:TigerMarble","Ring of Panic","Replay:PocketPolymizer"],"acts_visited":["Exordium","TheCity","TheBeyond"],"potions_floor_usage":[12,14,25,31,33,33,50],"damage_taken":[{"damage":2,"enemies":"Small Slimes","floor":1,"turns":4},{"damage":2,"enemies":"Cultist","floor":3,"turns":4},{"damage":2,"enemies":"2 Louse","floor":5,"turns":2},{"damage":12,"enemies":"Gremlin Nob","floor":6,"turns":3},{"damage":32,"enemies":"Lagavulin","floor":8,"turns":6},{"damage":2,"enemies":"Looter","floor":10,"turns":2},{"damage":0,"enemies":"The Mushroom Lair","floor":12,"turns":1},{"damage":8,"enemies":"Blue Slaver","floor":13,"turns":3},{"damage":2,"enemies":"3 Sentries","floor":14,"turns":5},{"damage":61,"enemies":"The Guardian","floor":16,"turns":11},{"damage":7,"enemies":"Chosen","floor":18,"turns":5},{"damage":12,"enemies":"3 Byrds","floor":24,"turns":3},{"damage":17,"enemies":"Centurion and Healer","floor":25,"turns":8},{"damage":4,"enemies":"Gremlin Leader","floor":27,"turns":4},{"damage":14,"enemies":"Book of Stabbing","floor":29,"turns":3},{"damage":27,"enemies":"Shelled Parasite and Fungi","floor":30,"turns":5},{"damage":24,"enemies":"Snake Plant","floor":31,"turns":3},{"damage":41,"enemies":"Champ","floor":33,"turns":8},{"damage":31,"enemies":"3 Darklings","floor":35,"turns":4},{"damage":8,"enemies":"3 Shapes","floor":36,"turns":3},{"damage":26,"enemies":"Jaw Worm Horde","floor":38,"turns":3},{"damage":31,"enemies":"R_Hoarder","floor":41,"turns":5},{"damage":21,"enemies":"Spire Growth","floor":45,"turns":3},{"damage":21,"enemies":"2 Orb Walkers","floor":48,"turns":3},{"damage":70,"enemies":"Time Eater","floor":50,"turns":9}],"seed_played":"-1652041072855606371","potions_obtained":[{"floor":2,"key":"LiquidBronze"},{"floor":2,"key":"Explosive Potion"},{"floor":2,"key":"FairyPotion"},{"floor":10,"key":"Energy Potion"},{"floor":12,"key":"HeartOfIron"},{"floor":25,"key":"Weak Potion"},{"floor":30,"key":"SkillPotion"},{"floor":31,"key":"Languid Potion"},{"floor":38,"key":"Flashbang"},{"floor":48,"key":"SkillPotion"}],"is_trial":false,"path_per_floor":["M","?","M","$","M","E","R","E","T","M","?","?","M","E","R_BF","B",null,"M","?","$","?","?","R","M","M","T","E","R","E","M","M","R","B",null,"M","M","$","M","?","R","E","R","T","R","M","?","R","?","R","B",null],"character_chosen":"IRONCLAD","items_purchased":["Molten Egg 2","Bloodletting","Swift Strike+1"],"campfire_rested":3,"item_purchase_floors":[20,20,37],"current_hp_per_floor":[78,78,76,76,74,62,62,30,30,28,28,28,20,18,42,5,80,76,76,83,83,83,83,77,63,63,59,59,62,38,14,47,6,112,84,82,97,77,77,77,49,49,49,49,28,28,67,49,88,25],"gold":246,"neow_bonus":"BOSS_RELIC","is_daily":false,"chose_seed":false,"campfire_upgraded":6,"win_rate":0.0,"timestamp":1611370985,"path_taken":["M","?","M","$","?","E","R","E","T","M","?","?","M","E","R_BF","BOSS","M","?","$","?","?","R","M","M","T","E","R","E","?","?","R","BOSS","M","M","$","M","?","R","E","R","T","R","?","?","R","?","R","BOSS"],"items_purchased_type":["Relic","Card","Card"],"build_version":"2020-12-22","purchased_purges":3,"victory":true,"max_hp_per_floor":[80,80,80,80,80,80,80,80,80,80,80,80,80,80,80,80,80,83,83,83,83,83,83,89,92,92,92,92,109,112,112,112,112,112,115,121,121,127,127,127,130,130,130,130,130,130,130,133,133,133],"relic_stats":{"counters":[25,110],"Bronze Scales":[135],"MealTicket":22,"Pandora\u0027s Box":["Feed","ReplayTheSpireMod:Strike From Hell","Searing Blow","Defy Death","Combust","Iron Wave","Feed","Cleave"],"Charon\u0027s Ashes":[203],"Boot":[169],"obtain_stats":[{"Potion Belt":41,"Replay:PocketPolymizer":48,"Mango":29,"King of Hearts":9,"Charon\u0027s Ashes":27,"Odd Mushroom":12,"Boot":8,"Burning Blood":0,"SlaversCollar":0,"Anchor":14,"Bronze Scales":26,"MealTicket":6,"Pandora\u0027s Box":17,"Molten Egg 2":20,"ReplayTheSpireMod:TigerMarble":43,"Ring of Panic":46,"Runic Cube":34},{"Potion Belt":22,"Replay:PocketPolymizer":24,"Mango":15,"King of Hearts":5,"Charon\u0027s Ashes":14,"Odd Mushroom":7,"Boot":5,"Burning Blood":0,"SlaversCollar":0,"Anchor":9,"Bronze Scales":13,"MealTicket":4,"Pandora\u0027s Box":10,"Molten Egg 2":11,"ReplayTheSpireMod:TigerMarble":22,"Ring of Panic":23,"Runic Cube":18},{"Potion Belt":95,"Replay:PocketPolymizer":101,"Mango":64,"King of Hearts":19,"Charon\u0027s Ashes":61,"Odd Mushroom":22,"Boot":19,"Burning Blood":0,"SlaversCollar":0,"Anchor":30,"Bronze Scales":57,"MealTicket":13,"Pandora\u0027s Box":41,"Molten Egg 2":46,"ReplayTheSpireMod:TigerMarble":95,"Ring of Panic":98,"Runic Cube":80}],"Runic Cube":[42]},"card_choices":[{"not_picked":["Wild Strike","Perfected Strike"],"picked":"Hemokinesis","floor":1},{"not_picked":["Clothesline","Abandon","Reckless Charge"],"picked":"SKIP","floor":3},{"not_picked":["Flex","Headbutt"],"picked":"Sword Boomerang","floor":5},{"not_picked":["Twin Strike","Combust","Havoc"],"picked":"SKIP","floor":6},{"not_picked":["Perfected Strike","Thunderclap"],"picked":"Immolate","floor":8},{"not_picked":["Armaments","Thunderclap","Wild Strike"],"picked":"SKIP","floor":10},{"not_picked":["Run Through","Iron Wave"],"picked":"Shrug It Off","floor":13},{"not_picked":["ReplayTheSpireMod:Limb From Limb","Warcry"],"picked":"Shockwave","floor":14},{"not_picked":["Exhume","Corruption"],"picked":"Demon Form","floor":16},{"not_picked":["Rampage","ReplayTheSpireMod:Strike From Hell"],"picked":"Hemokinesis","floor":18},{"not_picked":["Perfected Strike+1","Infernal Blade"],"picked":"Shrug It Off","floor":24},{"not_picked":["Clash+1","Sword Boomerang+1","Thunderclap+1"],"picked":"SKIP","floor":25},{"not_picked":["Headbutt+1","Body Slam+1"],"picked":"Replay:Many Hands","floor":27},{"not_picked":["Clothesline+1","Reckless Charge+1"],"picked":"Armaments","floor":29},{"not_picked":["ReplayTheSpireMod:Strike From Hell+1","Twin Strike+1"],"picked":"Dropkick+1","floor":30},{"not_picked":["ReplayTheSpireMod:LeadingStrike+1","Carnage+1"],"picked":"Shrug It Off","floor":31},{"not_picked":["Barricade","Corruption"],"picked":"Offering","floor":33},{"not_picked":["Anger+1","Perfected Strike+1","Run Through+1"],"picked":"SKIP","floor":35},{"not_picked":["Burning Pact+1","Rampage+1","Intimidate+1"],"picked":"SKIP","floor":36},{"not_picked":["Havoc","Reckless Charge+1","Clothesline+1"],"picked":"SKIP","floor":38},{"not_picked":["Carnage+1","Infernal Blade"],"picked":"Dark Embrace","floor":41},{"not_picked":["Replay:Undeath\u0027s Touch+1","Body Slam+1"],"picked":"Entrench+1","floor":45},{"not_picked":["Sword Boomerang+1","Dropkick+1"],"picked":"Warcry+1","floor":48}],"player_experience":100259,"relics_obtained":[{"floor":6,"key":"MealTicket"},{"floor":8,"key":"Boot"},{"floor":9,"key":"King of Hearts"},{"floor":12,"key":"Odd Mushroom"},{"floor":14,"key":"Anchor"},{"floor":26,"key":"Bronze Scales"},{"floor":27,"key":"Charon\u0027s Ashes"},{"floor":29,"key":"Mango"},{"floor":41,"key":"Potion Belt"},{"floor":43,"key":"ReplayTheSpireMod:TigerMarble"},{"floor":46,"key":"Ring of Panic"},{"floor":48,"key":"Replay:PocketPolymizer"}],"event_choices":[{"damage_healed":0,"gold_gain":0,"player_choice":"Got Potions","damage_taken":0,"max_hp_gain":0,"max_hp_loss":0,"event_name":"Lab","floor":2,"gold_loss":0},{"damage_healed":0,"gold_gain":175,"player_choice":"AGREE","damage_taken":0,"max_hp_gain":0,"max_hp_loss":0,"event_name":"Liars Game","floor":11,"gold_loss":0,"cards_obtained":["Doubt"]},{"damage_healed":0,"gold_gain":0,"player_choice":"Fought Mushrooms","damage_taken":0,"max_hp_gain":0,"max_hp_loss":0,"event_name":"Mushrooms","floor":12,"gold_loss":0},{"cards_removed":["Defy Death"],"damage_healed":0,"gold_gain":0,"player_choice":"Gave Gold","damage_taken":0,"max_hp_gain":0,"max_hp_loss":0,"event_name":"Beggar","floor":19,"gold_loss":75},{"damage_healed":0,"gold_gain":0,"player_choice":"Ignored","damage_taken":0,"max_hp_gain":0,"max_hp_loss":0,"event_name":"Vampires","floor":21,"gold_loss":0},{"damage_healed":0,"gold_gain":0,"cards_transformed":["ReplayTheSpireMod:Strike From Hell"],"player_choice":"Transformed","damage_taken":0,"max_hp_gain":0,"max_hp_loss":0,"event_name":"Transmorgrifier","floor":39,"gold_loss":0,"cards_obtained":["Armaments"]},{"damage_healed":0,"gold_gain":0,"player_choice":"Fight","damage_taken":0,"max_hp_gain":0,"max_hp_loss":0,"event_name":"Mysterious Sphere","floor":48,"gold_loss":0}],"is_beta":false,"boss_relics":[{"not_picked":["Sozu","Honey Jar"],"picked":"Pandora\u0027s Box"},{"not_picked":["Mark of Pain","Busted Crown"],"picked":"Runic Cube"}],"items_purged_floors":[4,20,37],"is_endless":false,"potions_floor_spawned":[5,8,10,12,25,30,31,38,48],"ascension_level":3}}