{"host":"swphzoo6hmc78epl","time":1611433374,"event":{"mods":["BaseMod","Highlight Path","Minty Spire (QoL Compilation)","Quick Restart"],"gold_per_floor":[117,129,129,140,158,158,158,177,177,197,222,246,246,18,18,143,143,164,164,164,194,221,233,264,276,368,380,431,443,473,523,535,670,682,718,730,730],"floor_reached":36,"language":"ENG","playtime":1455,"items_purged":["Regret"],"score":623,"play_id":"7720332c-6d62-4475-a532-bb3e0f1180c6","local_time":"20210123152254","is_ascension_mode":true,"campfire_choices":[{"data":"WindmillStrike","floor":6,"key":"SMITH"},{"data":"Establishment","floor":15,"key":"SMITH"},{"data":"Vault","floor":23,"key":"SMITH"},{"data":"ConjureBlade","floor":29,"key":"SMITH"},{"data":"TalkToTheHand","floor":32,"key":"SMITH"}],"circlet_count":0,"master_deck":["Strike_P","Strike_P","Strike_P","Strike_P","Defend_P","Defend_P","Defend_P+1","Defend_P","Eruption+1","Vigilance+1","CurseOfTheBell","FollowUp","SashWhip","FollowUp","WindmillStrike+1","Injury","Wallop","Consecrate","Prostrate","Establishment+1","Vault+1","CutThroughFate+1","Shame","SandsOfTime","ClearTheMind","TalkToTheHand+1","Injury","ConjureBlade+1","Meditate+1","Swivel","Wish","Worship+1"],"relics":["Calling Bell","War Paint","HornCleat","Du-Vu Doll","Golden Idol","Pen Nib","Bag of Marbles","OrangePellets","Cursed Key","Darkstone Periapt","MawBank","Eternal Feather","Potion Belt","WingedGreaves","Philosopher\u0027s Stone"],"acts_visited":["Exordium","TheCity","TheBeyond"],"potions_floor_usage":[11,16,18,22,30,30,31,31,31,33,33,33,33,35,36,36,36],"damage_taken":[{"damage":0,"enemies":"Small Slimes","floor":1,"turns":3},{"damage":2,"enemies":"Jaw Worm","floor":2,"turns":3},{"damage":0,"enemies":"2 Louse","floor":4,"turns":3},{"damage":4,"enemies":"Exordium Thugs","floor":5,"turns":5},{"damage":0,"enemies":"Exordium Wildlife","floor":8,"turns":2},{"damage":2,"enemies":"Red Slaver","floor":10,"turns":2},{"damage":0,"enemies":"Blue Slaver","floor":11,"turns":1},{"damage":2,"enemies":"2 Fungi Beasts","floor":12,"turns":3},{"damage":27,"enemies":"Hexaghost","floor":16,"turns":7},{"damage":7,"enemies":"3 Byrds","floor":18,"turns":4},{"damage":0,"enemies":"Spheric Guardian","floor":21,"turns":3},{"damage":0,"enemies":"Snecko","floor":22,"turns":2},{"damage":0,"enemies":"3 Cultists","floor":24,"turns":3},{"damage":9,"enemies":"Book of Stabbing","floor":28,"turns":4},{"damage":0,"enemies":"Sentry and Sphere","floor":30,"turns":3},{"damage":0,"enemies":"Slavers","floor":31,"turns":1},{"damage":0,"enemies":"Automaton","floor":33,"turns":4},{"damage":14,"enemies":"3 Darklings","floor":35,"turns":5},{"damage":77,"enemies":"2 Orb Walkers","floor":36,"turns":5}],"seed_played":"4895362040681687926","potions_obtained":[{"floor":2,"key":"AttackPotion"},{"floor":5,"key":"Swift Potion"},{"floor":11,"key":"Weak Potion"},{"floor":12,"key":"CultistPotion"},{"floor":16,"key":"SpeedPotion"},{"floor":18,"key":"Strength Potion"},{"floor":21,"key":"Fire Potion"},{"floor":28,"key":"EntropicBrew"},{"floor":30,"key":"Ambrosia"},{"floor":31,"key":"SteroidPotion"}],"is_trial":false,"path_per_floor":["M","M","?","M","M","R","?","M","T","M","M","M","?","$","R","B",null,"M","?","?","M","M","R","M","$","T","?","E","R","M","E","R","B",null,"M","?"],"character_chosen":"WATCHER","items_purchased":["OrangePellets"],"campfire_rested":0,"item_purchase_floors":[14],"current_hp_per_floor":[72,70,70,70,66,66,66,66,66,64,64,62,62,62,62,35,63,56,62,62,62,62,62,62,62,68,68,59,74,74,74,84,84,84,70,0,0],"gold":730,"neow_bonus":"BOSS_RELIC","is_daily":false,"chose_seed":false,"campfire_upgraded":5,"win_rate":0.0,"timestamp":1611433374,"path_taken":["M","M","?","M","M","R","?","M","T","M","M","M","?","$","R","BOSS","M","?","?","?","M","R","M","$","T","?","E","R","?","E","R","BOSS","M","?"],"items_purchased_type":["Relic"],"build_version":"2020-12-22","purchased_purges":1,"victory":false,"max_hp_per_floor":[72,72,72,72,72,72,72,72,72,72,72,72,72,72,72,72,72,72,78,78,78,78,78,78,78,84,84,84,84,84,84,84,84,84,84,84,84],"card_choices":[{"not_picked":["CrushJoints","EmptyFist"],"picked":"FollowUp","floor":1},{"not_picked":["DeceiveReality","Perseverance"],"picked":"SashWhip","floor":2},{"not_picked":["CrushJoints","MentalFortress"],"picked":"FollowUp","floor":4},{"not_picked":["CrushJoints","Adaptation"],"picked":"WindmillStrike","floor":5},{"not_picked":["SashWhip","EmptyFist"],"picked":"Wallop","floor":8},{"not_picked":["PathToVictory","Meditate"],"picked":"Consecrate","floor":10},{"not_picked":["Sanctity","WindmillStrike"],"picked":"Prostrate","floor":11},{"not_picked":["Pray","ClearTheMind"],"picked":"Establishment","floor":12},{"not_picked":["DevaForm","Judgement"],"picked":"Vault","floor":16},{"not_picked":["EmptyMind","Fasting2"],"picked":"CutThroughFate+1","floor":18},{"not_picked":["SashWhip","CrushJoints+1"],"picked":"SandsOfTime","floor":21},{"not_picked":["SandsOfTime","Conclude+1"],"picked":"ClearTheMind","floor":22},{"not_picked":["CarveReality","WindmillStrike"],"picked":"TalkToTheHand","floor":24},{"not_picked":["Scrawl","Halt"],"picked":"ConjureBlade","floor":28},{"not_picked":["TalkToTheHand","Crescendo+1"],"picked":"Meditate+1","floor":30},{"not_picked":["CrushJoints+1","FollowUp"],"picked":"Swivel","floor":31},{"not_picked":["Alpha","Establishment"],"picked":"Wish","floor":33},{"not_picked":["Halt","EmptyBody"],"picked":"Worship+1","floor":35}],"player_experience":812660,"relics_obtained":[{"floor":0,"key":"War Paint"},{"floor":0,"key":"HornCleat"},{"floor":0,"key":"Du-Vu Doll"},{"floor":9,"key":"Pen Nib"},{"floor":26,"key":"Eternal Feather"},{"floor":28,"key":"Potion Belt"},{"floor":31,"key":"WingedGreaves"}],"event_choices":[{"damage_healed":0,"gold_gain":0,"player_choice":"Grow","damage_taken":0,"max_hp_gain":0,"max_hp_loss":0,"event_name":"Living Wall","floor":3,"gold_loss":0,"cards_upgraded":["Eruption"]},{"damage_healed":0,"gold_gain":0,"player_choice":"Take Wound","damage_taken":0,"relics_obtained":["Golden Idol"],"max_hp_gain":0,"max_hp_loss":0,"event_name":"Golden Idol","floor":7,"gold_loss":0,"cards_obtained":["Injury"]},{"damage_healed":0,"gold_gain":0,"player_choice":"Box","damage_taken":0,"relics_obtained":["Bag of Marbles"],"max_hp_gain":0,"max_hp_loss":0,"event_name":"Big Fish","floor":13,"gold_loss":0,"cards_obtained":["Regret"]},{"damage_healed":0,"gold_gain":0,"player_choice":"Stole Relic","damage_taken":0,"relics_obtained":["Darkstone Periapt"],"max_hp_gain":0,"max_hp_loss":0,"event_name":"Addict","floor":19,"gold_loss":0,"cards_obtained":["Shame"]},{"damage_healed":0,"gold_gain":0,"player_choice":"Gave Potion","damage_taken":0,"relics_obtained":["MawBank"],"max_hp_gain":0,"max_hp_loss":0,"event_name":"WeMeetAgain","floor":20,"gold_loss":0},{"damage_healed":0,"gold_gain":0,"player_choice":"Ignored","damage_taken":0,"max_hp_gain":0,"max_hp_loss":0,"event_name":"Fountain of Cleansing","floor":27,"gold_loss":0},{"damage_healed":0,"gold_gain":0,"player_choice":"Fight","damage_taken":0,"max_hp_gain":0,"max_hp_loss":0,"event_name":"Mysterious Sphere","floor":36,"gold_loss":0}],"is_beta":false,"boss_relics":[{"not_picked":["VioletLotus","Fusion Hammer"],"picked":"Cursed Key"},{"not_picked":["Busted Crown","Tiny House"],"picked":"Philosopher\u0027s Stone"}],"items_purged_floors":[14],"is_endless":false,"potions_floor_spawned":[2,5,11,12,16,18,21,28,30,31],"killed_by":"2 Orb Walkers","ascension_level":5}}