{"host":"jd8ca16pxkooz5tw","time":1611395615,"event":{"mods":["AchievementEnabler","BaseMod","Colored Map","Defuse TimeMaze Blight","Downfall","GifTheSpireLib","Highlight Path","Minty Spire (QoL Compilation)","StSLib"],"gold_per_floor":[99,115,126,126,145,164,164,176,76,102,115,132,1,1,19,19,19,19],"floor_reached":16,"language":"ENG","playtime":1171,"items_purged":[],"score":106,"play_id":"8297baa3-9fe0-4e3a-bce8-0ed3c6eb7f6c","local_time":"20210123105335","is_ascension_mode":false,"campfire_choices":[{"floor":1,"key":"RECALL"},{"floor":9,"key":"REST"}],"circlet_count":0,"master_deck":["champ:Strike","champ:Strike","champ:Strike","champ:Strike","champ:Defend","champ:Defend","champ:Defend","champ:Defend","champ:Execute","champ:Taunt+1","champ:TornadoPunch","champ:IronFortress","champ:CalledShot","champ:PreciseThrust","champ:BerserkersShout","champ:SkillfulDodge","champ:Shatter","champ:RisingSlash","champ:FlashCut","champ:Backstep+1","champ:Encircle","champ:ShieldWall"],"relics":["SlaversCollar","downfall:HeartBlessingRed","Kunai"],"acts_visited":["Exordium"],"potions_floor_usage":[6],"damage_taken":[{"damage":15,"enemies":"Small Slimes","floor":2,"turns":5},{"damage":1,"enemies":"Cultist","floor":3,"turns":4},{"damage":37,"enemies":"Jaw Worm","floor":5,"turns":6},{"damage":25,"enemies":"Exordium Thugs","floor":6,"turns":8},{"damage":5,"enemies":"Gremlin Gang","floor":8,"turns":4},{"damage":62,"enemies":"Gremlin Nob","floor":10,"turns":5},{"damage":7,"enemies":"Blue Slaver","floor":11,"turns":4},{"damage":1,"enemies":"Gremlin Gang","floor":12,"turns":4},{"damage":15,"enemies":"downfall:FleeingMerchant","floor":13,"turns":4},{"damage":15,"enemies":"Large Slime","floor":15,"turns":5},{"damage":30,"enemies":"IC_STATUS_ARCHETYPE","floor":16,"turns":4}],"seed_played":"-5003098821046164463","potions_obtained":[{"floor":2,"key":"SkillPotion"},{"floor":11,"key":"Explosive Potion"},{"floor":15,"key":"champ:CounterPotion"}],"is_trial":false,"path_per_floor":["R","M","M","?","M","M","T","M","R","E","M","M","$","?","M","B"],"character_chosen":"THE_CHAMP","items_purchased":["champ:Backstep","champ:Encircle"],"campfire_rested":1,"item_purchase_floors":[13,13],"current_hp_per_floor":[90,85,84,84,67,52,52,47,74,32,25,24,24,24,24,0,0,0],"gold":19,"neow_bonus":"BOSS_RELIC","is_daily":false,"chose_seed":false,"campfire_upgraded":0,"win_rate":0.0,"timestamp":1611395615,"path_taken":["R","M","M","?","?","M","T","M","R","E","M","M","$","?","M","BOSS"],"items_purchased_type":["Card","Card"],"build_version":"2020-12-22","purchased_purges":0,"victory":false,"max_hp_per_floor":[90,90,90,90,90,90,90,90,90,90,90,90,90,90,90,90,90,90],"card_choices":[{"not_picked":["champ:EnGarde","champ:Shatter"],"picked":"champ:TornadoPunch","floor":2},{"not_picked":["champ:FalseCounter","champ:FocusedDefense"],"picked":"champ:IronFortress","floor":3},{"not_picked":["champ:Backstep","champ:IronFortress"],"picked":"champ:CalledShot","floor":5},{"not_picked":["champ:BringItOn","champ:SkillfulDodge"],"picked":"champ:PreciseThrust","floor":6},{"not_picked":["champ:FlashCut","champ:PreciseThrust"],"picked":"champ:BerserkersShout","floor":8},{"not_picked":["champ:PerfectedStrike","champ:DancingMaster"],"picked":"champ:SkillfulDodge","floor":10},{"not_picked":["champ:DefensiveShout","champ:BladeFlurry"],"picked":"champ:Shatter","floor":11},{"not_picked":["champ:FalseCounter","champ:SkillfulDodge"],"picked":"champ:RisingSlash","floor":12},{"not_picked":["champ:SkillfulDodge","champ:FanOfKnives"],"picked":"champ:FlashCut","floor":13},{"not_picked":["champ:AdrenalArmor","champ:Haymaker"],"picked":"champ:ShieldWall","floor":15}],"player_experience":311537,"relics_obtained":[{"floor":10,"key":"Kunai"}],"event_choices":[{"damage_healed":0,"gold_gain":0,"player_choice":"Forge","damage_taken":0,"max_hp_gain":0,"max_hp_loss":0,"event_name":"Accursed Blacksmith","floor":4,"gold_loss":0,"cards_upgraded":["champ:Taunt"]}],"is_beta":false,"boss_relics":[],"items_purged_floors":[],"is_endless":false,"potions_floor_spawned":[2,11,15],"killed_by":"IC_STATUS_ARCHETYPE","ascension_level":0}}