{"host":"qjk3wp69zu6hw4kx","time":1611363280,"event":{"mods":["BaseMod","Curses Come First","Downfall","Googly Eyes","Minty Spire (QoL Compilation)","Replay The Spire","StSLib"],"gold_per_floor":[99,113,133,233,244,144,144,157,167,167,180,205,205,231,247,348,348,248,261,261,271,271,287,339,350,350,381,120,136,36,54,71,169,169,169,187,187,187,200,200,224,16,30,30,30,40,40,54,64,64,64,96,28,28,28,28,28,28],"floor_reached":56,"language":"ENG","playtime":10662,"items_purged":["champ:Defend"],"score":700,"play_id":"6ef8e0d6-c6b6-48a1-a6a5-eee02a3ef1be","local_time":"20210123025440","is_ascension_mode":false,"campfire_choices":[{"floor":1,"key":"RECALL"},{"floor":6,"key":"REST"},{"data":"champ:PerfectedStrike","floor":10,"key":"SMITH"},{"data":"champ:CalledShot","floor":13,"key":"SMITH"},{"data":"champ:GladiatorForm","floor":18,"key":"SMITH"},{"floor":30,"key":"REST"},{"data":"expansioncontent:QuickStudy","floor":35,"key":"SMITH"},{"data":"champ:EndlessRage","floor":44,"key":"SMITH"},{"floor":47,"key":"REST"},{"floor":54,"key":"REST"}],"circlet_count":0,"master_deck":["champ:Strike","champ:Strike","champ:Strike","champ:Defend","champ:Taunt","champ:Backstep","champ:PerfectedStrike+1","champ:BringItOn","champ:PerfectedStrike","champ:PreciseThrust","champ:EnGarde","champ:CalledShot+1","champ:ArenaPreparation","champ:GladiatorStyle+1","champ:FanOfKnives","champ:GladiatorForm+1","champ:EndlessRage+1","champ:EnragedBash+1","champ:Circumvent","champ:DefensiveShout+1","champ:Parry+1","champ:HoldFirm","champ:FancyFootwork+1","expansioncontent:QuickStudy+1","champ:GladiatorStyle+1","champ:MurderStrike+1","champ:EnGarde+1","downfall:Haunted","downfall:Haunted","CommonCold","champ:Endure","downfall:Bewildered","expansioncontent:QuickStudy+1","expansioncontent:Chronoboost","Replay:SS_hec_1","expansioncontent:PrepareCrush","champ:RisingSlash+1","champ:FlashCut+1","champ:IgnorePain"],"relics":["champ:ChampionCrown","Champion Belt","downfall:HeartBlessingRed","Replay:Baseball","Odd Mushroom","Mummified Hand","Sozu","downfall:HeartBlessingGreen","ReplayTheSpireMod:Ninjato","downfall:HeartBlessingBlue","Empty Cage","Du-Vu Doll","Juzu Bracelet","ReplayTheSpireMod:CursedCoin","Art of War","HornCleat"],"acts_visited":["Exordium","TheCity","TheBeyond","TheEnding"],"potions_floor_usage":[12,14,14,33],"damage_taken":[{"damage":12,"enemies":"Small Slimes","floor":2,"turns":4},{"damage":7,"enemies":"2 Louse","floor":3,"turns":4},{"damage":58,"enemies":"2 Louse","floor":4,"turns":5},{"damage":0,"enemies":"Cultist","floor":5,"turns":2},{"damage":0,"enemies":"Exordium Wildlife","floor":8,"turns":5},{"damage":8,"enemies":"Lots of Slimes","floor":9,"turns":5},{"damage":0,"enemies":"2 Fungi Beasts","floor":11,"turns":3},{"damage":26,"enemies":"The Mushroom Lair","floor":12,"turns":4},{"damage":20,"enemies":"Gremlin Nob","floor":14,"turns":4},{"damage":10,"enemies":"Lots of Slimes","floor":15,"turns":4},{"damage":29,"enemies":"DF_ARCHETYPE_STREAMLINE","floor":16,"turns":13},{"damage":21,"enemies":"Shell Parasite","floor":19,"turns":4},{"damage":29,"enemies":"3 Byrds","floor":21,"turns":4},{"damage":20,"enemies":"Cultist and Chosen","floor":23,"turns":6},{"damage":0,"enemies":"Snake Plant","floor":25,"turns":3},{"damage":19,"enemies":"Book of Stabbing","floor":27,"turns":5},{"damage":10,"enemies":"downfall:FleeingMerchant","floor":28,"turns":4},{"damage":11,"enemies":"Shelled Parasite and Fungi","floor":29,"turns":3},{"damage":28,"enemies":"Cultist and Chosen","floor":31,"turns":6},{"damage":17,"enemies":"Snecko","floor":32,"turns":4},{"damage":59,"enemies":"IC_MUSHROOM_ARCHETYPE","floor":33,"turns":11},{"damage":25,"enemies":"Orb Walker","floor":36,"turns":3},{"damage":33,"enemies":"3 Darklings","floor":39,"turns":4},{"damage":15,"enemies":"downfall:FleeingMerchant","floor":42,"turns":4},{"damage":17,"enemies":"Spire Growth","floor":43,"turns":5},{"damage":20,"enemies":"Sphere and 2 Shapes","floor":46,"turns":2},{"damage":15,"enemies":"Transient","floor":48,"turns":5},{"damage":5,"enemies":"Jaw Worm Horde","floor":49,"turns":2},{"damage":73,"enemies":"WA_ARCHETYPE_DIVINITY","floor":50,"turns":13},{"damage":121,"enemies":"downfall:CharBossMerchant","floor":52,"turns":9},{"damage":77,"enemies":"downfall:NeowBoss","floor":55,"turns":23},{"damage":66,"enemies":"downfall:NeowBossFinal","floor":56,"turns":8}],"seed_played":"3935357564723108884","potions_obtained":[{"floor":3,"key":"sneckomod:MuddlingPotion"},{"floor":8,"key":"Reflective Coating"},{"floor":12,"key":"Reflective Coating"},{"floor":16,"key":"Strength Potion"}],"is_trial":false,"path_per_floor":["R","M","M","?","M","R","T","M","M","R","M","?","R","E","M","B",null,"R","M","?","M","?","M","T","M","?","E","$","M","R","M","M","B",null,"R","M","?","?","M","?","T","$","M","R","?","M","R","M","M","B",null,"E","$","R","B","B"],"character_chosen":"THE_CHAMP","items_purchased":["expansioncontent:QuickStudy","ReplayTheSpireMod:CursedCoin","Art of War","expansioncontent:QuickStudy+1","champ:IgnorePain"],"campfire_rested":4,"item_purchase_floors":[28,42,42,42,53],"current_hp_per_floor":[99,97,95,47,47,76,76,76,68,68,68,52,52,42,32,3,99,99,93,93,74,74,64,64,64,64,55,55,54,96,93,81,72,109,109,109,109,109,81,81,81,81,89,89,79,79,109,99,99,49,109,48,48,80,38,0,0,0],"gold":28,"neow_bonus":"TEN_PERCENT_HP_BONUS","is_daily":false,"chose_seed":false,"campfire_upgraded":5,"win_rate":0.0,"timestamp":1611363280,"path_taken":["R","M","M","?","M","R","T","M","M","R","M","?","R","E","M","BOSS","R","M","?","?","?","?","T","M","?","E","$","?","R","M","M","BOSS","R","M","?","?","?","?","T","$","M","R","?","M","R","M","M","BOSS","E","$","R","BOSS","BOSS"],"items_purchased_type":["Card","Relic","Relic","Card","Card"],"build_version":"2020-12-22","purchased_purges":1,"victory":false,"max_hp_per_floor":[99,99,99,99,99,99,99,99,99,99,99,99,99,99,99,99,99,99,99,99,99,99,99,99,99,99,99,99,99,109,109,109,109,109,109,109,109,109,109,109,109,109,109,109,109,109,109,109,109,109,109,109,109,109,109,109,109,109],"card_choices":[{"not_picked":["champ:DefensiveShout","champ:Haymaker"],"picked":"champ:Backstep","floor":2},{"not_picked":["champ:FaceSlap","champ:RecklessLeap"],"picked":"champ:PerfectedStrike","floor":3},{"not_picked":["champ:DeathBlow","champ:BerserkersShout"],"picked":"champ:BringItOn","floor":4},{"not_picked":["champ:FaceSlap","champ:FancyFootwork"],"picked":"champ:PerfectedStrike","floor":5},{"not_picked":["champ:FlashCut","champ:RapidStrikes"],"picked":"champ:PreciseThrust","floor":8},{"not_picked":["champ:Shatter","champ:StanceDance"],"picked":"champ:EnGarde","floor":9},{"not_picked":["champ:FlashCut","champ:BringItOn"],"picked":"champ:CalledShot","floor":11},{"not_picked":["champ:StanceDance","champ:GutPunch"],"picked":"champ:ArenaPreparation","floor":12},{"not_picked":["champ:Parry","champ:ArenaPreparation"],"picked":"champ:GladiatorStyle","floor":14},{"not_picked":["champ:CrownThrow","champ:GutPunch"],"picked":"champ:FanOfKnives","floor":15},{"not_picked":["champ:Improvising","champ:LastStand"],"picked":"champ:GladiatorForm","floor":16},{"not_picked":["champ:HeartStrike","champ:BerserkersShout+1"],"picked":"champ:EndlessRage","floor":19},{"not_picked":["champ:PerfectedStrike","champ:Shatter"],"picked":"champ:EnragedBash+1","floor":21},{"not_picked":["champ:GutPunch","champ:CrownThrow"],"picked":"champ:DefensiveShout+1","floor":23},{"not_picked":["champ:HeartStrike+1","champ:FalseCounter"],"picked":"champ:Parry+1","floor":25},{"not_picked":["champ:EnGarde","champ:Backstep"],"picked":"champ:HoldFirm","floor":27},{"not_picked":["champ:Circumvent","champ:FaceSlap+1"],"picked":"champ:FancyFootwork+1","floor":28},{"not_picked":["champ:BladeFlurry+1","champ:PreciseThrust+1"],"picked":"champ:GladiatorStyle+1","floor":29},{"not_picked":["champ:EnragedBash","champ:BerserkersShout","champ:BringItOn"],"picked":"SKIP","floor":31},{"not_picked":["champ:PreciseThrust+1","champ:TornadoPunch","champ:BringItOn"],"picked":"SKIP","floor":32},{"not_picked":["champ:HeavySlash","champ:DancingMaster"],"picked":"champ:MurderStrike","floor":33},{"not_picked":["champ:FocusedDefense+1","champ:FancyFootwork+1"],"picked":"champ:EnGarde+1","floor":36},{"not_picked":["champ:ShieldSlam","champ:SetATrap"],"picked":"champ:Endure","floor":39},{"not_picked":["champ:Backstep+1","champ:Lariat+1","champ:BringItOn"],"picked":"SKIP","floor":42},{"not_picked":["champ:FalseCounter","champ:BerserkersShout","champ:GutPunch+1"],"picked":"SKIP","floor":43},{"not_picked":["Replay:SS_hec_1","Replay:SS_fish_1"],"picked":"expansioncontent:Chronoboost","floor":45},{"not_picked":["Replay:SS_fish_1","expansioncontent:HyperBeam"],"picked":"Replay:SS_hec_1","floor":45},{"not_picked":["expansioncontent:Hexaburn","expansioncontent:YouAreMine"],"picked":"expansioncontent:PrepareCrush","floor":45},{"not_picked":["champ:Shatter","champ:PerfectedStrike"],"picked":"champ:RisingSlash+1","floor":46},{"not_picked":["champ:Haymaker","champ:BladeFlurry"],"picked":"champ:FlashCut+1","floor":48},{"not_picked":["champ:SkillfulDodge","champ:Lariat+1","champ:PreciseThrust"],"picked":"SKIP","floor":49},{"not_picked":["champ:BladeFlurry+1","champ:Parry","champ:StanceDance"],"picked":"SKIP","floor":52}],"player_experience":376719,"relics_obtained":[{"floor":4,"key":"Champion Belt"},{"floor":7,"key":"Replay:Baseball"},{"floor":12,"key":"Odd Mushroom"},{"floor":14,"key":"Mummified Hand"},{"floor":27,"key":"ReplayTheSpireMod:Ninjato"},{"floor":41,"key":"Juzu Bracelet"},{"floor":52,"key":"HornCleat"}],"event_choices":[{"damage_healed":0,"gold_gain":0,"player_choice":"Fought Mushrooms","damage_taken":0,"max_hp_gain":0,"max_hp_loss":0,"event_name":"Mushrooms","floor":12,"gold_loss":0},{"damage_healed":0,"gold_gain":0,"player_choice":"Ignored","damage_taken":0,"max_hp_gain":0,"max_hp_loss":0,"event_name":"NoteForYourself","floor":20,"gold_loss":0},{"damage_healed":0,"gold_gain":0,"player_choice":"Got Potions","damage_taken":0,"max_hp_gain":0,"max_hp_loss":0,"event_name":"Lab","floor":26,"gold_loss":0},{"cards_removed":["champ:Strike"],"damage_healed":0,"gold_gain":0,"player_choice":"Removed Attack","damage_taken":0,"max_hp_gain":0,"max_hp_loss":0,"event_name":"Falling","floor":40,"gold_loss":0}],"is_beta":false,"boss_relics":[{"not_picked":["Philosopher\u0027s Stone","SacredBark"],"picked":"Sozu"},{"not_picked":["bronze:MakeshiftBattery","Replay:Bronze Core"],"picked":"Empty Cage"}],"items_purged_floors":[28],"is_endless":false,"potions_floor_spawned":[3,8,12,16,19,23,33,39,43,48,49],"killed_by":"downfall:NeowBossFinal","ascension_level":0}}