{"host":"fqepcc6wiujntn7y","time":1611414983,"event":{"mods":["AchievementEnabler","BaseMod","Minty Spire (QoL Compilation)","Quick Restart","Replay The Spire","StSLib","The Jungle"],"gold_per_floor":[116,134,144,66,81,108,39,39,39,54,54,54,54,73,73,73,73],"floor_reached":16,"language":"ENG","playtime":967,"items_purged":[],"score":102,"play_id":"22e73ba8-bc6c-4fcd-bae5-333177c0606d","local_time":"20210123151623","daily_mods":["Colorless Cards","Heirloom"],"is_ascension_mode":false,"campfire_choices":[{"floor":8,"key":"REST"},{"floor":11,"key":"REST"},{"data":"Creative AI","floor":13,"key":"SMITH"},{"floor":15,"key":"REST"}],"circlet_count":0,"master_deck":["Strike_B","Strike_B","Strike_B","Strike_B","Defend_B","Defend_B","Defend_B","Defend_B","Zap","Dualcast","Sweeping Beam","Fusion","Undo","Crystallizer","Tempest","Fusion","Loop","Streamline","Melter","Panic Button","Defragment","Ball Lightning","Creative AI+1","Self Repair"],"relics":["Cracked Core","Prayer Wheel","StrikeDummy","Replay:Towering Pillar of Hats"],"acts_visited":["Exordium"],"potions_floor_usage":[16,16],"damage_taken":[{"damage":0,"enemies":"Cultist","floor":1,"turns":3},{"damage":8,"enemies":"Jaw Worm","floor":2,"turns":4},{"damage":2,"enemies":"2 Louse","floor":3,"turns":3},{"damage":30,"enemies":"Exordium Thugs","floor":5,"turns":4},{"damage":30,"enemies":"3 Sentries","floor":6,"turns":6},{"damage":5,"enemies":"2 Fungi Beasts","floor":10,"turns":3},{"damage":15,"enemies":"Looter","floor":14,"turns":3},{"damage":66,"enemies":"Hexaghost","floor":16,"turns":10}],"seed_played":"8658211719804427822","potions_obtained":[{"floor":2,"key":"Languid Potion"},{"floor":5,"key":"GamblersBrew"},{"floor":10,"key":"Regen Potion"}],"is_trial":true,"path_per_floor":["M","M","M","$","M","E","$","R","T","M","R","?","R","M","R","B"],"character_chosen":"DEFECT","items_purchased":["Loop","Defragment"],"campfire_rested":3,"item_purchase_floors":[4,7],"current_hp_per_floor":[75,67,65,65,35,5,5,27,27,22,44,44,44,29,51,0,0],"gold":73,"neow_bonus":"","is_daily":false,"chose_seed":false,"campfire_upgraded":1,"win_rate":0.0,"timestamp":1611414983,"path_taken":["M","M","M","$","M","E","$","R","T","M","R","?","R","M","R","BOSS"],"items_purchased_type":["Card","Card"],"build_version":"2020-12-22","purchased_purges":0,"victory":false,"max_hp_per_floor":[75,75,75,75,75,75,75,75,75,75,75,75,75,75,75,75,75],"card_choices":[{"not_picked":["Streamline","Compile Driver"],"picked":"Sweeping Beam","floor":1},{"not_picked":["Rebound","Finesse"],"picked":"Fusion","floor":1},{"not_picked":["Beam Cell","Reprogram"],"picked":"Undo","floor":2},{"not_picked":["Barrage","ReplayTheSpireMod:Necrogeddon"],"picked":"Crystallizer","floor":2},{"not_picked":["Conserve Battery","Redo"],"picked":"Tempest","floor":3},{"not_picked":["Purity","Sweeping Beam"],"picked":"Fusion","floor":3},{"not_picked":["Transmutation","Hologram"],"picked":"Streamline","floor":5},{"not_picked":["Replay:Parry","Barrage"],"picked":"Melter","floor":5},{"not_picked":["Conserve Battery","Streamline"],"picked":"Panic Button","floor":6},{"not_picked":["Time Bomb","Redo"],"picked":"Ball Lightning","floor":10},{"not_picked":["Impatience","Hello World"],"picked":"Creative AI","floor":10},{"not_picked":["Finesse","Leap"],"picked":"Self Repair","floor":14},{"not_picked":["Panic Button","Beam Cell","Deep Breath"],"picked":"SKIP","floor":14}],"player_experience":74754,"relics_obtained":[{"floor":6,"key":"StrikeDummy"},{"floor":9,"key":"Replay:Towering Pillar of Hats"}],"event_choices":[{"damage_healed":0,"gold_gain":0,"player_choice":"Bought 0 Potions","damage_taken":0,"max_hp_gain":0,"max_hp_loss":0,"event_name":"The Woman in Blue","floor":12,"gold_loss":0}],"is_beta":false,"boss_relics":[],"items_purged_floors":[],"is_endless":false,"potions_floor_spawned":[2,5,10],"killed_by":"Hexaghost","ascension_level":0}}