{"host":"Krakhan","time":1611443591,"event":{"mods":["AchievementEnabler","BaseMod","Colored Map","Colored Powertips","Faster Ascension Climbing","Highlight Path","Minty Spire (QoL Compilation)","Rare Cards Sparkle","Relic Stats","StSLib"],"gold_per_floor":[109,126,141,241,251,251,268,268,268,294,46,74,74,74,74,152,152,162,162,87,12,12,46,46,75,124,155,155,15,28,63,63,135,135,149,162,175,228,240,268,268,293,293,293,311,323,323,340,340,340,340,340,340,15,48,48],"floor_reached":57,"language":"ENG","playtime":4945,"items_purged":["Strike_G","Defend_G"],"score":2796,"play_id":"ef333a1c-fd6f-4e27-a4e8-285fb5a79a6e","local_time":"20210123181311","is_ascension_mode":true,"campfire_choices":[{"data":"Dash","floor":6.0,"key":"SMITH"},{"data":"Bane","floor":8.0,"key":"SMITH"},{"data":"Well Laid Plans","floor":13.0,"key":"SMITH"},{"data":"Poisoned Stab","floor":15.0,"key":"SMITH"},{"data":"Wraith Form v2","floor":24.0,"key":"SMITH"},{"data":"Catalyst","floor":28.0,"key":"SMITH"},{"data":"Noxious Fumes","floor":32.0,"key":"SMITH"},{"data":"Malaise","floor":44.0,"key":"SMITH"},{"floor":49.0,"key":"RECALL"},{"data":"Crippling Poison","floor":53.0,"key":"SMITH"}],"circlet_count":0,"master_deck":["AscendersBane","Defend_G","Defend_G","Defend_G","Defend_G","Survivor","Neutralize","Dash+1","Finisher","Poisoned Stab+1","Bane+1","PiercingWail","Well Laid Plans+1","Dash+1","Leg Sweep+1","Malaise+1","Acrobatics","Wraith Form v2+1","Corpse Explosion","Catalyst+1","Noxious Fumes+1","Crippling Poison+1","Backflip","Calculated Gamble+1","Escape Plan+1","Outmaneuver+1","PiercingWail+1","Well Laid Plans+1","Crippling Poison+1","Wraith Form v2+1","Doppelganger","Dash+1","Reflex"],"relics":["Coffee Dripper","Snake Skull","Art of War","DollysMirror","Paper Crane","Snecko Eye","The Specimen","PreservedInsect","Blood Vial","Anchor","StrikeDummy","Astrolabe","Bird Faced Urn","Regal Pillow","Meat on the Bone","Bronze Scales","Orichalcum"],"acts_visited":["Exordium","TheCity","TheBeyond","TheEnding"],"potions_floor_usage":[],"damage_taken":[{"damage":6.0,"enemies":"Jaw Worm","floor":1.0,"turns":5.0},{"damage":0.0,"enemies":"Cultist","floor":2.0,"turns":4.0},{"damage":0.0,"enemies":"Small Slimes","floor":3.0,"turns":4.0},{"damage":0.0,"enemies":"3 Louse","floor":5.0,"turns":3.0},{"damage":8.0,"enemies":"Blue Slaver","floor":7.0,"turns":3.0},{"damage":16.0,"enemies":"Lagavulin","floor":10.0,"turns":6.0},{"damage":0.0,"enemies":"Gremlin Nob","floor":12.0,"turns":4.0},{"damage":27.0,"enemies":"Slime Boss","floor":16.0,"turns":15.0},{"damage":7.0,"enemies":"Shell Parasite","floor":18.0,"turns":5.0},{"damage":20.0,"enemies":"Gremlin Leader","floor":23.0,"turns":7.0},{"damage":16.0,"enemies":"Slavers","floor":25.0,"turns":5.0},{"damage":3.0,"enemies":"Book of Stabbing","floor":27.0,"turns":4.0},{"damage":5.0,"enemies":"3 Byrds","floor":30.0,"turns":4.0},{"damage":2.0,"enemies":"Slavers","floor":31.0,"turns":4.0},{"damage":4.0,"enemies":"Champ","floor":33.0,"turns":9.0},{"damage":0.0,"enemies":"Orb Walker","floor":35.0,"turns":4.0},{"damage":3.0,"enemies":"3 Darklings","floor":36.0,"turns":3.0},{"damage":11.0,"enemies":"Maw","floor":37.0,"turns":7.0},{"damage":33.0,"enemies":"2 Orb Walkers","floor":38.0,"turns":6.0},{"damage":8.0,"enemies":"Jaw Worm Horde","floor":39.0,"turns":3.0},{"damage":16.0,"enemies":"Nemesis","floor":40.0,"turns":7.0},{"damage":3.0,"enemies":"Giant Head","floor":42.0,"turns":7.0},{"damage":5.0,"enemies":"Transient","floor":45.0,"turns":6.0},{"damage":9.0,"enemies":"Spire Growth","floor":46.0,"turns":7.0},{"damage":0.0,"enemies":"Jaw Worm Horde","floor":48.0,"turns":3.0},{"damage":19.0,"enemies":"Awakened One","floor":50.0,"turns":14.0},{"damage":36.0,"enemies":"Time Eater","floor":51.0,"turns":17.0},{"damage":4.0,"enemies":"Shield and Spear","floor":55.0,"turns":6.0},{"damage":54,"enemies":"The Heart","floor":56,"turns":10}],"seed_played":"3091937671316282309","potions_obtained":[{"floor":2.0,"key":"BlessingOfTheForge"},{"floor":7.0,"key":"Dexterity Potion"},{"floor":10.0,"key":"PowerPotion"},{"floor":18.0,"key":"EntropicBrew"},{"floor":27.0,"key":"EssenceOfSteel"},{"floor":36.0,"key":"Dexterity Potion"},{"floor":38.0,"key":"Explosive Potion"},{"floor":39.0,"key":"AttackPotion"},{"floor":40.0,"key":"SneckoOil"}],"is_trial":false,"path_per_floor":["M","M","M","?","M","R","M","R","T","E","$","E","R","?","R","B",null,"M","?","?","$","?","E","R","E","T","E","R","$","M","E","R","B",null,"M","M","M","?","M","E","?","E","T","R","M","M","?","M","R","B","B",null,"R","$","E","B",null],"character_chosen":"THE_SILENT","items_purchased":["Well Laid Plans","DollysMirror","Crippling Poison","Poison Potion","Bronze Scales","Dexterity Potion"],"campfire_rested":0,"item_purchase_floors":[11,11,29,29,54,54],"current_hp_per_floor":[53,53,53,53,53,53,45,45,45,29,29,29,29,29,29,2,50,43,43,43,43,43,35,35,19,19,18,18,18,15,15,15,13,53,55,54,45,14,10,4,4,13,13,13,32,45,45,51,51,44,32,58,58,58,63,32],"gold":48,"neow_bonus":"BOSS_RELIC","is_daily":false,"chose_seed":false,"campfire_upgraded":9,"win_rate":0.0,"timestamp":1611443591,"path_taken":["M","M","M","?","M","R","M","R","T","E","?","E","R","?","R","BOSS","M","?","?","$","?","E","R","E","T","E","R","$","M","E","R","BOSS","M","M","M","?","M","E","?","E","T","R","?","M","?","?","R","BOSS","BOSS","R","$","E","BOSS"],"items_purchased_type":["Card","Relic","Card","Potion","Relic","Potion"],"build_version":"2020-12-18","purchased_purges":2,"victory":true,"max_hp_per_floor":[66,66,66,66,66,66,66,66,66,66,66,66,66,66,66,66,66,66,66,66,66,66,66,66,66,66,66,66,66,66,66,66,66,66,66,66,66,66,66,66,66,66,66,66,66,66,66,66,66,66,66,66,66,66,66,66],"relic_stats":{"Regal Pillow":0,"counters":[29,182],"Astrolabe":["Calculated Gamble","Escape Plan","Outmaneuver"],"Snake Skull":[203],"PreservedInsect":341,"Orichalcum":[18],"Blood Vial":36,"Bird Faced Urn":[78],"Bronze Scales":[159],"Snecko Eye":[238,249,249,254],"Art of War":[33],"obtain_stats":[{"Regal Pillow":40,"The Specimen":23,"Astrolabe":34,"Snake Skull":9,"PreservedInsect":25,"Paper Crane":12,"Orichalcum":55,"Blood Vial":26,"Anchor":27,"DollysMirror":11,"Bird Faced Urn":38,"Bronze Scales":54,"Snecko Eye":17,"Coffee Dripper":0,"Art of War":10,"StrikeDummy":31,"Ring of the Snake":0,"Meat on the Bone":42},{"Regal Pillow":21,"The Specimen":10,"Astrolabe":15,"Snake Skull":5,"PreservedInsect":11,"Paper Crane":7,"Orichalcum":28,"Blood Vial":11,"Anchor":12,"DollysMirror":6,"Bird Faced Urn":19,"Bronze Scales":27,"Snecko Eye":8,"Coffee Dripper":0,"Art of War":6,"StrikeDummy":14,"Ring of the Snake":0,"Meat on the Bone":22},{"Regal Pillow":112,"The Specimen":56,"Astrolabe":82,"Snake Skull":19,"PreservedInsect":61,"Paper Crane":29,"Orichalcum":172,"Blood Vial":61,"Anchor":65,"DollysMirror":25,"Bird Faced Urn":102,"Bronze Scales":166,"Snecko Eye":44,"Coffee Dripper":0,"Art of War":25,"StrikeDummy":73,"Ring of the Snake":0,"Meat on the Bone":119}],"Meat on the Bone":48},"card_choices":[{"not_picked":["Quick Slash","PiercingWail"],"picked":"Dash","floor":1.0},{"not_picked":["Reflex","Expertise","Heel Hook"],"picked":"SKIP","floor":2.0},{"not_picked":["Concentrate","Dodge and Roll"],"picked":"Finisher","floor":3.0},{"not_picked":["Dagger Throw","Accuracy"],"picked":"Poisoned Stab","floor":5.0},{"not_picked":["Riddle With Holes","Underhanded Strike"],"picked":"Bane","floor":7.0},{"not_picked":["Venomology","Sucker Punch"],"picked":"PiercingWail","floor":10.0},{"not_picked":["Quick Slash","Crippling Poison"],"picked":"Leg Sweep","floor":12.0},{"not_picked":["A Thousand Cuts","Tools of the Trade"],"picked":"Malaise","floor":16.0},{"not_picked":["Blade Dance","Dodge and Roll"],"picked":"Acrobatics","floor":18.0},{"not_picked":["Terror","Blade Dance"],"picked":"Corpse Explosion","floor":23.0},{"not_picked":["Quick Slash","Dagger Spray"],"picked":"Catalyst","floor":25.0},{"not_picked":["Endless Agony","Blade Dance"],"picked":"Noxious Fumes","floor":27.0},{"not_picked":["Backstab","Reflex"],"picked":"Backflip","floor":30.0},{"not_picked":["Cloak And Dagger","Concentrate","Backflip"],"picked":"SKIP","floor":31.0},{"not_picked":["Prepared","Finisher"],"picked":"PiercingWail+1","floor":35.0},{"not_picked":["Dagger Spray","Poisoned Stab"],"picked":"Well Laid Plans+1","floor":36.0},{"not_picked":["Finisher","Flying Knee+1","Skewer"],"picked":"SKIP","floor":37.0},{"not_picked":["Grand Finale","Dodge and Roll"],"picked":"Crippling Poison","floor":38.0},{"not_picked":["Sucker Punch","Masterful Stab+1","Backflip"],"picked":"SKIP","floor":39.0},{"not_picked":["Quick Slash","Deadly Poison","Deflect+1"],"picked":"SKIP","floor":40.0},{"not_picked":["Masterful Stab","Escape Plan+1"],"picked":"Doppelganger","floor":42.0},{"not_picked":["Eviscerate","Backstab","Sucker Punch+1"],"picked":"SKIP","floor":45.0},{"not_picked":["Dagger Throw","Acrobatics","Deflect+1"],"picked":"SKIP","floor":46.0},{"not_picked":["Blade Dance+1","Endless Agony"],"picked":"Dash+1","floor":48.0},{"not_picked":["Deflect+1","Caltrops"],"picked":"Reflex","floor":55.0}],"player_experience":1355214,"relics_obtained":[{"floor":9.0,"key":"Snake Skull"},{"floor":10.0,"key":"Art of War"},{"floor":12.0,"key":"Paper Crane"},{"floor":23.0,"key":"The Specimen"},{"floor":25.0,"key":"PreservedInsect"},{"floor":26.0,"key":"Blood Vial"},{"floor":27.0,"key":"Anchor"},{"floor":31.0,"key":"StrikeDummy"},{"floor":38.0,"key":"Bird Faced Urn"},{"floor":40.0,"key":"Regal Pillow"},{"floor":42.0,"key":"Meat on the Bone"},{"floor":55.0,"key":"Orichalcum"}],"event_choices":[{"damage_healed":0.0,"max_hp_gain":0.0,"max_hp_loss":0.0,"gold_gain":100.0,"event_name":"Wheel of Change","player_choice":"Gold","floor":4.0,"gold_loss":0.0,"damage_taken":0.0},{"damage_healed":0.0,"max_hp_gain":0.0,"max_hp_loss":0.0,"gold_gain":0.0,"event_name":"Living Wall","player_choice":"Grow","floor":14.0,"gold_loss":0.0,"damage_taken":0.0,"cards_upgraded":["Leg Sweep"]},{"damage_healed":0.0,"max_hp_gain":0.0,"max_hp_loss":0.0,"gold_gain":0.0,"event_name":"The Library","player_choice":"Read","floor":19.0,"gold_loss":0.0,"damage_taken":0.0,"cards_obtained":["Wraith Form v2"]},{"cards_removed":["Strike_G"],"damage_healed":0.0,"max_hp_gain":0.0,"max_hp_loss":0.0,"gold_gain":0.0,"event_name":"Beggar","player_choice":"Gave Gold","floor":20.0,"gold_loss":75.0,"damage_taken":0.0},{"damage_healed":0.0,"max_hp_gain":0.0,"max_hp_loss":0.0,"gold_gain":0.0,"event_name":"The Mausoleum","player_choice":"Ignored","floor":22.0,"gold_loss":0.0,"damage_taken":0.0},{"damage_healed":0.0,"max_hp_gain":0.0,"max_hp_loss":0.0,"gold_gain":0.0,"event_name":"Mysterious Sphere","player_choice":"Fight","floor":38.0,"gold_loss":0.0,"damage_taken":0.0},{"damage_healed":0.0,"max_hp_gain":0.0,"max_hp_loss":0.0,"gold_gain":0.0,"event_name":"Duplicator","player_choice":"Copied","floor":41.0,"gold_loss":0.0,"damage_taken":0.0,"cards_obtained":["Wraith Form v2"]},{"damage_healed":0.0,"max_hp_gain":0.0,"max_hp_loss":0.0,"gold_gain":0.0,"event_name":"Upgrade Shrine","player_choice":"Upgraded","floor":47.0,"gold_loss":0.0,"damage_taken":0.0,"cards_upgraded":["Crippling Poison"]}],"is_beta":true,"boss_relics":[{"not_picked":["Busted Crown","HoveringKite"],"picked":"Snecko Eye"},{"not_picked":["Runic Pyramid","Sozu"],"picked":"Astrolabe"}],"items_purged_floors":[21,54],"is_endless":false,"potions_floor_spawned":[2,7,10,18,27,30,36,38,39,40],"ascension_level":20}}