{"host":"k7udt7atmcuzf6l0","time":1611372424,"event":{"mods":["AchievementEnabler","BaseMod","Colored Map","Colored Powertips","Highlight Path","Minty Spire (QoL Compilation)","Quick Restart","Rare Cards Sparkle","StSLib","UnlockEverythingMod"],"gold_per_floor":[111,286,296,311,53,79,95,95,122,122,176,176,176,176,176,273,273,286,9,24,123,137,137,137,137],"floor_reached":24,"language":"ZHT","playtime":580,"items_purged":["Doubt"],"score":194,"play_id":"bd0e076d-7e79-470a-abeb-bf55659255a2","local_time":"20210123112704","is_ascension_mode":false,"campfire_choices":[{"data":"Armaments","floor":8,"key":"SMITH"},{"data":"Flex","floor":15,"key":"SMITH"},{"data":"Berserk","floor":23,"key":"SMITH"}],"circlet_count":0,"master_deck":["Strike_R","Strike_R","Strike_R","Strike_R","Strike_R","Defend_R","Defend_R","Defend_R","Defend_R","Bash","Clash","Cleave","Pommel Strike","Armaments+1","Flex+1","Berserk+1","Shrug It Off+1","Rage","Body Slam","Seeing Red+1"],"relics":["Burning Blood","NeowsBlessing","Ancient Tea Set","Toy Ornithopter","Strawberry","Happy Flower","Runic Cube","Boot"],"acts_visited":["Exordium","TheCity"],"potions_floor_usage":[22,24],"damage_taken":[{"damage":0,"enemies":"2 Louse","floor":1,"turns":1},{"damage":0,"enemies":"Small Slimes","floor":3,"turns":1},{"damage":0,"enemies":"Cultist","floor":4,"turns":1},{"damage":17,"enemies":"3 Sentries","floor":6,"turns":6},{"damage":5,"enemies":"Looter","floor":7,"turns":2},{"damage":19,"enemies":"Slime Boss","floor":16,"turns":9},{"damage":19,"enemies":"Shell Parasite","floor":18,"turns":5},{"damage":16,"enemies":"2 Thieves","floor":20,"turns":4},{"damage":33,"enemies":"Centurion and Healer","floor":22,"turns":4},{"damage":53,"enemies":"Gremlin Leader","floor":24,"turns":3}],"seed_played":"58595708637344456","potions_obtained":[{"floor":1,"key":"ElixirPotion"},{"floor":16,"key":"Energy Potion"},{"floor":20,"key":"GamblersBrew"},{"floor":22,"key":"Energy Potion"}],"is_trial":false,"path_per_floor":["M","?","M","M","$","E","M","R","T","$","?","?","?","T","R","B",null,"M","$","M","?","M","R","E"],"character_chosen":"IRONCLAD","items_purchased":["Armaments","Ancient Tea Set","Rage","Body Slam","Boot"],"campfire_rested":0,"item_purchase_floors":[5,5,19,19,19],"current_hp_per_floor":[80,80,80,80,80,69,70,70,77,77,77,82,82,82,82,69,92,79,79,69,69,47,47,0,0],"gold":137,"neow_bonus":"THREE_ENEMY_KILL","is_daily":false,"chose_seed":false,"campfire_upgraded":3,"win_rate":0.0,"timestamp":1611372424,"path_taken":["M","?","M","M","$","E","M","R","T","$","?","?","?","?","R","BOSS","M","$","?","?","M","R","E"],"items_purchased_type":["Card","Relic","Card","Card","Relic"],"build_version":"2020-12-22","purchased_purges":1,"victory":false,"max_hp_per_floor":[80,80,80,80,80,80,80,80,87,87,87,92,92,92,92,92,92,92,92,92,92,92,92,92,92],"card_choices":[{"not_picked":["Armaments","Whirlwind"],"picked":"Clash","floor":1},{"not_picked":["Exhume","Warcry"],"picked":"Cleave","floor":3},{"not_picked":["Wild Strike","Iron Wave"],"picked":"Pommel Strike","floor":4},{"not_picked":["Battle Trance","Fire Breathing"],"picked":"Flex","floor":6},{"not_picked":["True Grit","Anger","Armaments"],"picked":"SKIP","floor":7},{"not_picked":["Double Tap","Impervious"],"picked":"Berserk","floor":16},{"not_picked":["Pommel Strike","Evolve"],"picked":"Shrug It Off+1","floor":18},{"not_picked":["Flex","Dropkick"],"picked":"Seeing Red+1","floor":20},{"not_picked":["Power Through","Body Slam","Havoc"],"picked":"SKIP","floor":22}],"player_experience":106430,"relics_obtained":[{"floor":6,"key":"Toy Ornithopter"},{"floor":9,"key":"Strawberry"},{"floor":14,"key":"Happy Flower"}],"event_choices":[{"damage_healed":0,"gold_gain":175,"player_choice":"AGREE","damage_taken":0,"max_hp_gain":0,"max_hp_loss":0,"event_name":"Liars Game","floor":2,"gold_loss":0,"cards_obtained":["Doubt"]},{"damage_healed":0,"gold_gain":54,"player_choice":"Gained Gold","damage_taken":0,"max_hp_gain":0,"max_hp_loss":0,"event_name":"Golden Wing","floor":11,"gold_loss":0},{"damage_healed":0,"gold_gain":0,"player_choice":"Donut","damage_taken":0,"max_hp_gain":5,"max_hp_loss":0,"event_name":"Big Fish","floor":12,"gold_loss":0},{"damage_healed":0,"gold_gain":0,"player_choice":"Leave","damage_taken":0,"max_hp_gain":0,"max_hp_loss":0,"event_name":"The Cleric","floor":13,"gold_loss":0},{"damage_healed":0,"gold_gain":99,"player_choice":"Stole From Cult","damage_taken":0,"max_hp_gain":0,"max_hp_loss":0,"event_name":"Nest","floor":21,"gold_loss":0}],"is_beta":false,"boss_relics":[{"not_picked":["Astrolabe","Cursed Key"],"picked":"Runic Cube"}],"items_purged_floors":[5],"is_endless":false,"potions_floor_spawned":[1,16,20,22],"killed_by":"Gremlin Leader","ascension_level":0}}