{"host":"3xtugoueioptrf1x","time":1611433826,"event":{"mods":["BaseMod","Colored Powertips","Minty Spire (QoL Compilation)","Rare Cards Sparkle","StSLib"],"gold_per_floor":[114,27,47,61,11,11,41,54,54,71,71,83,83,97,97,197,197,137,153,252,125,145,145,60,60,60,80,95,95,95,113,113,208,208,225,225,236,248,248,248,262,262,262],"floor_reached":42,"language":"ENG","playtime":4417,"items_purged":[],"score":427,"play_id":"3e01a186-b7a9-4483-ad2b-a0385a107e45","local_time":"20210123153026","is_ascension_mode":false,"campfire_choices":[{"data":"Darkness","floor":6,"key":"SMITH"},{"floor":13,"key":"REST"},{"data":"Echo Form","floor":15,"key":"SMITH"},{"data":"Capacitor","floor":23,"key":"SMITH"},{"data":"Loop","floor":25,"key":"SMITH"},{"data":"Loop","floor":30,"key":"SMITH"},{"data":"Loop","floor":32,"key":"SMITH"},{"data":"Redo","floor":40,"key":"SMITH"}],"circlet_count":0,"master_deck":["Strike_B","Defend_B","Defend_B","Defend_B","Defend_B","Dualcast","Cold Snap","Darkness+1","Redo","Conserve Battery","Conserve Battery","Echo Form+1","Loop+1","Conserve Battery","Electrodynamics","Redo+1","Stack+1","Capacitor+1","Redo+1","Coolheaded+1","Loop+1","Loop+1","Amplify","Parasite"],"relics":["FrozenCore","Du-Vu Doll","Bird Faced Urn","StoneCalendar","Pantograph","CaptainsWheel","Black Star"],"acts_visited":["Exordium","TheCity","TheBeyond"],"potions_floor_usage":[12,16,16,28,42],"damage_taken":[{"damage":0,"enemies":"Cultist","floor":1,"turns":4},{"damage":2,"enemies":"2 Louse","floor":3,"turns":2},{"damage":1,"enemies":"Jaw Worm","floor":4,"turns":4},{"damage":25,"enemies":"Gremlin Nob","floor":7,"turns":4},{"damage":0,"enemies":"Looter","floor":8,"turns":3},{"damage":20,"enemies":"Exordium Wildlife","floor":10,"turns":4},{"damage":1,"enemies":"3 Louse","floor":12,"turns":3},{"damage":0,"enemies":"Looter","floor":14,"turns":3},{"damage":24,"enemies":"The Guardian","floor":16,"turns":7},{"damage":19,"enemies":"2 Thieves","floor":18,"turns":4},{"damage":0,"enemies":"Shell Parasite","floor":19,"turns":6},{"damage":19,"enemies":"Shelled Parasite and Fungi","floor":22,"turns":7},{"damage":6,"enemies":"Chosen and Byrds","floor":27,"turns":8},{"damage":9,"enemies":"Snake Plant","floor":28,"turns":6},{"damage":2,"enemies":"3 Cultists","floor":31,"turns":5},{"damage":10,"enemies":"Champ","floor":33,"turns":12},{"damage":15,"enemies":"3 Shapes","floor":35,"turns":7},{"damage":28,"enemies":"3 Darklings","floor":37,"turns":6},{"damage":26,"enemies":"Spire Growth","floor":38,"turns":7},{"damage":10,"enemies":"Writhing Mass","floor":41,"turns":8},{"damage":101,"enemies":"Giant Head","floor":42,"turns":14}],"seed_played":"-8312987899979543408","potions_obtained":[{"floor":3,"key":"EssenceOfSteel"},{"floor":4,"key":"Weak Potion"},{"floor":8,"key":"SkillPotion"},{"floor":10,"key":"FocusPotion"},{"floor":14,"key":"PowerPotion"},{"floor":19,"key":"DuplicationPotion"},{"floor":22,"key":"Dexterity Potion"},{"floor":28,"key":"Explosive Potion"},{"floor":33,"key":"DistilledChaos"},{"floor":38,"key":"EssenceOfDarkness"}],"is_trial":false,"path_per_floor":["M","$","M","M","?","R","E","M","T","M","?","M","R","M","R","B",null,"M","M","?","$","M","R","?","R","T","M","M","?","R","M","R","B",null,"M","?","M","M","$","R","M","E"],"character_chosen":"DEFECT","items_purchased":["Darkness","Redo","Capacitor","Redo"],"campfire_rested":1,"item_purchase_floors":[2,2,21,21],"current_hp_per_floor":[82,82,80,79,79,79,54,54,54,34,22,23,47,49,49,31,82,69,75,75,75,64,64,64,64,64,66,63,63,63,69,69,82,82,77,77,57,45,45,45,51,0,0],"gold":262,"neow_bonus":"TEN_PERCENT_HP_BONUS","is_daily":false,"chose_seed":false,"campfire_upgraded":7,"win_rate":0.0,"timestamp":1611433826,"path_taken":["M","$","M","M","?","R","E","M","T","M","?","M","R","M","R","BOSS","M","M","?","$","M","R","?","R","T","M","M","?","R","M","R","BOSS","M","?","M","M","$","R","M","E"],"items_purchased_type":["Card","Card","Card","Card"],"build_version":"2020-12-22","purchased_purges":0,"victory":false,"max_hp_per_floor":[82,82,82,82,82,82,82,82,82,82,82,82,82,82,82,82,82,82,82,82,82,82,82,82,82,82,82,82,82,82,82,82,82,82,82,82,82,82,82,82,82,82,82],"card_choices":[{"not_picked":["Stack","FTL"],"picked":"Cold Snap","floor":1},{"not_picked":["Barrage","Steam Power"],"picked":"Conserve Battery","floor":3},{"not_picked":["Gash","Aggregate","Doom and Gloom"],"picked":"SKIP","floor":4},{"not_picked":["Steam","Electrodynamics"],"picked":"Conserve Battery","floor":7},{"not_picked":["Rebound","Hologram","Streamline"],"picked":"SKIP","floor":8},{"not_picked":["Hologram","Ball Lightning"],"picked":"Echo Form","floor":10},{"not_picked":["Storm","Conserve Battery"],"picked":"Loop","floor":12},{"not_picked":["Streamline","Gash"],"picked":"Conserve Battery","floor":14},{"not_picked":["Reboot","Multi-Cast"],"picked":"Electrodynamics","floor":16},{"not_picked":["Conserve Battery+1","Streamline+1"],"picked":"Redo+1","floor":18},{"not_picked":["Reinforced Body","Lockon"],"picked":"Stack+1","floor":19},{"not_picked":["Leap","Rebound","Streamline"],"picked":"SKIP","floor":22},{"not_picked":["Beam Cell","Go for the Eyes"],"picked":"Coolheaded+1","floor":27},{"not_picked":["White Noise","Go for the Eyes","FTL"],"picked":"SKIP","floor":28},{"not_picked":["Undo","Chaos","Barrage"],"picked":"SKIP","floor":31},{"not_picked":["Core Surge","Hyperbeam"],"picked":"Amplify","floor":33},{"not_picked":["Rebound","Scrape","Auto Shields"],"picked":"SKIP","floor":35},{"not_picked":["Stack","Gash","Go for the Eyes+1"],"picked":"SKIP","floor":37},{"not_picked":["Ball Lightning","Rebound","Stack"],"picked":"SKIP","floor":38},{"not_picked":["Hologram","Steam Power","Go for the Eyes+1"],"picked":"SKIP","floor":41}],"player_experience":144872,"relics_obtained":[{"floor":7,"key":"Du-Vu Doll"},{"floor":9,"key":"Bird Faced Urn"},{"floor":26,"key":"CaptainsWheel"}],"event_choices":[{"cards_removed":["Strike_B"],"damage_healed":0,"gold_gain":0,"player_choice":"Card Removal","damage_taken":0,"max_hp_gain":0,"max_hp_loss":0,"event_name":"The Cleric","floor":5,"gold_loss":50},{"damage_healed":0,"gold_gain":0,"player_choice":"Success","damage_taken":12,"relics_obtained":["StoneCalendar"],"max_hp_gain":0,"max_hp_loss":0,"event_name":"Scrap Ooze","floor":11,"gold_loss":0},{"damage_healed":0,"gold_gain":99,"player_choice":"Stole From Cult","damage_taken":0,"max_hp_gain":0,"max_hp_loss":0,"event_name":"Nest","floor":20,"gold_loss":0},{"damage_healed":0,"gold_gain":0,"player_choice":"Obtained Relic","damage_taken":0,"relics_obtained":["Pantograph"],"max_hp_gain":0,"max_hp_loss":0,"event_name":"Addict","floor":24,"gold_loss":85},{"damage_healed":0,"gold_gain":0,"cards_transformed":["Strike_B","Strike_B"],"player_choice":"Became Test Subject","damage_taken":0,"max_hp_gain":0,"max_hp_loss":0,"event_name":"Drug Dealer","floor":29,"gold_loss":0,"cards_obtained":["Loop","Loop"]},{"cards_removed":["Zap"],"damage_healed":0,"gold_gain":0,"player_choice":"Removed Skill","damage_taken":0,"max_hp_gain":0,"max_hp_loss":0,"event_name":"Falling","floor":36,"gold_loss":0}],"is_beta":false,"boss_relics":[{"not_picked":["Snecko Eye","Nuclear Battery"],"picked":"FrozenCore"},{"not_picked":["Velvet Choker","Fusion Hammer"],"picked":"Black Star"}],"items_purged_floors":[],"is_endless":false,"potions_floor_spawned":[3,4,8,10,14,19,22,27,28,33,35,38],"killed_by":"Giant Head","ascension_level":0}}