{"host":"94qggqh0xz0sp6ai","time":1611371980,"event":{"mods":["100% Spire Juice","Abigail Mod","Act Like it!","BaseMod","CapriCore","Downfall","Friendly Minions","Gensokyo","Hermit","Jorbs\u0027s Wanderer Trilogy","Koishi","Marisa（霧雨　魔理沙）","Minty Spire (QoL Compilation)","Permanent Neow","Reimu（博??梦）","StSLib","The Alterego","The Construct","The Cursed","The Hierophant","The Immortal","The Marked","The Servant 0.9.4","TheBandit","Waifu the Spire"],"gold_per_floor":[112,127,302,317,317,77,109,109,159,36,36,49,67,82,82,187,187,206,218,137,137,236,236,266,11,11,24,24,43,68,79,79,79,79],"floor_reached":33,"language":"ENG","playtime":884,"items_purged":["Doubt"],"score":344,"play_id":"255dac57-87df-4696-a38e-da9213070cdf","local_time":"20210122211940","is_ascension_mode":true,"campfire_choices":[{"floor":6,"key":"REST"},{"floor":8,"key":"REST"},{"data":"Moonworks:CloudOfSeagulls","floor":11,"key":"SMITH"},{"data":"Trip","floor":15,"key":"SMITH"},{"data":"Moonworks:CloudOfSeagulls","floor":23,"key":"SMITH"},{"data":"Moonworks:AnotherUltimateWeapon","floor":28,"key":"SMITH"},{"data":"Moonworks:MetallicMonocoque","floor":32,"key":"SMITH"}],"circlet_count":0,"master_deck":["Moonworks:Strike","Moonworks:Strike+1","Moonworks:Strike","Moonworks:Strike+1","Moonworks:Defend","Moonworks:Defend","Moonworks:Defend","Moonworks:Defend","Moonworks:Ambush+1","Moonworks:LongDistanceShot","Trip+1","Moonworks:CloudOfSeagulls+1","Moonworks:Assault","Moonworks:NicePresent","Moonworks:LulusLuckyEgg","Moonworks:IndiscriminateFireSupport","Moonworks:FullSpeedAlicianrone+1","Moonworks:WindyEnchantment","Moonworks:SakisCookie","Moonworks:AnotherUltimateWeapon+1","Moonworks:FinalSurgery","Moonworks:CloudOfSeagulls+1","Bandage Up","Moonworks:NicePresent","Moonworks:JonathanRush+1","Moonworks:JonathanRush+1","Moonworks:MetallicMonocoque+1"],"relics":["Moonworks:BrokenBomb","Moonworks:Homemark","Boot","Toy Ornithopter","Black Star","MutagenicStrength","Whetstone","Sundial","Molten Egg 2","Mummified Hand","Omamori","Regal Pillow"],"acts_visited":["Exordium","TheCity"],"potions_floor_usage":[12,24,24,30,33],"damage_taken":[{"damage":0,"enemies":"Small Slimes","floor":1,"turns":3},{"damage":11,"enemies":"Jaw Worm","floor":2,"turns":3},{"damage":11,"enemies":"2 Louse","floor":4,"turns":3},{"damage":24,"enemies":"3 Sentries","floor":7,"turns":7},{"damage":0,"enemies":"Exordium Wildlife","floor":12,"turns":2},{"damage":0,"enemies":"Looter","floor":13,"turns":2},{"damage":14,"enemies":"Lots of Slimes","floor":14,"turns":2},{"damage":21,"enemies":"Hexaghost","floor":16,"turns":8},{"damage":14,"enemies":"2 Thieves","floor":18,"turns":4},{"damage":0,"enemies":"3 Byrds","floor":19,"turns":2},{"damage":8,"enemies":"Book of Stabbing","floor":24,"turns":3},{"damage":9,"enemies":"Snecko","floor":27,"turns":4},{"damage":18,"enemies":"Snake Plant","floor":29,"turns":2},{"damage":21,"enemies":"Slavers","floor":30,"turns":4},{"damage":4,"enemies":"Centurion and Healer","floor":31,"turns":4},{"damage":33,"enemies":"Automaton","floor":33,"turns":6}],"seed_played":"4720839222103415788","potions_obtained":[{"floor":2,"key":"DuplicationPotion"},{"floor":7,"key":"Energy Potion"},{"floor":12,"key":"Fruit Juice"},{"floor":18,"key":"sneckomod:MuddlingPotion"},{"floor":29,"key":"bronze:BurnAndBuffPotion"},{"floor":30,"key":"SpeedPotion"}],"is_trial":false,"path_per_floor":["M","M","?","M","?","R","E","R","T","$","R","M","M","M","R","B",null,"M","M","$","?","?","R","E","$","T","M","R","M","E","M","R","B"],"character_chosen":"THE_STARBREAKER","items_purchased":["Moonworks:IndiscriminateFireSupport","Bandage Up","Molten Egg 2"],"campfire_rested":2,"item_purchase_floors":[10,20,25],"current_hp_per_floor":[60,49,49,38,26,44,20,38,38,38,38,48,48,34,34,15,65,51,51,51,51,51,51,57,57,57,48,48,34,22,22,22,0,0],"gold":79,"neow_bonus":"RANDOM_COLORLESS","is_daily":false,"chose_seed":false,"campfire_upgraded":5,"win_rate":0.0,"timestamp":1611371980,"path_taken":["M","M","?","M","?","R","E","R","T","?","R","M","M","M","R","BOSS","M","M","$","?","?","R","E","$","T","M","R","M","E","M","R","BOSS"],"items_purchased_type":["Card","Card","Relic"],"build_version":"2020-12-22","purchased_purges":1,"victory":false,"max_hp_per_floor":[60,60,60,60,60,60,60,60,60,60,60,65,65,65,65,65,65,65,65,65,65,65,65,65,65,65,65,65,65,65,65,65,65,65],"card_choices":[{"not_picked":["Forethought","Jack Of All Trades"],"picked":"Trip","floor":0},{"not_picked":["Moonworks:StiffCrystal","Moonworks:Dinner"],"picked":"Moonworks:CloudOfSeagulls","floor":1},{"not_picked":["Moonworks:ImOnFire","Moonworks:EvilSpyWorkPreparation"],"picked":"Moonworks:Assault","floor":2},{"not_picked":["Moonworks:BigMagnum","Moonworks:LulusLuckyEgg"],"picked":"Moonworks:NicePresent","floor":4},{"not_picked":["Moonworks:TacticalRetreat","Moonworks:Gamble"],"picked":"Moonworks:LulusLuckyEgg","floor":7},{"not_picked":["Moonworks:LulusLuckyEgg","Moonworks:BigBangBell"],"picked":"Moonworks:FullSpeedAlicianrone","floor":12},{"not_picked":["Moonworks:BigMagnum","Moonworks:ImOnFire"],"picked":"Moonworks:WindyEnchantment","floor":13},{"not_picked":["Moonworks:SelfDestruct","Moonworks:Assault"],"picked":"Moonworks:SakisCookie","floor":14},{"not_picked":["Moonworks:SinkOrSwim","Moonworks:GoAway"],"picked":"Moonworks:AnotherUltimateWeapon","floor":16},{"not_picked":["Moonworks:LulusLuckyEgg","Moonworks:Flamethrower"],"picked":"Moonworks:FinalSurgery","floor":18},{"not_picked":["Moonworks:LulusLuckyEgg+1","Moonworks:IndiscriminateFireSupport+1"],"picked":"Moonworks:CloudOfSeagulls","floor":19},{"not_picked":["Moonworks:IntelligenceOfficer","Moonworks:IndiscriminateFireSupport","Moonworks:DeployBits"],"picked":"SKIP","floor":24},{"not_picked":["Moonworks:Assault+1","Moonworks:IndiscriminateFireSupport+1"],"picked":"Moonworks:NicePresent","floor":27},{"not_picked":["Moonworks:SealedMemories","Moonworks:MixPhenomenon"],"picked":"Moonworks:JonathanRush+1","floor":29},{"not_picked":["Moonworks:EvilSpyWorkPreparation","Moonworks:BindingChains+1"],"picked":"Moonworks:JonathanRush+1","floor":30},{"not_picked":["Moonworks:StiffCrystal+1","Moonworks:RagingMadness"],"picked":"Moonworks:MetallicMonocoque","floor":31}],"player_experience":1414403,"relics_obtained":[{"floor":7,"key":"Boot"},{"floor":9,"key":"Toy Ornithopter"},{"floor":24,"key":"Whetstone"},{"floor":24,"key":"Sundial"},{"floor":26,"key":"Mummified Hand"},{"floor":30,"key":"Omamori"},{"floor":30,"key":"Regal Pillow"}],"event_choices":[{"damage_healed":0,"gold_gain":175,"player_choice":"AGREE","damage_taken":0,"max_hp_gain":0,"max_hp_loss":0,"event_name":"Liars Game","floor":3,"gold_loss":0,"cards_obtained":["Doubt"]},{"damage_healed":0,"gold_gain":0,"player_choice":"Entered Light","damage_taken":12,"max_hp_gain":0,"max_hp_loss":0,"event_name":"Shining Light","floor":5,"gold_loss":0,"cards_upgraded":["Moonworks:Strike","Moonworks:Ambush"]},{"damage_healed":0,"gold_gain":0,"player_choice":"Inject Mutagens","damage_taken":0,"relics_obtained":["MutagenicStrength"],"max_hp_gain":0,"max_hp_loss":0,"event_name":"Drug Dealer","floor":21,"gold_loss":0},{"damage_healed":0,"gold_gain":99,"player_choice":"Stole From Cult","damage_taken":0,"max_hp_gain":0,"max_hp_loss":0,"event_name":"Nest","floor":22,"gold_loss":0}],"is_beta":false,"boss_relics":[{"not_picked":["Ectoplasm","construct:ClawGrip"],"picked":"Black Star"}],"items_purged_floors":[10],"is_endless":false,"potions_floor_spawned":[2,7,12,18,29,30],"killed_by":"Automaton","ascension_level":4}}