{"host":"efyizcsfl4z2taeg","time":1611428310,"event":{"mods":["BaseMod","Colored Map","Downfall","Hermit","Highlight Path","Infinite Spire","Marisa????????","Minty Spire (QoL Compilation)","Replay The Spire","StSLib","The Animator","The Cursed","The Disciple","The Jungle","The Servant 0.9.4"],"gold_per_floor":[99,117,117,117,117,186,197,227,276,295,95,245,262,273,273,33,43,145,145,145,155,255,269,376,390,390,425,436,436,450,462,489,500,500,500,500],"floor_reached":34,"language":"ENG","playtime":1750,"items_purged":["champ:Strike","champ:Strike"],"score":276,"play_id":"4407d6cd-2401-4aff-9616-02d10eec68b7","local_time":"20210123195830","is_ascension_mode":false,"campfire_choices":[{"floor":1,"key":"RECALL"},{"floor":11,"key":"REST"},{"data":"champ:Taunt","floor":11,"key":"SMITH"},{"floor":15,"key":"REST"},{"data":"champ:BerserkersShout","floor":15,"key":"SMITH"},{"data":"champ:Execute","floor":20,"key":"SMITH"}],"circlet_count":0,"master_deck":["champ:Strike","champ:Strike","champ:Defend","champ:Defend","champ:Defend","champ:Defend","champ:Execute+1","champ:Taunt+1","champ:BerserkersShout+1","champ:StanceDance","champ:CalledShot","champ:Haymaker","champ:StanceDance","champ:FanOfKnives","champ:SwordThrow","champ:Shatter","champ:Devastate","champ:ArenaPreparation","ReplayTheSpireMod:Splinters","champ:EnGarde+1","champ:Shatter+1","champ:BladeFlurry","champ:MurderStrike","champ:ShieldSlam","champ:BringItOn+1","champ:EnGarde","champ:Endure"],"relics":["champ:ChampionCrown","infinitespire:Magic Flask","Pen Nib","downfall:HeartBlessingRed","downfall:HeartBlessingGreen","ClockworkSouvenir","SlaversCollar","Replay:Bottled Snecko","Garlic","ReplayTheSpireMod:EnergyBall","Anchor"],"acts_visited":["Exordium","TheCity"],"potions_floor_usage":[18,27,30,34],"damage_taken":[{"damage":3,"enemies":"Small Slimes","floor":2,"turns":4},{"damage":48,"enemies":"Jaw Worm","floor":7,"turns":4},{"damage":54,"enemies":"Gremlin Nob","floor":8,"turns":5},{"damage":5,"enemies":"2 Louse","floor":10,"turns":2},{"damage":26,"enemies":"Lots of Slimes","floor":13,"turns":4},{"damage":20,"enemies":"Exordium Wildlife","floor":14,"turns":2},{"damage":34,"enemies":"downfall:FleeingMerchant","floor":16,"turns":4},{"damage":11,"enemies":"Red Slaver","floor":17,"turns":2},{"damage":36,"enemies":"IC_STATUS_ARCHETYPE","floor":18,"turns":4},{"damage":17,"enemies":"Shell Parasite","floor":21,"turns":2},{"damage":49,"enemies":"3 Byrds","floor":23,"turns":5},{"damage":71,"enemies":"Cultist and Chosen","floor":25,"turns":6},{"damage":46,"enemies":"Nightmare","floor":27,"turns":6},{"damage":31,"enemies":"Centurion and Healer","floor":28,"turns":5},{"damage":14,"enemies":"Shelled Parasite and Fungi","floor":30,"turns":3},{"damage":22,"enemies":"Chosen and Byrds","floor":31,"turns":4},{"damage":21,"enemies":"Centurion and Healer","floor":33,"turns":6},{"damage":25,"enemies":"Cultist and Chosen","floor":34,"turns":6}],"seed_played":"-2603279651531346710","potions_obtained":[{"floor":8,"key":"SpeedPotion"},{"floor":13,"key":"Fire Potion"},{"floor":17,"key":"Fire Potion"},{"floor":23,"key":"SpeedPotion"},{"floor":25,"key":"Block Potion"},{"floor":27,"key":"Fire Potion"}],"is_trial":false,"path_per_floor":["R","M","?","PTL","PTL","T","M","E","T","M","R","?","M","M","R","$","M","B",null,"R","M","?","M","?","M","T","NM","M","AVR","M","M","T","M","M"],"character_chosen":"THE_CHAMP","items_purchased":["ClockworkSouvenir"],"campfire_rested":2,"item_purchase_floors":[16],"current_hp_per_floor":[99,96,96,96,96,96,78,59,59,59,88,88,77,72,99,95,94,78,99,99,87,87,68,68,42,42,17,15,15,15,12,12,12,0,0,0],"gold":500,"neow_bonus":"TEN_PERCENT_HP_BONUS","is_daily":false,"chose_seed":false,"campfire_upgraded":3,"win_rate":0.0,"timestamp":1611428310,"path_taken":["R","M","?","PTL","PTL","?","M","E","T","M","R","?","M","?","R","$","M","BOSS","R","M","?","?","?","M","T","NM","M","AVR","M","M","?","M","M"],"items_purchased_type":["Relic"],"build_version":"2020-12-22","purchased_purges":2,"victory":false,"max_hp_per_floor":[99,99,99,99,99,99,99,99,99,99,99,99,99,99,99,99,99,99,99,99,99,99,99,99,99,99,99,99,99,99,99,99,99,99,99,99],"card_choices":[{"not_picked":["champ:FancyFootwork","champ:Backstep"],"picked":"champ:BerserkersShout","floor":2},{"not_picked":["champ:BerserkersShout","champ:CalledShot"],"picked":"champ:StanceDance","floor":7},{"not_picked":["champ:EnragedBash","champ:Lariat"],"picked":"champ:CalledShot","floor":8},{"not_picked":["champ:BerserkersShout","champ:PerfectedStrike"],"picked":"champ:Haymaker","floor":10},{"not_picked":["champ:PerfectedStrike","champ:Parry"],"picked":"champ:StanceDance","floor":13},{"not_picked":["champ:StanceDance","champ:CrownThrow"],"picked":"champ:FanOfKnives","floor":14},{"not_picked":["champ:Backstep","champ:Circumvent"],"picked":"champ:SwordThrow","floor":16},{"not_picked":["champ:FaceSlap","champ:Encircle"],"picked":"champ:Shatter","floor":17},{"not_picked":["champ:HoldFirm","champ:StrikeOfGenius"],"picked":"champ:Devastate","floor":18},{"not_picked":["champ:Backstep","champ:FlashCut","champ:SkillfulDodge"],"picked":"SKIP","floor":21},{"not_picked":["champ:Circumvent","champ:FlashCut"],"picked":"champ:ArenaPreparation","floor":23},{"not_picked":["champ:HeavySlash","champ:GladiatorStyle"],"picked":"champ:EnGarde+1","floor":24},{"not_picked":["champ:DefensiveShout","champ:Haymaker"],"picked":"champ:Shatter+1","floor":24},{"not_picked":["champ:StanceDance","champ:PreciseThrust"],"picked":"champ:BladeFlurry","floor":24},{"not_picked":["champ:ShieldSlam","champ:Endure"],"picked":"champ:MurderStrike","floor":25},{"not_picked":["champ:IronFortress","champ:PreciseThrust"],"picked":"champ:ShieldSlam","floor":27},{"not_picked":["champ:EnGarde","champ:CrookedStrike"],"picked":"champ:BringItOn+1","floor":28},{"not_picked":["champ:GutPunch","champ:PreciseThrust+1"],"picked":"champ:EnGarde","floor":30},{"not_picked":["champ:BerserkersShout","champ:FalseCounter"],"picked":"champ:Endure","floor":31},{"not_picked":["champ:FlashCut","champ:StanceDance","champ:Shatter"],"picked":"SKIP","floor":33}],"player_experience":608576,"relics_obtained":[{"floor":6,"key":"Bottled Lightning"},{"floor":8,"key":"infinitespire:Magic Flask"},{"floor":9,"key":"Pen Nib"},{"floor":26,"key":"Replay:Bottled Snecko"},{"floor":27,"key":"Garlic"},{"floor":32,"key":"Anchor"}],"event_choices":[],"is_beta":false,"boss_relics":[{"not_picked":["Replay:Wanted Poster","bronze:MakeshiftBattery"],"picked":"SlaversCollar"}],"items_purged_floors":[16,29],"is_endless":true,"potions_floor_spawned":[8,13,17,23,25,27],"killed_by":"Cultist and Chosen","ascension_level":0}}