{"host":"g01l53quoe6lrer0","time":1611394232,"event":{"mods":["2.2 Compatiblity","AchievementEnabler","BaseMod","Colored Map","Highlight Path","Keyboard Shortcuts","Minty Spire (QoL Compilation)","Permanent Neow","StSLib","SuperFastMode","everything is the same but u backflip on backflip"],"gold_per_floor":[116,41,41,41,57,91,108,128,128,138,46,46,46,59,59,161,161,161,161],"floor_reached":18,"language":"KOR","playtime":566,"items_purged":["Strike_G"],"score":259,"play_id":"d447d368-38b5-40a5-acd8-be174c8cac0d","local_time":"20210123183032","is_ascension_mode":true,"campfire_choices":[{"floor":12.0,"key":"REST"},{"floor":15.0,"key":"REST"}],"circlet_count":0,"master_deck":["AscendersBane","Defend_G","Defend_G","Defend_G","Defend_G","Defend_G+1","Survivor","Neutralize+1","Bouncing Flask","Backflip","Deflect","Crippling Poison","Footwork","Catalyst+1","Caltrops","Blur","Adrenaline","Glass Knife+1","Skewer+1","Night Terror+1"],"relics":["Ring of the Snake","Calipers","Orichalcum","Shuriken","Astrolabe"],"acts_visited":["Exordium","TheCity"],"potions_floor_usage":[16,16],"damage_taken":[{"damage":4.0,"enemies":"Small Slimes","floor":1.0,"turns":5.0},{"damage":0.0,"enemies":"Cultist","floor":5.0,"turns":3.0},{"damage":26.0,"enemies":"3 Sentries","floor":6.0,"turns":11.0},{"damage":0.0,"enemies":"Jaw Worm","floor":7.0,"turns":5.0},{"damage":3.0,"enemies":"Lots of Slimes","floor":8.0,"turns":5.0},{"damage":5.0,"enemies":"Exordium Thugs","floor":10.0,"turns":6.0},{"damage":2.0,"enemies":"2 Fungi Beasts","floor":14.0,"turns":5.0},{"damage":43,"enemies":"Slime Boss","floor":16,"turns":20},{"damage":0,"enemies":"2 Thieves","floor":18,"turns":1}],"seed_played":"4949022496492023685","potions_obtained":[{"floor":1.0,"key":"PowerPotion"},{"floor":6.0,"key":"SpeedPotion"},{"floor":8.0,"key":"EntropicBrew"},{"floor":16,"key":"CunningPotion"}],"is_trial":false,"path_per_floor":["M","$","?","?","M","E","M","M","T","M","$","R","?","M","R","B",null,"M"],"character_chosen":"THE_SILENT","items_purchased":["Caltrops","Poison Potion"],"campfire_rested":2,"item_purchase_floors":[11,11],"current_hp_per_floor":[59,59,46,46,46,20,20,17,17,12,12,30,30,28,46,3,48,48,48],"gold":161,"neow_bonus":"ONE_RARE_RELIC","is_daily":false,"chose_seed":false,"campfire_upgraded":0,"win_rate":0.0,"timestamp":1611394232,"path_taken":["M","$","?","?","M","E","?","M","T","M","?","R","?","M","R","BOSS","M"],"items_purchased_type":["Card","Potion"],"build_version":"2020-12-22","purchased_purges":1,"victory":false,"max_hp_per_floor":[63,63,63,63,63,63,63,63,63,63,63,63,63,63,63,63,63,63,63],"card_choices":[{"not_picked":["Heel Hook","Slice"],"picked":"Bouncing Flask","floor":1.0},{"not_picked":["Sucker Punch","Acrobatics"],"picked":"Backflip","floor":5.0},{"not_picked":["Finisher","Endless Agony"],"picked":"Deflect","floor":6.0},{"not_picked":["PiercingWail","Cloak And Dagger"],"picked":"Crippling Poison","floor":7.0},{"not_picked":["Prepared","Dagger Throw"],"picked":"Footwork","floor":8.0},{"not_picked":["Deadly Poison","Accuracy"],"picked":"Catalyst","floor":10.0},{"not_picked":["Blade Dance","Masterful Stab"],"picked":"Blur","floor":14.0},{"not_picked":["Unload","Die Die Die"],"picked":"Adrenaline","floor":16}],"player_experience":265380,"relics_obtained":[{"floor":6.0,"key":"Orichalcum"},{"floor":9.0,"key":"Shuriken"}],"event_choices":[{"damage_healed":0.0,"max_hp_gain":0.0,"max_hp_loss":0.0,"gold_gain":0.0,"event_name":"Shining Light","player_choice":"Entered Light","floor":3.0,"gold_loss":0.0,"damage_taken":13.0,"cards_upgraded":["Neutralize","Defend_G"]},{"cards_removed":["Strike_G"],"damage_healed":0.0,"max_hp_gain":0.0,"max_hp_loss":0.0,"gold_gain":0.0,"event_name":"Bonfire Elementals","player_choice":"Offered Basic","floor":4.0,"gold_loss":0.0,"damage_taken":0.0},{"damage_healed":0.0,"max_hp_gain":0.0,"max_hp_loss":0.0,"gold_gain":0.0,"event_name":"Accursed Blacksmith","player_choice":"Forge","floor":13.0,"gold_loss":0.0,"damage_taken":0.0,"cards_upgraded":["Catalyst"]}],"is_beta":false,"boss_relics":[{"not_picked":["WristBlade","HoveringKite"],"picked":"Astrolabe"}],"items_purged_floors":[2],"is_endless":false,"potions_floor_spawned":[1,6,8,16],"killed_by":"2 Thieves","ascension_level":12}}