{"host":"39i3emxub3h8uyq3","time":1611384373,"event":{"mods":["BaseMod","Clockwork Mod","Colored Map","Downfall","Glutton Mod","Gold Saver","Minty Spire (QoL Compilation)","StSLib","TheHeartMod"],"gold_per_floor":[116,136,12,26,201,201,216,216,297,324,24,24,24,43,43,145,145,162,112,132,146,146,146,146],"floor_reached":23,"language":"ENG","playtime":1658,"items_purged":["Injury","Doubt"],"score":216,"play_id":"5a91d11a-04be-4f0d-817a-aa0518bc3c25","local_time":"20210123014613","is_ascension_mode":false,"campfire_choices":[{"data":"Armaments","floor":6,"key":"SMITH"},{"floor":8,"key":"REST"},{"data":"Uppercut","floor":13,"key":"SMITH"},{"floor":15,"key":"REST"}],"circlet_count":0,"master_deck":["Strike_R","Strike_R","Strike_R","Strike_R","Strike_R","Defend_R","Defend_R","Defend_R","Defend_R","Bash","Armaments+1","Headbutt","Shrug It Off","Uppercut+1","Headbutt","Shockwave","Cleave","Inflame","Feed","Clothesline","Armaments","Anger","Rampage+1"],"relics":["Burning Blood","Sundial","Bag of Marbles","Regal Pillow","Shuriken","MutagenicStrength"],"acts_visited":["Exordium","TheCity"],"potions_floor_usage":[10,16,16,23],"damage_taken":[{"damage":1,"enemies":"Cultist","floor":1,"turns":4},{"damage":4,"enemies":"Jaw Worm","floor":2,"turns":5},{"damage":5,"enemies":"Small Slimes","floor":4,"turns":3},{"damage":18,"enemies":"Exordium Wildlife","floor":7,"turns":6},{"damage":30,"enemies":"Lagavulin","floor":10,"turns":8},{"damage":1,"enemies":"Red Slaver","floor":14,"turns":5},{"damage":46,"enemies":"Hexaghost","floor":16,"turns":9},{"damage":20,"enemies":"Spheric Guardian","floor":18,"turns":6},{"damage":23,"enemies":"Shell Parasite","floor":20,"turns":9},{"damage":34,"enemies":"Snake Plant","floor":21,"turns":5},{"damage":47,"enemies":"Gremlin Leader","floor":23,"turns":4}],"seed_played":"1801824703181265516","potions_obtained":[{"floor":1,"key":"sneckomod:MuddlingPotion"},{"floor":4,"key":"Dexterity Potion"},{"floor":7,"key":"sneckomod:MuddlingPotion"},{"floor":10,"key":"Explosive Potion"},{"floor":14,"key":"Dexterity Potion"},{"floor":18,"key":"LiquidBronze"},{"floor":20,"key":"EssenceOfSteel"},{"floor":21,"key":"AttackPotion"}],"is_trial":false,"path_per_floor":["M","M","$","M","?","R","M","R","T","E","$","?","R","M","R","B",null,"M","$","M","M","?","E"],"character_chosen":"IRONCLAD","items_purchased":["Shrug It Off","Regal Pillow","Cleave","Armaments"],"campfire_rested":2,"item_purchase_floors":[3,11,11,19],"current_hp_per_floor":[96,96,96,96,96,96,84,96,96,72,72,72,72,77,96,56,96,82,82,65,37,37,0,0],"gold":146,"neow_bonus":"TWENTY_PERCENT_HP_BONUS","is_daily":false,"chose_seed":false,"campfire_upgraded":2,"win_rate":0.0,"timestamp":1611384373,"path_taken":["M","M","$","M","?","R","M","R","T","E","$","?","R","?","R","BOSS","M","$","M","M","?","E"],"items_purchased_type":["Card","Relic","Card","Card"],"build_version":"2020-12-22","purchased_purges":2,"victory":false,"max_hp_per_floor":[96,96,96,96,96,96,96,96,96,96,96,96,96,96,96,96,96,96,96,96,96,96,96,96],"card_choices":[{"not_picked":["Sword Boomerang","Power Through"],"picked":"Armaments","floor":1},{"not_picked":["Bloodletting","Burning Pact"],"picked":"Headbutt","floor":2},{"not_picked":["Carnage","Headbutt"],"picked":"Uppercut","floor":4},{"not_picked":["Spot Weakness","Reckless Charge"],"picked":"Headbutt","floor":7},{"not_picked":["Blood for Blood","True Grit"],"picked":"Shockwave","floor":10},{"not_picked":["Clash","Twin Strike"],"picked":"Inflame","floor":14},{"not_picked":["Offering","Impervious"],"picked":"Feed","floor":16},{"not_picked":["Clash","Thunderclap"],"picked":"Clothesline","floor":18},{"not_picked":["Armaments","Warcry"],"picked":"Anger","floor":20},{"not_picked":["Headbutt","Disarm"],"picked":"Rampage+1","floor":21}],"player_experience":19302,"relics_obtained":[{"floor":9,"key":"Sundial"},{"floor":10,"key":"Bag of Marbles"}],"event_choices":[{"damage_healed":0,"gold_gain":175,"player_choice":"AGREE","damage_taken":0,"max_hp_gain":0,"max_hp_loss":0,"event_name":"Liars Game","floor":5,"gold_loss":0,"cards_obtained":["Doubt"]},{"damage_healed":0,"gold_gain":0,"player_choice":"Gave Potion","damage_taken":0,"relics_obtained":["Shuriken"],"max_hp_gain":0,"max_hp_loss":0,"event_name":"WeMeetAgain","floor":12,"gold_loss":0},{"damage_healed":0,"gold_gain":0,"player_choice":"Inject Mutagens","damage_taken":0,"relics_obtained":["MutagenicStrength"],"max_hp_gain":0,"max_hp_loss":0,"event_name":"Drug Dealer","floor":22,"gold_loss":0}],"is_beta":false,"boss_relics":[{"not_picked":["Velvet Choker","Philosopher\u0027s Stone","Ectoplasm"]}],"items_purged_floors":[3,11],"is_endless":false,"potions_floor_spawned":[1,4,7,10,14,18,20,21],"killed_by":"Gremlin Leader","ascension_level":0}}