{"host":"jscggscbx0p7706o","time":1611381012,"event":{"mods":["AchievementEnabler","BaseMod","Block Reminder","Colored Powertips","Filter the Spire","Minty Spire (QoL Compilation)","Permanent Neow","Quick Restart","StSLib"],"gold_per_floor":[110,260,260,279,11,11,40,54,54,64,64,89,139,155,155,232,232,244,254,27,27,40,40,65,85,15,15,15,40,56,56,91,119,119,119,205,205,232,47,62,62,62,73,73,98,107,7,42,42,66,66,91,91,91,91,91,91,91,131,131],"floor_reached":61,"language":"ENG","playtime":3971,"items_purged":["Strike_G","Decay","Clumsy"],"score":2146,"play_id":"126c1f3b-7a47-4329-8e97-edf0819f4990","local_time":"20210123135012","is_ascension_mode":true,"campfire_choices":[{"data":"Neutralize","floor":6.0,"key":"SMITH"},{"data":"Burst","floor":11.0,"key":"SMITH"},{"floor":15.0,"key":"REST"},{"data":"Venomology","floor":23.0,"key":"SMITH"},{"data":"Footwork","floor":28.0,"key":"SMITH"},{"data":"Noxious Fumes","floor":31.0,"key":"SMITH"},{"data":"Well Laid Plans","floor":34.0,"key":"SMITH"},{"data":"Dodge and Roll","floor":35.0,"key":"SMITH"},{"floor":44.0,"key":"RECALL"},{"data":"Caltrops","floor":49.0,"key":"SMITH"},{"data":"PiercingWail","floor":51.0,"key":"SMITH"},{"data":"After Image","floor":53.0,"key":"SMITH"},{"data":"Blur","floor":54.0,"key":"SMITH"},{"data":"Dodge and Roll","floor":57.0,"key":"SMITH"}],"circlet_count":0,"master_deck":["AscendersBane","Survivor","Neutralize+1","Skewer+1","Flying Knee+1","Well Laid Plans+1","Dagger Spray+1","Burst+1","Blur+1","Backstab+1","Venomology+1","Dash+1","Backflip","Noxious Fumes+1","Acrobatics","Backflip+1","Footwork+1","Dodge and Roll+1","Noxious Fumes+1","After Image+1","PiercingWail+1","Deflect","Dodge and Roll+1","Escape Plan","Caltrops+1","Parasite","Noxious Fumes"],"relics":["Calling Bell","Toy Ornithopter","Molten Egg 2","Du-Vu Doll","Anchor","Eternal Feather","Letter Opener","Oddly Smooth Stone","Cursed Key","The Courier","Boot","CeramicFish","Pandora\u0027s Box","Bag of Marbles","InkBottle","Ice Cream","Vajra"],"acts_visited":["Exordium","TheCity","TheBeyond","TheEnding"],"potions_floor_usage":[60,60,60],"damage_taken":[{"damage":4.0,"enemies":"Small Slimes","floor":1.0,"turns":5.0},{"damage":9.0,"enemies":"Jaw Worm","floor":4.0,"turns":4.0},{"damage":19.0,"enemies":"Gremlin Nob","floor":7.0,"turns":4.0},{"damage":0.0,"enemies":"Cultist","floor":8.0,"turns":3.0},{"damage":2.0,"enemies":"Exordium Wildlife","floor":10.0,"turns":3.0},{"damage":5.0,"enemies":"3 Sentries","floor":12.0,"turns":6.0},{"damage":0.0,"enemies":"Lots of Slimes","floor":14.0,"turns":1.0},{"damage":15.0,"enemies":"The Guardian","floor":16.0,"turns":11.0},{"damage":0.0,"enemies":"Spheric Guardian","floor":18.0,"turns":3.0},{"damage":3.0,"enemies":"3 Byrds","floor":19.0,"turns":5.0},{"damage":0.0,"enemies":"Snake Plant","floor":22.0,"turns":3.0},{"damage":5.0,"enemies":"Book of Stabbing","floor":24.0,"turns":7.0},{"damage":0.0,"enemies":"Chosen and Byrds","floor":25.0,"turns":7.0},{"damage":8.0,"enemies":"Gremlin Leader","floor":29.0,"turns":7.0},{"damage":0.0,"enemies":"Centurion and Healer","floor":30.0,"turns":6.0},{"damage":0.0,"enemies":"Book of Stabbing","floor":32.0,"turns":7.0},{"damage":0.0,"enemies":"Shelled Parasite and Fungi","floor":33.0,"turns":5.0},{"damage":4.0,"enemies":"Automaton","floor":36.0,"turns":10.0},{"damage":1.0,"enemies":"3 Darklings","floor":38.0,"turns":5.0},{"damage":0.0,"enemies":"Orb Walker","floor":40.0,"turns":4.0},{"damage":0.0,"enemies":"Maw","floor":43.0,"turns":9.0},{"damage":0.0,"enemies":"Giant Head","floor":45.0,"turns":11.0},{"damage":11.0,"enemies":"Reptomancer","floor":48.0,"turns":8.0},{"damage":2.0,"enemies":"Writhing Mass","floor":50.0,"turns":7.0},{"damage":0.0,"enemies":"Mind Bloom Boss Battle","floor":52.0,"turns":6.0},{"damage":14.0,"enemies":"Awakened One","floor":55.0,"turns":16.0},{"damage":1.0,"enemies":"Shield and Spear","floor":59.0,"turns":8.0},{"damage":57,"enemies":"The Heart","floor":60,"turns":12}],"seed_played":"6367216766277620562","potions_obtained":[{"floor":4.0,"key":"LiquidMemories"},{"floor":8.0,"key":"EssenceOfSteel"},{"floor":24.0,"key":"LiquidMemories"}],"is_trial":false,"path_per_floor":["M","?","?","M","$","R","E","M","T","M","R","E","?","M","R","B",null,"M","M","$","?","M","R","E","M","$","T","R","E","M","R","E","M","R","R","B",null,"M","$","M","?","?","M","R","E","T","$","E","R","M","R","?","R","R","B",null,"R","$","E","B",null],"character_chosen":"THE_SILENT","items_purchased":["Flying Knee+1","Anchor","Well Laid Plans","Backflip","Noxious Fumes","Acrobatics","Footwork","Deflect","Dodge and Roll","Escape Plan"],"campfire_rested":1,"item_purchase_floors":[5,5,5,20,20,20,26,39,39,39],"current_hp_per_floor":[55,55,55,46,46,46,27,27,27,25,34,29,23,23,54,39,59,59,61,61,61,61,66,66,66,66,66,66,58,58,66,66,66,66,66,66,66,65,65,65,63,63,63,63,63,63,63,52,63,61,63,63,63,63,49,60,63,63,62,11],"gold":131,"neow_bonus":"BOSS_RELIC","is_daily":false,"chose_seed":false,"campfire_upgraded":12,"win_rate":0.0,"timestamp":1611381012,"path_taken":["M","?","?","M","$","R","E","M","T","?","R","E","?","M","R","BOSS","M","M","?","?","M","R","E","?","$","T","R","E","M","R","E","M","R","R","BOSS","M","$","M","?","?","M","R","E","T","$","E","R","?","R","?","R","R","BOSS","R","$","E","BOSS"],"items_purchased_type":["Card","Relic","Card","Card","Card","Card","Card","Card","Card","Card"],"build_version":"2020-12-22","purchased_purges":3,"victory":true,"max_hp_per_floor":[66,66,66,66,66,66,66,66,66,66,66,66,66,66,66,66,66,66,66,66,66,66,66,66,66,66,66,66,66,66,66,66,66,66,66,66,66,66,66,66,63,63,63,63,63,63,63,63,63,63,63,63,63,63,63,63,63,63,63,63],"card_choices":[{"not_picked":["Outmaneuver","Prepared"],"picked":"Skewer+1","floor":1.0},{"not_picked":["Deadly Poison","Masterful Stab+1"],"picked":"Slice+1","floor":4.0},{"not_picked":["Deadly Poison","Endless Agony+1"],"picked":"Dagger Spray+1","floor":7.0},{"not_picked":["Flechettes+1","Cloak And Dagger"],"picked":"Burst","floor":8.0},{"not_picked":["Acrobatics","Reflex","Distraction"],"picked":"SKIP","floor":10.0},{"not_picked":["Burst","Blade Dance"],"picked":"Blur","floor":12.0},{"not_picked":["Reflex","Flying Knee+1"],"picked":"Backstab+1","floor":14.0},{"not_picked":["Wraith Form v2","Grand Finale+1"],"picked":"Venomology","floor":16.0},{"not_picked":["Masterful Stab+1","Underhanded Strike+1","Sucker Punch+1"],"picked":"SKIP","floor":18.0},{"not_picked":["Catalyst","Deflect"],"picked":"Dash+1","floor":19.0},{"not_picked":["Underhanded Strike+1","Poisoned Stab+1","Outmaneuver"],"picked":"SKIP","floor":22.0},{"not_picked":["Dagger Throw+1","Underhanded Strike+1","Flechettes+1"],"picked":"SKIP","floor":24.0},{"not_picked":["Storm of Steel","PiercingWail"],"picked":"Backflip+1","floor":25.0},{"not_picked":["Outmaneuver","Concentrate","Terror"],"picked":"SKIP","floor":29.0},{"not_picked":["Outmaneuver","Calculated Gamble","Bane+1"],"picked":"SKIP","floor":30.0},{"not_picked":["Riddle With Holes+1","Deadly Poison"],"picked":"Dodge and Roll","floor":32.0},{"not_picked":["Blade Dance","After Image"],"picked":"Noxious Fumes+1","floor":33.0},{"not_picked":["Venomology","Phantasmal Killer"],"picked":"After Image","floor":36.0},{"not_picked":["Flying Knee+1","Acrobatics"],"picked":"PiercingWail","floor":38.0},{"not_picked":["Setup+1","Outmaneuver","Blade Dance+1"],"picked":"SKIP","floor":40.0},{"not_picked":["Concentrate","Blade Dance","Slice+1"],"picked":"SKIP","floor":43.0},{"not_picked":["PiercingWail+1","Quick Slash+1","Escape Plan"],"picked":"SKIP","floor":45.0},{"not_picked":["Dash+1","Riddle With Holes+1"],"picked":"Caltrops","floor":48.0},{"not_picked":["Distraction","Skewer+1","Slice+1"],"picked":"SKIP","floor":50.0},{"not_picked":["Dagger Spray+1","Malaise"],"picked":"Noxious Fumes","floor":59.0}],"player_experience":341539,"relics_obtained":[{"floor":0.0,"key":"Toy Ornithopter"},{"floor":0.0,"key":"Molten Egg 2"},{"floor":0.0,"key":"Du-Vu Doll"},{"floor":7.0,"key":"Eternal Feather"},{"floor":9.0,"key":"Letter Opener"},{"floor":12.0,"key":"Oddly Smooth Stone"},{"floor":24.0,"key":"The Courier"},{"floor":29.0,"key":"Boot"},{"floor":32.0,"key":"CeramicFish"},{"floor":45.0,"key":"Bag of Marbles"},{"floor":48.0,"key":"InkBottle"},{"floor":52.0,"key":"Ice Cream"},{"floor":59.0,"key":"Vajra"}],"event_choices":[{"damage_healed":0.0,"max_hp_gain":0.0,"max_hp_loss":0.0,"gold_gain":150.0,"event_name":"Liars Game","player_choice":"AGREE","floor":2.0,"gold_loss":0.0,"damage_taken":0.0,"cards_obtained":["Doubt"]},{"cards_removed":["Doubt"],"damage_healed":0.0,"max_hp_gain":0.0,"max_hp_loss":0.0,"gold_gain":0.0,"event_name":"Fountain of Cleansing","player_choice":"Removed Curses","floor":3.0,"gold_loss":0.0,"damage_taken":0.0},{"damage_healed":0.0,"max_hp_gain":0.0,"max_hp_loss":0.0,"gold_gain":50.0,"event_name":"FaceTrader","player_choice":"Touch","floor":13.0,"gold_loss":0.0,"damage_taken":6.0},{"damage_healed":0.0,"max_hp_gain":0.0,"max_hp_loss":0.0,"gold_gain":0.0,"event_name":"Wheel of Change","player_choice":"Cursed","floor":21.0,"gold_loss":0.0,"damage_taken":0.0,"cards_obtained":["Decay"]},{"damage_healed":0.0,"max_hp_gain":0.0,"max_hp_loss":3.0,"gold_gain":0.0,"event_name":"Winding Halls","player_choice":"Max HP","floor":41.0,"gold_loss":0.0,"damage_taken":0.0},{"cards_removed":["Slice"],"damage_healed":0.0,"max_hp_gain":0.0,"max_hp_loss":0.0,"gold_gain":0.0,"event_name":"Purifier","player_choice":"Purged","floor":42.0,"gold_loss":0.0,"damage_taken":0.0},{"damage_healed":0.0,"max_hp_gain":0.0,"max_hp_loss":0.0,"gold_gain":0.0,"event_name":"MindBloom","player_choice":"Fight","floor":52.0,"gold_loss":0.0,"damage_taken":0.0}],"is_beta":false,"boss_relics":[{"not_picked":["Snecko Eye","Sozu"],"picked":"Cursed Key"},{"not_picked":["Runic Dome","Empty Cage"],"picked":"Pandora\u0027s Box"}],"items_purged_floors":[20,39,47],"is_endless":false,"potions_floor_spawned":[4,8,14,16,19,22,24,29,32,38,40,50],"ascension_level":17}}