{"host":"78zdngn0u28jm0pp","time":1611441405,"event":{"mods":["BaseMod","Jorbs\u0027s Wanderer Trilogy","Minty Spire (QoL Compilation)","Permanent Neow","Quick Restart","Relic Stats","StSLib","Unceasing Turn Reminder"],"gold_per_floor":[114,128,78,97,20,20,35,68,68,68,100,100,134,134,134,236,236,255,275,20,35,50,85,95,120,132,144,156,180,220,247,259,376,388,419,450,462,494,523,568,429,446,470,496,496,526,526,526,526,526,526,526,77,109,109],"floor_reached":56,"language":"ENG","playtime":5920,"items_purged":["Strike_R","Strike_R","Strike_R"],"score":2053,"play_id":"105d88eb-1fb7-4f39-9ecc-1437157e1749","local_time":"20210123153645","is_ascension_mode":true,"campfire_choices":[{"data":"Bash","floor":6,"key":"SMITH"},{"floor":12,"key":"REST"},{"data":"Berserk","floor":15,"key":"SMITH"},{"floor":28,"key":"REST"},{"floor":32,"key":"RECALL"},{"data":"Corruption","floor":45,"key":"SMITH"},{"data":"Burning Pact","floor":49,"key":"SMITH"},{"data":"Warcry","floor":52,"key":"SMITH"}],"circlet_count":0,"master_deck":["Defend_R","Defend_R","Defend_R","Defend_R","Bash+1","Headbutt","Berserk+1","Shrug It Off","Sword Boomerang","Clash","Corruption+1","Second Wind","Fiend Fire","True Grit+1","Burning Pact+1","Shrug It Off","Shrug It Off","Havoc","True Grit+1","Dramatic Entrance","Dark Shackles","Burning Pact+1","Warcry+1","Warcry","Dark Embrace","Thinking Ahead","Shrug It Off","Body Slam"],"relics":["Black Star","Incense Burner","Dead Branch","Turnip","Orichalcum","Singing Bowl","Pear","Pen Nib","Busted Crown","Membership Card","Bronze Scales","HornCleat","Prayer Wheel","MawBank","InkBottle","Pantograph","Unceasing Top","Philosopher\u0027s Stone","Shuriken","White Beast Statue","ClockworkSouvenir","Regal Pillow","Ginger","Red Skull","Art of War","Boot","Lantern","Blood Vial","Lee\u0027s Waffle","Mango","Ornamental Fan"],"acts_visited":["Exordium","TheCity","TheBeyond","TheEnding"],"potions_floor_usage":[7,16,19,25,25,42,54,55,55,55],"damage_taken":[{"damage":2,"enemies":"Small Slimes","floor":1,"turns":4},{"damage":0,"enemies":"2 Louse","floor":2,"turns":3},{"damage":7,"enemies":"Jaw Worm","floor":4,"turns":3},{"damage":5,"enemies":"Large Slime","floor":7,"turns":5},{"damage":17,"enemies":"Lagavulin","floor":8,"turns":6},{"damage":26,"enemies":"Gremlin Nob","floor":11,"turns":4},{"damage":14,"enemies":"3 Sentries","floor":13,"turns":5},{"damage":0,"enemies":"The Guardian","floor":16,"turns":6},{"damage":0,"enemies":"Chosen","floor":18,"turns":3},{"damage":9,"enemies":"Shell Parasite","floor":19,"turns":3},{"damage":9,"enemies":"Centurion and Healer","floor":21,"turns":3},{"damage":0,"enemies":"Cultist and Chosen","floor":22,"turns":4},{"damage":1,"enemies":"Gremlin Leader","floor":23,"turns":5},{"damage":11,"enemies":"Snake Plant","floor":24,"turns":3},{"damage":16,"enemies":"Book of Stabbing","floor":25,"turns":4},{"damage":20,"enemies":"Shelled Parasite and Fungi","floor":29,"turns":3},{"damage":23,"enemies":"Slavers","floor":30,"turns":3},{"damage":1,"enemies":"3 Cultists","floor":31,"turns":2},{"damage":0,"enemies":"Automaton","floor":33,"turns":5},{"damage":0,"enemies":"3 Shapes","floor":35,"turns":2},{"damage":3,"enemies":"Orb Walker","floor":36,"turns":4},{"damage":0,"enemies":"Jaw Worm Horde","floor":38,"turns":4},{"damage":12,"enemies":"Writhing Mass","floor":39,"turns":3},{"damage":0,"enemies":"Nemesis","floor":40,"turns":9},{"damage":3,"enemies":"Transient","floor":42,"turns":5},{"damage":0,"enemies":"Reptomancer","floor":44,"turns":2},{"damage":0,"enemies":"Nemesis","floor":46,"turns":3},{"damage":6,"enemies":"Awakened One","floor":50,"turns":3},{"damage":29,"enemies":"Shield and Spear","floor":54,"turns":4},{"damage":15,"enemies":"The Heart","floor":55,"turns":4}],"seed_played":"7677183907334724793","potions_obtained":[{"floor":4,"key":"Explosive Potion"},{"floor":11,"key":"LiquidBronze"},{"floor":13,"key":"Fire Potion"},{"floor":16,"key":"Weak Potion"},{"floor":23,"key":"DuplicationPotion"},{"floor":24,"key":"SteroidPotion"},{"floor":29,"key":"BloodPotion"},{"floor":30,"key":"LiquidBronze"},{"floor":31,"key":"Energy Potion"},{"floor":38,"key":"Strength Potion"},{"floor":42,"key":"SkillPotion"},{"floor":54,"key":"Block Potion"}],"is_trial":false,"path_per_floor":["M","M","?","M","$","R","M","E","T","?","E","R","E","T","R","B",null,"M","M","$","M","M","E","M","E","T","?","R","M","E","M","R","B",null,"M","M","?","M","M","E","$","M","T","E","R","E","?","?","R","B",null,"R","$","E","B",null],"character_chosen":"IRONCLAD","items_purchased":["Shrug It Off","Sword Boomerang","Membership Card","Burning Pact","Shrug It Off","Warcry","ClockworkSouvenir","Dark Embrace","Thinking Ahead","SkillPotion","Lantern","Blood Vial","Lee\u0027s Waffle","Shrug It Off"],"campfire_rested":2,"item_purchase_floors":[5,5,20,20,20,41,41,53,53,53,53,53,53,53],"current_hp_per_floor":[78,78,78,71,71,71,66,49,49,54,28,53,51,51,51,51,86,86,79,79,72,74,75,64,50,50,50,82,64,43,46,46,73,106,108,109,101,103,95,97,97,96,96,98,98,100,100,100,100,119,134,134,146,131,160],"gold":109,"neow_bonus":"BOSS_RELIC","is_daily":false,"chose_seed":false,"campfire_upgraded":5,"win_rate":0.0,"timestamp":1611441405,"path_taken":["M","M","?","M","$","R","M","E","T","?","E","R","E","?","R","BOSS","M","M","$","M","M","E","M","E","T","?","R","M","E","?","R","BOSS","M","M","?","M","M","E","$","M","T","E","R","E","?","?","R","BOSS","R","$","E","BOSS"],"items_purchased_type":["Card","Card","Relic","Card","Card","Card","Relic","Card","Card","Potion","Relic","Relic","Relic","Card"],"build_version":"2020-12-22","purchased_purges":3,"victory":true,"max_hp_per_floor":[80,80,80,80,80,80,80,80,80,85,85,85,97,97,97,97,97,97,99,99,101,103,105,105,107,107,107,107,109,111,115,115,117,117,119,123,125,127,131,133,133,135,135,137,137,139,139,139,139,139,139,139,146,160,160],"relic_stats":{"Regal Pillow":0,"Lee\u0027s Waffle":12,"Singing Bowl":44,"counters":[30,117],"Dead Branch":[779],"Pen Nib":[21],"Ginger":[2],"Orichalcum":[48],"MawBank":192,"Boot":[0],"Blood Vial":2,"Busted Crown":60,"Shuriken":[14],"Ornamental Fan":[16],"Bronze Scales":[240],"Pantograph":75,"Prayer Wheel":7,"Turnip":[8],"Black Star":10,"Art of War":[0],"obtain_stats":[{"Regal Pillow":43,"Lantern":53,"Singing Bowl":11,"Mango":54,"Incense Burner":8,"Ginger":44,"Boot":46,"Burning Blood":0,"ClockworkSouvenir":41,"Blood Vial":53,"HornCleat":23,"Pantograph":30,"Prayer Wheel":25,"Philosopher\u0027s Stone":34,"InkBottle":26,"Red Skull":44,"Lee\u0027s Waffle":53,"Pear":13,"Dead Branch":8,"Pen Nib":13,"Orichalcum":11,"MawBank":25,"White Beast Statue":40,"Busted Crown":17,"Shuriken":40,"Ornamental Fan":54,"Bronze Scales":23,"Turnip":9,"Black Star":0,"Art of War":46,"Membership Card":20,"Unceasing Top":30},{"Regal Pillow":25,"Lantern":28,"Singing Bowl":6,"Mango":29,"Incense Burner":5,"Ginger":26,"Boot":27,"Burning Blood":0,"ClockworkSouvenir":24,"Blood Vial":28,"HornCleat":13,"Pantograph":17,"Prayer Wheel":15,"Philosopher\u0027s Stone":19,"InkBottle":15,"Red Skull":26,"Lee\u0027s Waffle":28,"Pear":7,"Dead Branch":5,"Pen Nib":7,"Orichalcum":6,"MawBank":15,"White Beast Statue":24,"Busted Crown":8,"Shuriken":24,"Ornamental Fan":29,"Bronze Scales":13,"Turnip":5,"Black Star":0,"Art of War":27,"Membership Card":10,"Unceasing Top":17},{"Regal Pillow":101,"Lantern":109,"Singing Bowl":25,"Mango":113,"Incense Burner":21,"Ginger":103,"Boot":106,"Burning Blood":0,"ClockworkSouvenir":96,"Blood Vial":109,"HornCleat":54,"Pantograph":67,"Prayer Wheel":61,"Philosopher\u0027s Stone":74,"InkBottle":61,"Red Skull":103,"Lee\u0027s Waffle":109,"Pear":30,"Dead Branch":21,"Pen Nib":30,"Orichalcum":25,"MawBank":61,"White Beast Statue":96,"Busted Crown":36,"Shuriken":96,"Ornamental Fan":113,"Bronze Scales":54,"Turnip":21,"Black Star":0,"Art of War":106,"Membership Card":42,"Unceasing Top":67}],"InkBottle":[50],"Unceasing Top":[0]},"card_choices":[{"not_picked":["Anger","Entrench"],"picked":"Headbutt","floor":1},{"not_picked":["Pommel Strike","Spot Weakness"],"picked":"Berserk","floor":2},{"not_picked":["Body Slam","Flex","Inflame"],"picked":"SKIP","floor":4},{"not_picked":["Combust","Pommel Strike"],"picked":"Clash","floor":7},{"not_picked":["Pommel Strike","Twin Strike"],"picked":"Corruption","floor":8},{"not_picked":["Heavy Blade","Whirlwind"],"picked":"Second Wind","floor":11},{"not_picked":["Entrench","Iron Wave","Searing Blow"],"picked":"Singing Bowl","floor":13},{"not_picked":["Offering","Demon Form"],"picked":"Fiend Fire","floor":16},{"not_picked":[],"picked":"True Grit+1","floor":18},{"not_picked":["Thunderclap"],"picked":"Singing Bowl","floor":19},{"not_picked":["Cleave+1"],"picked":"Singing Bowl","floor":21},{"not_picked":["Twin Strike+1"],"picked":"Singing Bowl","floor":22},{"not_picked":["Corruption"],"picked":"Singing Bowl","floor":23},{"not_picked":[],"picked":"Shrug It Off","floor":24},{"not_picked":["Metallicize"],"picked":"Singing Bowl","floor":25},{"not_picked":["Shrug It Off"],"picked":"Singing Bowl","floor":29},{"not_picked":[],"picked":"Havoc","floor":29},{"not_picked":["Flex"],"picked":"Singing Bowl","floor":30},{"not_picked":["Power Through"],"picked":"Singing Bowl","floor":31},{"not_picked":["Juggernaut"],"picked":"Singing Bowl","floor":31},{"not_picked":["Limit Break"],"picked":"Singing Bowl","floor":33},{"not_picked":["Iron Wave"],"picked":"Singing Bowl","floor":35},{"not_picked":[],"picked":"True Grit+1","floor":35},{"not_picked":["Reckless Charge+1"],"picked":"Singing Bowl","floor":36},{"not_picked":["Evolve"],"picked":"Singing Bowl","floor":36},{"not_picked":[],"picked":"Dramatic Entrance","floor":37},{"not_picked":[],"picked":"Dark Shackles","floor":37},{"not_picked":["Blind"],"picked":"Singing Bowl","floor":37},{"not_picked":[],"picked":"Burning Pact+1","floor":38},{"not_picked":["Headbutt"],"picked":"Singing Bowl","floor":38},{"not_picked":["Evolve"],"picked":"Singing Bowl","floor":39},{"not_picked":["Thunderclap"],"picked":"Singing Bowl","floor":39},{"not_picked":["Dropkick"],"picked":"Singing Bowl","floor":40},{"not_picked":[],"picked":"Warcry","floor":42},{"not_picked":["Heavy Blade"],"picked":"Singing Bowl","floor":42},{"not_picked":["Flame Barrier"],"picked":"Singing Bowl","floor":44},{"not_picked":["Ghostly Armor"],"picked":"Singing Bowl","floor":46},{"not_picked":[],"picked":"Body Slam","floor":54}],"player_experience":788369,"relics_obtained":[{"floor":8,"key":"Incense Burner"},{"floor":8,"key":"Dead Branch"},{"floor":9,"key":"Turnip"},{"floor":11,"key":"Orichalcum"},{"floor":11,"key":"Singing Bowl"},{"floor":13,"key":"Pear"},{"floor":13,"key":"Pen Nib"},{"floor":23,"key":"Bronze Scales"},{"floor":23,"key":"HornCleat"},{"floor":25,"key":"Prayer Wheel"},{"floor":25,"key":"MawBank"},{"floor":26,"key":"InkBottle"},{"floor":30,"key":"Pantograph"},{"floor":30,"key":"Unceasing Top"},{"floor":40,"key":"Shuriken"},{"floor":40,"key":"White Beast Statue"},{"floor":43,"key":"Regal Pillow"},{"floor":44,"key":"Ginger"},{"floor":44,"key":"Red Skull"},{"floor":46,"key":"Art of War"},{"floor":46,"key":"Boot"},{"floor":54,"key":"Mango"},{"floor":54,"key":"Ornamental Fan"}],"event_choices":[{"cards_removed":["Strike_R"],"damage_healed":0,"gold_gain":0,"player_choice":"Card Removal","damage_taken":0,"max_hp_gain":0,"max_hp_loss":0,"event_name":"The Cleric","floor":3,"gold_loss":50},{"damage_healed":0,"gold_gain":0,"player_choice":"Donut","damage_taken":0,"max_hp_gain":5,"max_hp_loss":0,"event_name":"Big Fish","floor":10,"gold_loss":0},{"damage_healed":0,"gold_gain":0,"cards_transformed":["Strike_R"],"player_choice":"Transformed","damage_taken":0,"max_hp_gain":0,"max_hp_loss":0,"event_name":"Transmorgrifier","floor":27,"gold_loss":0,"cards_obtained":["Reckless Charge"]},{"damage_healed":0,"gold_gain":0,"player_choice":"Memory 3","damage_taken":10,"max_hp_gain":0,"max_hp_loss":0,"event_name":"SensoryStone","floor":37,"gold_loss":0},{"damage_healed":0,"gold_gain":0,"player_choice":"Ignored","damage_taken":0,"max_hp_gain":0,"max_hp_loss":0,"event_name":"Tomb of Lord Red Mask","floor":47,"gold_loss":0},{"cards_removed":["Reckless Charge"],"damage_healed":0,"gold_gain":0,"player_choice":"Removed Attack","damage_taken":0,"max_hp_gain":0,"max_hp_loss":0,"event_name":"Falling","floor":48,"gold_loss":0}],"is_beta":false,"boss_relics":[{"not_picked":["Velvet Choker","Coffee Dripper"],"picked":"Busted Crown"},{"not_picked":["Pandora\u0027s Box","Empty Cage"],"picked":"Philosopher\u0027s Stone"}],"items_purged_floors":[20,41,53],"is_endless":false,"potions_floor_spawned":[4,11,13,16,23,24,29,30,31,38,42,44,46,54],"ascension_level":5}}