{"host":"yv7ijgyl7mqt7c0r","time":1611366464,"event":{"mods":["100% Spire Juice","2.2 Compatiblity","Act Like it!","Aspiration","BaseMod","Bestiary","Better Note","Better Skull","CapriCore","Conspire","DeckTracker","Elementarium","Energized Spire","Friendly Minions","Gensokyo","GifTheSpireLib","Hallownest","KinomotoSakuraMod(????)","Mari Mod (Legacy)","Mari\u0027s V1 Patch","Marisa????????","Menagerie","Minty Spire (QoL Compilation)","Prisma Mod","Random Character Button","Reimu??????","Remilia_Scarlet Moed?????·?????3.3.5","StSLib","Stuff the Spire","The Alterego","The Bug Knight","The Jungle","The Senshi","The Servant 0.9.4","TheVelvet","Wandering Minibosses","Yakumo Yukari mod","Yuyuko"],"gold_per_floor":[110,210,220,220,20,20,52,52,52,52,52,52,65,94,94,199,199,215,86,96,121,146,173,186,186,210,223,255,255,255,10,10,110,110,121,134,134,134,153,153,184,194,194,194,194,214,214,214,214,214],"floor_reached":51,"language":"ENG","playtime":5322,"items_purged":["RemiliaMod:CYMZW","Pain"],"score":769,"play_id":"8a9588fb-833b-49e7-b861-bb889473c6a4","local_time":"20210122194744","is_ascension_mode":false,"campfire_choices":[{"data":"alterego_mod:Impale","floor":6,"key":"SMITH"},{"floor":12,"key":"REST"},{"data":"alterego_mod:BrynhildrsRune","floor":15,"key":"SMITH"},{"floor":25,"key":"REST"},{"data":"alterego_mod:DiscoLights","floor":29,"key":"SMITH"},{"data":"alterego_mod:Weigh","floor":32,"key":"SMITH"},{"data":"alterego_mod:TrickOrTreatment","floor":40,"key":"SMITH"},{"data":"alterego_mod:TrickOrTreatment","floor":44,"key":"SMITH"},{"data":"alterego_mod:DiscoLights","floor":47,"key":"SMITH"},{"data":"Iron Wave","floor":49,"key":"SMITH"}],"circlet_count":0,"master_deck":["alterego_mod:Strike+1","alterego_mod:Strike","alterego_mod:Strike","alterego_mod:Strike","alterego_mod:Defend","alterego_mod:Defend","alterego_mod:Defend","alterego_mod:Defend","alterego_mod:Impale+1","alterego_mod:BigMeatyClaws+1","alterego_mod:BrynhildrsRune+1","alterego_mod:Rip","alterego_mod:SakuraPetals","alterego_mod:Birthday","alterego_mod:Pet","alterego_mod:Undulate","alterego_mod:Bunnysuit","alterego_mod:TrashNCrash","alterego_mod:Punishment","alterego_mod:PerceptionDisorder","alterego_mod:Birthday","alterego_mod:DeftHands","alterego_mod:Weigh+1","alterego_mod:Collar+1","alterego_mod:BiFurious","alterego_mod:DiscoLights+1","alterego_mod:Clones+1","alterego_mod:Birthday+1","alterego_mod:BustOut","alterego_mod:VirginLaserPalladion","alterego_mod:GachaTicket","alterego_mod:IndependentAction","alterego_mod:TrickOrTreatment+1","Armaments+1","alterego_mod:1TonWallop+1","StuffTheSpire:PlasmaPunch","alterego_mod:PerceptionDisorder","alterego_mod:DiscoLights+1","alterego_mod:TrickOrTreatment+1","Iron Wave+1"],"relics":["alterego_mod:MasochisticConstitution","Tiny Chest","Bag of Marbles","aspiration:FrozenJewel","StuffTheSpire:HeavyRock","energizedSpire:OgreHead","Centennial Puzzle","Whetstone","Nunchaku","Potion Belt","StuffTheSpire:Barrel","WarpedTongs","aspiration:IroncladSkillbook","aspiration:ChemicalBlood","Anchor","Bronze Scales"],"acts_visited":["Exordium","TheCity","TheBeyond"],"potions_floor_usage":[18,33,39,39,42,46,50,50,50,50,50,50,50],"damage_taken":[{"damage":20,"enemies":"Small Slimes","floor":1,"turns":5},{"damage":7,"enemies":"Cultist","floor":3,"turns":5},{"damage":57,"enemies":"Lagavulin","floor":7,"turns":10},{"damage":3,"enemies":"2 Louse","floor":13,"turns":3},{"damage":5,"enemies":"HollowMod:MossKnight","floor":14,"turns":9},{"damage":32,"enemies":"Hexaghost","floor":16,"turns":9},{"damage":9,"enemies":"2 Thieves","floor":18,"turns":3},{"damage":8,"enemies":"Spheric Guardian","floor":20,"turns":4},{"damage":16,"enemies":"Book of Stabbing","floor":23,"turns":5},{"damage":24,"enemies":"Cultist and Chosen","floor":24,"turns":5},{"damage":17,"enemies":"Snake Plant","floor":27,"turns":3},{"damage":11,"enemies":"HollowMod:Nosk","floor":28,"turns":6},{"damage":66,"enemies":"conspire:MysteriousRune","floor":33,"turns":7},{"damage":25,"enemies":"3 Darklings","floor":35,"turns":5},{"damage":31,"enemies":"3 Shapes","floor":36,"turns":8},{"damage":21,"enemies":"Transient","floor":39,"turns":5},{"damage":35,"enemies":"Giant Head","floor":41,"turns":6},{"damage":35,"enemies":"Sphere and 2 Shapes","floor":42,"turns":6},{"damage":23,"enemies":"Jaw Worm Horde","floor":46,"turns":5},{"damage":84,"enemies":"Awakened One","floor":50,"turns":7}],"seed_played":"-9193667841410692213","potions_obtained":[{"floor":7,"key":"Regen Potion"},{"floor":13,"key":"Regen Potion"},{"floor":16,"key":"Explosive Potion"},{"floor":18,"key":"PowerPotion"},{"floor":35,"key":"Dexterity Potion"},{"floor":36,"key":"BlessingOfTheForge"},{"floor":41,"key":"Fruit Juice"},{"floor":46,"key":"Fruit Juice"},{"floor":46,"key":"FearPotion"}],"is_trial":false,"path_per_floor":["M","?","M","?","$","R","E","?","T","$","?","R","M","E","R","B",null,"M","$","M","T","T","E","M","R","T","M","E","R","?","$","R","B",null,"M","M","?","T","M","R","E","M","T","R","?","M","R","?","R","B",null],"character_chosen":"The_Alterego","items_purchased":["Tiny Chest","alterego_mod:Birthday","alterego_mod:BiFurious","alterego_mod:GachaTicket","alterego_mod:IndependentAction"],"campfire_rested":2,"item_purchase_floors":[5,5,19,31,31],"current_hp_per_floor":[65,65,66,71,71,71,24,24,24,24,24,49,56,63,63,36,88,84,84,81,81,81,70,51,78,78,67,70,70,70,70,70,34,95,82,74,74,74,84,84,73,76,76,76,76,98,98,98,98,27],"gold":214,"neow_bonus":"TEN_PERCENT_HP_BONUS","is_daily":false,"chose_seed":false,"campfire_upgraded":8,"win_rate":0.0,"timestamp":1611366464,"path_taken":["M","?","?","?","$","R","E","?","T","?","?","R","M","E","R","BOSS","M","$","M","?","?","E","M","R","T","M","E","R","?","$","R","BOSS","M","M","?","?","M","R","E","M","T","R","?","?","R","?","R","BOSS"],"items_purchased_type":["Relic","Card","Card","Card","Card"],"build_version":"2020-12-22","purchased_purges":2,"victory":true,"max_hp_per_floor":[78,78,79,84,84,84,85,85,85,85,85,85,86,87,87,88,88,89,89,90,90,90,91,92,92,92,93,94,94,94,94,94,95,95,96,97,97,97,98,98,99,105,105,105,105,111,111,111,111,112],"card_choices":[{"not_picked":["alterego_mod:PerceptionDisorder","alterego_mod:GoddessCore"],"picked":"alterego_mod:Rip","floor":1},{"not_picked":["alterego_mod:Jiggle","alterego_mod:Maid"],"picked":"alterego_mod:SakuraPetals","floor":3},{"not_picked":["alterego_mod:Crossover","alterego_mod:Collar"],"picked":"alterego_mod:Pet","floor":7},{"not_picked":["alterego_mod:PurpleHair","alterego_mod:GoddessCore"],"picked":"alterego_mod:Birthday","floor":13},{"not_picked":["alterego_mod:Bounce","alterego_mod:Crossover"],"picked":"alterego_mod:DeftHands","floor":14},{"not_picked":["alterego_mod:Valkyrie","alterego_mod:AlterEgo"],"picked":"alterego_mod:Weigh","floor":16},{"not_picked":["alterego_mod:1TonWallop","alterego_mod:Pet"],"picked":"alterego_mod:Collar","floor":18},{"not_picked":["alterego_mod:Table","alterego_mod:Skirt"],"picked":"alterego_mod:DiscoLights","floor":20},{"not_picked":["alterego_mod:Exercise","alterego_mod:Lingerie"],"picked":"alterego_mod:Clones+1","floor":23},{"not_picked":["alterego_mod:DeftHands","alterego_mod:Valentines"],"picked":"alterego_mod:Birthday+1","floor":24},{"not_picked":["alterego_mod:Swimsuit","alterego_mod:Cycle"],"picked":"alterego_mod:BustOut","floor":27},{"not_picked":["alterego_mod:Clones+1","alterego_mod:Schoolgirl"],"picked":"alterego_mod:VirginLaserPalladion","floor":28},{"not_picked":["alterego_mod:Tantrum","alterego_mod:Vow"],"picked":"alterego_mod:TrickOrTreatment","floor":33},{"not_picked":["Havoc","Rupture","alterego_mod:Bounce+1"],"picked":"Armaments+1","floor":35},{"not_picked":["StuffTheSpire:RockThrow","Burning Pact+1","Cleave"],"picked":"alterego_mod:1TonWallop+1","floor":36},{"not_picked":["Purity","Enlightenment","Mayhem"],"picked":"StuffTheSpire:PlasmaPunch","floor":37},{"not_picked":["Clash","Carnage+1","Shrug It Off"],"picked":"alterego_mod:PerceptionDisorder","floor":39},{"not_picked":["Headbutt","alterego_mod:Stockings","Pommel Strike+1"],"picked":"alterego_mod:DiscoLights","floor":41},{"not_picked":["alterego_mod:Punishment","Armaments","Flex"],"picked":"alterego_mod:TrickOrTreatment","floor":42},{"not_picked":["alterego_mod:BoobPocket","alterego_mod:Cooking","Heavy Blade"],"picked":"Iron Wave","floor":46}],"player_experience":561204,"relics_obtained":[{"floor":7,"key":"Bag of Marbles"},{"floor":9,"key":"aspiration:FrozenJewel"},{"floor":14,"key":"StuffTheSpire:HeavyRock"},{"floor":21,"key":"Centennial Puzzle"},{"floor":22,"key":"Whetstone"},{"floor":23,"key":"Nunchaku"},{"floor":26,"key":"Potion Belt"},{"floor":28,"key":"StuffTheSpire:Barrel"},{"floor":38,"key":"aspiration:ChemicalBlood"},{"floor":41,"key":"Anchor"},{"floor":43,"key":"Bronze Scales"}],"event_choices":[{"damage_healed":0,"gold_gain":100,"player_choice":"Pray","damage_taken":0,"max_hp_gain":0,"max_hp_loss":0,"event_name":"Golden Shrine","floor":2,"gold_loss":0},{"damage_healed":0,"gold_gain":0,"player_choice":"CYMZW","damage_taken":0,"max_hp_gain":5,"max_hp_loss":0,"event_name":"Remilia_CDSJ09","floor":4,"gold_loss":0},{"damage_healed":0,"gold_gain":0,"player_choice":"Grow","damage_taken":0,"max_hp_gain":0,"max_hp_loss":0,"event_name":"Living Wall","floor":8,"gold_loss":0,"cards_upgraded":["alterego_mod:BigMeatyClaws"]},{"damage_healed":0,"gold_gain":0,"player_choice":"Rummage","damage_taken":0,"relics_obtained":["WarpedTongs"],"max_hp_gain":0,"max_hp_loss":0,"event_name":"Accursed Blacksmith","floor":30,"gold_loss":0,"cards_obtained":["Pain"]},{"damage_healed":0,"gold_gain":0,"player_choice":"Memory 1","damage_taken":0,"max_hp_gain":0,"max_hp_loss":0,"event_name":"SensoryStone","floor":37,"gold_loss":0},{"damage_healed":0,"gold_gain":0,"player_choice":"Leave","damage_taken":0,"max_hp_gain":0,"max_hp_loss":0,"event_name":"conspire:Investor","floor":45,"gold_loss":0}],"is_beta":false,"boss_relics":[{"not_picked":["conspire:SeveredTorchhead","RedLine:ReiMu"],"picked":"energizedSpire:OgreHead"},{"not_picked":["energizedSpire:RedRose","energizedSpire:NeverEndingSparkler"],"picked":"aspiration:IroncladSkillbook"}],"items_purged_floors":[19,31],"is_endless":false,"potions_floor_spawned":[7,13,16,18,23,35,36,41,46],"ascension_level":0}}