{"host":"y15j0sqd0it1yzon","time":1611440360,"event":{"mods":["AchievementEnabler","BaseMod","Lobotomy","Minty Spire (QoL Compilation)","StSLib"],"gold_per_floor":[111,111,111,42,54,80,80,108,108,123,135,6,23,34,34,130,130,146,146,146,146,146],"floor_reached":21,"language":"ENG","playtime":3390,"items_purged":["Defend_G"],"score":179,"play_id":"c6a6de17-4630-45ad-b6e2-ed930e990b31","local_time":"20210123221920","is_ascension_mode":false,"campfire_choices":[{"floor":7,"key":"REST"},{"floor":15,"key":"REST"}],"circlet_count":0,"master_deck":["Strike_G","Strike_G","Strike_G","Strike_G","Strike_G","Defend_G","Defend_G","Defend_G","Defend_G","Survivor","Neutralize","OldLady","Infinite Blades","Infinite Blades","Porccubus","PiercingWail","Venomology","Variant","Outmaneuver","BigBird","Backflip","ShyLook","Deflect","WallGazer","Scarecrow","Escape Plan","RedShoes","Die Die Die","SpiderBud","Deadly Poison+1"],"relics":["Ring of the Snake","CogitoBucket","Paper Crane","Odd Mushroom","Singing Bowl","Theresia","Black Star","MutagenicStrength","Mercury Hourglass"],"acts_visited":["Exordium","TheCity"],"potions_floor_usage":[6,8,11,11,11,13,14,16,16,21,21],"damage_taken":[{"damage":0,"enemies":"Jaw Worm","floor":1,"turns":5},{"damage":2,"enemies":"2 Louse","floor":5,"turns":3},{"damage":36,"enemies":"Lagavulin","floor":6,"turns":7},{"damage":3,"enemies":"The Mushroom Lair","floor":8,"turns":6},{"damage":34,"enemies":"Small Slimes","floor":10,"turns":5},{"damage":0,"enemies":"Exordium Thugs","floor":11,"turns":8},{"damage":14,"enemies":"Red Slaver","floor":13,"turns":4},{"damage":2,"enemies":"Exordium Wildlife","floor":14,"turns":3},{"damage":45,"enemies":"Slime Boss","floor":16,"turns":23},{"damage":22,"enemies":"Shell Parasite","floor":18,"turns":5},{"damage":59,"enemies":"3 Byrds","floor":21,"turns":5}],"seed_played":"-9138242278911802567","potions_obtained":[{"floor":1,"key":"AttackPotion"},{"floor":6,"key":"Dexterity Potion"},{"floor":10,"key":"FearPotion"},{"floor":11,"key":"DistilledChaos"},{"floor":13,"key":"Weak Potion"}],"is_trial":false,"path_per_floor":["M","?","?","$","M","E","R","?","T","M","M","$","M","M","R","B",null,"M","?","T","M"],"character_chosen":"THE_SILENT","items_purchased":["Infinite Blades","Deflect"],"campfire_rested":2,"item_purchase_floors":[4,12],"current_hp_per_floor":[70,70,70,70,68,32,53,50,50,16,48,48,36,34,56,11,74,54,54,54,0,0],"gold":146,"neow_bonus":"","is_daily":false,"chose_seed":false,"campfire_upgraded":0,"win_rate":0.0,"timestamp":1611440360,"path_taken":["M","?","?","$","M","E","R","?","T","M","M","$","?","M","R","BOSS","M","?","?","M"],"items_purchased_type":["Card","Card"],"build_version":"2020-12-22","purchased_purges":1,"victory":false,"max_hp_per_floor":[70,70,70,70,70,70,70,70,70,70,72,72,74,74,74,74,74,74,74,74,74,74],"card_choices":[{"not_picked":["MeatLantern","Bloodbath"],"picked":"OldLady","floor":1},{"not_picked":["Riddle With Holes","Dodge and Roll"],"picked":"Infinite Blades","floor":1},{"not_picked":["Scarecrow","GreedKing"],"picked":"Porccubus","floor":5},{"not_picked":["Dodge and Roll","Quick Slash"],"picked":"PiercingWail","floor":5},{"not_picked":["Finisher","Expertise"],"picked":"Venomology","floor":6},{"not_picked":["HappyTeddy","GreedKing"],"picked":"Variant","floor":6},{"not_picked":["Wellcheers","DespairKnight"],"picked":"CherryBlossoms","floor":8},{"not_picked":["Sucker Punch","Distraction"],"picked":"Outmaneuver","floor":8},{"not_picked":["WallGazer","UniverseFragment"],"picked":"BigBird","floor":10},{"not_picked":["Unload","Choke"],"picked":"Backflip","floor":10},{"not_picked":["Scorched","SingingMachine"],"picked":"ShyLook","floor":11},{"not_picked":["Choke","Riddle With Holes","Reflex"],"picked":"Singing Bowl","floor":11},{"not_picked":["NakedNest","MeatLantern"],"picked":"WallGazer","floor":13},{"not_picked":["Noxious Fumes","Acrobatics","Finisher"],"picked":"Singing Bowl","floor":13},{"not_picked":["GreedKing","Woodsman"],"picked":"Scarecrow","floor":14},{"not_picked":["Acrobatics","PiercingWail"],"picked":"Escape Plan","floor":14},{"not_picked":["HappyTeddy","QueenBee"],"picked":"RedShoes","floor":16},{"not_picked":["Doppelganger","After Image"],"picked":"Die Die Die","floor":16},{"not_picked":["DespairKnight","UniverseFragment"],"picked":"SpiderBud","floor":18},{"not_picked":["Blur","Dagger Throw"],"picked":"Deadly Poison+1","floor":18}],"player_experience":415120,"relics_obtained":[{"floor":6,"key":"Paper Crane"},{"floor":8,"key":"Odd Mushroom"},{"floor":9,"key":"Singing Bowl"},{"floor":20,"key":"Mercury Hourglass"}],"event_choices":[{"damage_healed":0,"gold_gain":0,"player_choice":"Ignored","damage_taken":0,"max_hp_gain":0,"max_hp_loss":0,"event_name":"Golden Wing","floor":2,"gold_loss":0},{"damage_healed":0,"gold_gain":0,"player_choice":"Ignored","damage_taken":0,"max_hp_gain":0,"max_hp_loss":0,"event_name":"Liars Game","floor":3,"gold_loss":0},{"damage_healed":0,"gold_gain":0,"player_choice":"Fought Mushrooms","damage_taken":0,"max_hp_gain":0,"max_hp_loss":0,"event_name":"Mushrooms","floor":8,"gold_loss":0},{"damage_healed":0,"gold_gain":0,"player_choice":"Inject Mutagens","damage_taken":0,"relics_obtained":["MutagenicStrength"],"max_hp_gain":0,"max_hp_loss":0,"event_name":"Drug Dealer","floor":19,"gold_loss":0}],"is_beta":false,"boss_relics":[{"not_picked":["Snecko Eye","SacredBark"],"picked":"Black Star"}],"items_purged_floors":[12],"is_endless":false,"potions_floor_spawned":[1,6,10,11,13],"killed_by":"3 Byrds","ascension_level":0}}