{"host":"urvvf8749ekcxo1a","time":1611363117,"event":{"mods":["AchievementEnabler","BaseMod","Better Sensory Stone","BetterRewards","Colored Powertips","Evolution","Gold Saver","Marisa????????","Minty Spire (QoL Compilation)","Quick Restart","StSLib","SuperFastMode","The Cursed","The Hierophant","The Saiyan","The Servant 0.9.4","The Wild Card"],"gold_per_floor":[461,461,205,205,155,155,105,105,105,105,440,377,377,395,395,519,519,539,464,464,379,379,379,96,96,164,164,179,179,179,200,200,323,323,344,363,263,263,173,173,196,219,246,246,246,246,269,269,269],"floor_reached":50,"language":"ENG","playtime":978,"items_purged":["Night Terror","Corpse Explosion","Tools of the Trade","Malaise","Unload","Storm of Steel+1"],"score":905,"play_id":"12e2c4a5-222d-4a72-bcdf-698decea6cef","local_time":"20210122195157","daily_mods":["Shiny","Vintage","Heirloom","Time Dilation","Flight"],"is_ascension_mode":false,"campfire_choices":[{"data":"Adrenaline","floor":6,"key":"SMITH"},{"data":"Die Die Die","floor":8,"key":"SMITH"},{"data":"Grand Finale","floor":10,"key":"SMITH"},{"data":"Envenom","floor":15,"key":"SMITH"},{"data":"Bullet Time","floor":23,"key":"SMITH"},{"data":"Glass Knife","floor":25,"key":"SMITH"},{"data":"Blind","floor":27,"key":"SMITH"},{"data":"Phantasmal Killer","floor":29,"key":"SMITH"},{"data":"Venomology","floor":32,"key":"SMITH"},{"data":"After Image","floor":40,"key":"SMITH"},{"floor":46,"key":"REST"}],"circlet_count":0,"master_deck":["Adrenaline+1","Venomology+1","Phantasmal Killer+1","Grand Finale+1","Die Die Die+1","Burst+1","After Image+1","A Thousand Cuts+1","Glass Knife+1","theWildCard:Sakuya+1","Blind+1"],"relics":["Unceasing Top","EVO:Axolotl","Dead Branch","Anchor","Membership Card","Potion Belt","Golden Idol","Bottled Lightning","Old Coin","MealTicket","SlaversCollar","Omamori","War Paint","Lantern","CultistMask","Ice Cream","Shuriken","Matryoshka","Blood Vial","Ancient Tea Set","Boot","Empty Cage","Turnip","Molten Egg 2","Bottled Flame","Smiling Mask","Bag of Preparation","Pen Nib","CaptainsWheel"],"acts_visited":["Exordium","TheCity","TheBeyond"],"potions_floor_usage":[18,18,31,31,33,33,33,35,35,35,36,36,41,41,42,47,49,49],"damage_taken":[{"damage":11,"enemies":"Jaw Worm","floor":1,"turns":2},{"damage":12,"enemies":"Gremlin Nob","floor":11,"turns":3},{"damage":0,"enemies":"2 Louse","floor":14,"turns":1},{"damage":14,"enemies":"Hexaghost","floor":16,"turns":6},{"damage":0,"enemies":"3 Byrds","floor":18,"turns":3},{"damage":0,"enemies":"Chosen","floor":28,"turns":2},{"damage":0,"enemies":"3 Cultists","floor":31,"turns":2},{"damage":0,"enemies":"Champ","floor":33,"turns":4},{"damage":8,"enemies":"3 Darklings","floor":35,"turns":4},{"damage":0,"enemies":"Orb Walker","floor":36,"turns":2},{"damage":0,"enemies":"Jaw Worm Horde","floor":41,"turns":1},{"damage":0,"enemies":"Sphere and 2 Shapes","floor":42,"turns":1},{"damage":0,"enemies":"Spire Growth","floor":47,"turns":2},{"damage":18,"enemies":"Awakened One","floor":49,"turns":4}],"seed_played":"-7870801333907281680","potions_obtained":[{"floor":16,"key":"Fire Potion"},{"floor":28,"key":"DistilledChaos"},{"floor":31,"key":"Regen Potion"},{"floor":41,"key":"SteroidPotion"},{"floor":47,"key":"PowerPotion"}],"is_trial":true,"path_per_floor":["M","?","$","?","?","R","$","R","T","R","E","$","?","M","R","B",null,"M","$","?","?","?","R","$","R","T","R","M","R","T","M","R","B",null,"M","M","$","?","?","R","M","M","T","?","?","R","M","?","B",null],"character_chosen":"THE_SILENT","items_purchased":["Membership Card","Potion Belt","Ice Cream","Blind"],"campfire_rested":1,"item_purchase_floors":[3,3,24,24],"current_hp_per_floor":[77,77,77,55,55,55,55,55,55,55,43,43,43,43,43,29,88,88,88,88,88,88,88,88,88,88,88,88,88,88,88,88,88,88,80,87,88,84,84,84,84,84,84,84,84,84,84,84,66],"gold":269,"neow_bonus":"","is_daily":false,"chose_seed":false,"campfire_upgraded":10,"win_rate":0.0,"timestamp":1611363117,"path_taken":["M","?","$","?","?","R","$","R","T","R","E","$","?","?","R","BOSS","M","$","?","?","?","R","$","R","T","R","?","R","?","M","R","BOSS","M","M","$","?","?","R","?","?","T","?","?","R","?","?","BOSS"],"items_purchased_type":["Relic","Relic","Relic","Card"],"build_version":"2020-12-22","purchased_purges":6,"victory":true,"max_hp_per_floor":[88,88,88,88,88,88,88,88,88,88,88,88,88,88,88,88,88,88,88,88,88,88,88,88,88,88,88,88,88,88,88,88,88,88,88,88,88,84,84,84,84,84,84,84,84,84,84,84,84],"card_choices":[{"not_picked":["Outmaneuver","Skewer","Prepared"],"picked":"SKIP","floor":11}],"player_experience":143757,"relics_obtained":[{"floor":1,"key":"Anchor"},{"floor":9,"key":"Bottled Lightning"},{"floor":11,"key":"Old Coin"},{"floor":14,"key":"MealTicket"},{"floor":18,"key":"Omamori"},{"floor":26,"key":"Shuriken"},{"floor":28,"key":"Matryoshka"},{"floor":30,"key":"Blood Vial"},{"floor":30,"key":"Ancient Tea Set"},{"floor":31,"key":"Boot"},{"floor":35,"key":"Turnip"},{"floor":36,"key":"Molten Egg 2"},{"floor":41,"key":"Bottled Flame"},{"floor":42,"key":"Smiling Mask"},{"floor":43,"key":"Bag of Preparation"},{"floor":43,"key":"Pen Nib"},{"floor":47,"key":"CaptainsWheel"}],"event_choices":[{"damage_healed":0,"gold_gain":0,"player_choice":"Take Damage","damage_taken":22,"relics_obtained":["Golden Idol"],"max_hp_gain":0,"max_hp_loss":0,"event_name":"Golden Idol","floor":4,"gold_loss":0},{"cards_removed":["Doppelganger"],"damage_healed":0,"gold_gain":0,"player_choice":"Card Removal","damage_taken":0,"max_hp_gain":0,"max_hp_loss":0,"event_name":"The Cleric","floor":5,"gold_loss":50},{"damage_healed":0,"gold_gain":0,"player_choice":"Upgraded","damage_taken":0,"max_hp_gain":0,"max_hp_loss":0,"event_name":"Upgrade Shrine","floor":13,"gold_loss":0,"cards_upgraded":["Storm of Steel"]},{"damage_healed":0,"gold_gain":0,"player_choice":"Opened","damage_taken":0,"relics_obtained":["War Paint"],"max_hp_gain":0,"max_hp_loss":0,"event_name":"The Mausoleum","floor":20,"gold_loss":0},{"damage_healed":0,"gold_gain":0,"player_choice":"Obtained Relic","damage_taken":0,"relics_obtained":["Lantern"],"max_hp_gain":0,"max_hp_loss":0,"event_name":"Addict","floor":21,"gold_loss":85},{"damage_healed":0,"gold_gain":0,"player_choice":"Trade","damage_taken":0,"relics_obtained":["CultistMask"],"max_hp_gain":0,"max_hp_loss":0,"event_name":"FaceTrader","floor":22,"gold_loss":0},{"damage_healed":0,"gold_gain":0,"player_choice":"Max HP","damage_taken":0,"max_hp_gain":0,"max_hp_loss":4,"event_name":"Winding Halls","floor":38,"gold_loss":0},{"cards_removed":["Wraith Form v2"],"damage_healed":0,"gold_gain":0,"player_choice":"Upgrade and Remove","damage_taken":0,"max_hp_gain":0,"max_hp_loss":0,"event_name":"Designer","floor":39,"gold_loss":90,"cards_upgraded":["A Thousand Cuts"]},{"damage_healed":0,"gold_gain":3,"player_choice":"1","damage_taken":0,"max_hp_gain":0,"max_hp_loss":0,"event_name":"betterStone:BetterStone","floor":44,"gold_loss":0},{"damage_healed":0,"gold_gain":0,"player_choice":"Ignored","damage_taken":0,"max_hp_gain":0,"max_hp_loss":0,"event_name":"Upgrade Shrine","floor":45,"gold_loss":0},{"damage_healed":0,"gold_gain":0,"player_choice":"Took Portal","damage_taken":0,"max_hp_gain":0,"max_hp_loss":0,"event_name":"SecretPortal","floor":48,"gold_loss":0}],"is_beta":false,"boss_relics":[{"not_picked":["Coffee Dripper","Runic Pyramid"],"picked":"SlaversCollar"},{"not_picked":["Sozu","Fusion Hammer"],"picked":"Empty Cage"}],"items_purged_floors":[3,7,12,19,24,37],"is_endless":false,"potions_floor_spawned":[16,28,31,41,47],"ascension_level":0}}