{"host":"vqgrg90fv56geajp","time":1611401977,"event":{"mods":["BaseMod","Colored Map","Colored Powertips","Minty Spire (QoL Compilation)","Quick Restart","Rare Cards Sparkle","Relic Stats"],"gold_per_floor":[113,83,93,35,35,67,67,78,78,89,121,132,132,155,155,155,155],"floor_reached":16,"language":"ENG","playtime":512,"items_purged":[],"score":274,"play_id":"bd4fb62e-45f2-4ad9-966d-4b220de32892","local_time":"20210123133937","is_ascension_mode":true,"campfire_choices":[{"data":"Consume","floor":7,"key":"SMITH"},{"floor":15,"key":"REST"}],"circlet_count":0,"master_deck":["AscendersBane","Strike_B","Strike_B","Strike_B","Strike_B","Defend_B","Defend_B","Defend_B","Defend_B","Zap","Dualcast","Redo","BootSequence","Sweeping Beam","Consume+1","Biased Cognition","Ball Lightning","Self Repair","FTL"],"relics":["Cracked Core","NeowsBlessing","Letter Opener","Centennial Puzzle","Lantern","MealTicket","Golden Idol"],"acts_visited":[],"potions_floor_usage":[11,14,16],"damage_taken":[{"damage":0.0,"enemies":"Small Slimes","floor":1.0,"turns":1.0},{"damage":0,"enemies":"Cultist","floor":3,"turns":1},{"damage":0,"enemies":"3 Sentries","floor":6,"turns":1},{"damage":2,"enemies":"Jaw Worm","floor":8,"turns":2},{"damage":0,"enemies":"2 Fungi Beasts","floor":10,"turns":2},{"damage":10,"enemies":"Lagavulin","floor":11,"turns":5},{"damage":1,"enemies":"Looter","floor":12,"turns":2},{"damage":10,"enemies":"Large Slime","floor":14,"turns":3},{"damage":40,"enemies":"Hexaghost","floor":16,"turns":5}],"seed_played":"1390706097131937673","potions_obtained":[{"floor":2,"key":"FocusPotion"},{"floor":2,"key":"SneckoOil"},{"floor":3,"key":"BlessingOfTheForge"},{"floor":12,"key":"FocusPotion"}],"is_trial":false,"path_per_floor":["M","?","M","$","?","E","R","M","T","M","E","M","?","M","R","B"],"character_chosen":"DEFECT","items_purchased":["Sweeping Beam"],"campfire_rested":1,"item_purchase_floors":[4],"current_hp_per_floor":[64,64,64,64,59,59,59,57,57,57,47,46,22,19,40,0,0],"gold":155,"neow_bonus":"THREE_ENEMY_KILL","is_daily":false,"chose_seed":false,"campfire_upgraded":1,"win_rate":0.0,"timestamp":1611401977,"path_taken":["M","?","?","$","?","E","R","M","T","M","E","M","?","M","R","BOSS"],"items_purchased_type":["Card"],"build_version":"2020-12-22","purchased_purges":0,"victory":false,"max_hp_per_floor":[71,71,71,71,71,71,71,71,71,71,71,71,71,71,71,71,71],"relic_stats":{"Centennial Puzzle":[15],"counters":[8,21],"Golden Idol":5,"MealTicket":0,"Letter Opener":[20],"obtain_stats":[{"Centennial Puzzle":6,"Lantern":9,"NeowsBlessing":0,"Golden Idol":13,"MealTicket":11,"Letter Opener":5,"Cracked Core":0},{"Centennial Puzzle":2,"Lantern":3,"NeowsBlessing":0,"Golden Idol":6,"MealTicket":5,"Letter Opener":1,"Cracked Core":0},{"Centennial Puzzle":2,"Lantern":4,"NeowsBlessing":0,"Golden Idol":13,"MealTicket":11,"Letter Opener":1,"Cracked Core":0}]},"card_choices":[{"not_picked":["Stack","Reprogram"],"picked":"Redo","floor":1},{"not_picked":["Stack","Hologram"],"picked":"BootSequence","floor":3},{"not_picked":["Conserve Battery","Rebound"],"picked":"Consume","floor":6},{"not_picked":["Blizzard","Go for the Eyes","Consume"],"picked":"SKIP","floor":8},{"not_picked":["Gash","Fusion"],"picked":"Biased Cognition","floor":10},{"not_picked":["Blizzard","Consume"],"picked":"Ball Lightning","floor":11},{"not_picked":["FTL","Hologram"],"picked":"Self Repair","floor":12},{"not_picked":["Aggregate","Coolheaded"],"picked":"FTL","floor":14}],"player_experience":2488006,"relics_obtained":[{"floor":6,"key":"Centennial Puzzle"},{"floor":9,"key":"Lantern"},{"floor":11,"key":"MealTicket"}],"event_choices":[{"damage_healed":0,"gold_gain":0,"player_choice":"Bought 2 Potions","damage_taken":0,"max_hp_gain":0,"max_hp_loss":0,"event_name":"The Woman in Blue","floor":2,"gold_loss":0},{"damage_healed":0,"gold_gain":0,"player_choice":"Success","damage_taken":5,"relics_obtained":["Letter Opener"],"max_hp_gain":0,"max_hp_loss":0,"event_name":"Scrap Ooze","floor":5,"gold_loss":0},{"damage_healed":0,"gold_gain":0,"player_choice":"Take Damage","damage_taken":24,"relics_obtained":["Golden Idol"],"max_hp_gain":0,"max_hp_loss":0,"event_name":"Golden Idol","floor":13,"gold_loss":0}],"is_beta":false,"boss_relics":[],"items_purged_floors":[],"is_endless":false,"potions_floor_spawned":[3,12],"killed_by":"Hexaghost","ascension_level":20}}