{"host":"w11d5xug8ost5klq","time":1611368048,"event":{"mods":["2.2 Compatiblity","BaseMod","Better Third Choice","Emptier Cage","Highlight Path","Minty Spire (QoL Compilation)","Prisma Mod","Quick Restart","Spicy Shops","StSLib"],"gold_per_floor":[114,114,128,128,303,331,343,375,400,50,50,50,68,78,78,78,78],"floor_reached":16,"language":"ENG","playtime":713,"items_purged":["Doubt"],"score":169,"play_id":"33581b9e-64e6-4834-948e-c4cb6629c6ed","local_time":"20210122201408","is_ascension_mode":true,"campfire_choices":[{"data":"PrismaMod:ChloeEyeOfTheEuryale","floor":11,"key":"SMITH"},{"floor":15,"key":"REST"}],"circlet_count":0,"master_deck":["PrismaMod:ChloeCommonAttack","PrismaMod:ChloeCommonAttack","PrismaMod:ChloeCommonAttack","PrismaMod:ChloeCommonAttack","PrismaMod:ChloeCommonDefend","PrismaMod:ChloeCommonDefend","PrismaMod:ChloeCommonDefend","PrismaMod:ChloeCommonDefend","PrismaMod:ChloeCommonDefend","PrismaMod:ChloeCheapAttack","PrismaMod:ChloeCheapDefend","PrismaMod:ChloeEyeOfTheEuryale+1","PrismaMod:ChloeExhaustTwo","PrismaMod:ChloeExhaustOne"],"relics":["PrismaMod:PrismaTraceOn","NeowsBlessing","Happy Flower","Blood Vial","MawBank","Girya"],"acts_visited":["Exordium"],"potions_floor_usage":[16,16,16],"damage_taken":[{"damage":0,"enemies":"2 Louse","floor":1,"turns":1},{"damage":0,"enemies":"Jaw Worm","floor":3,"turns":1},{"damage":0,"enemies":"Lagavulin","floor":6,"turns":1},{"damage":1,"enemies":"Small Slimes","floor":7,"turns":4},{"damage":42,"enemies":"3 Sentries","floor":8,"turns":12},{"damage":14,"enemies":"Exordium Thugs","floor":13,"turns":4},{"damage":0,"enemies":"2 Fungi Beasts","floor":14,"turns":2},{"damage":45,"enemies":"Hexaghost","floor":16,"turns":11}],"seed_played":"-1676073667390827","potions_obtained":[{"floor":1,"key":"FearPotion"},{"floor":6,"key":"SteroidPotion"},{"floor":12,"key":"Block Potion"},{"floor":12,"key":"LiquidMemories"},{"floor":12,"key":"ColorlessPotion"}],"is_trial":false,"path_per_floor":["M","?","M","$","?","E","M","E","T","$","R","?","M","M","R","B"],"character_chosen":"CHLOE","items_purchased":["Girya"],"campfire_rested":1,"item_purchase_floors":[10],"current_hp_per_floor":[75,68,68,68,68,68,67,25,25,25,25,25,13,15,37,0,0],"gold":78,"neow_bonus":"THREE_ENEMY_KILL","is_daily":false,"chose_seed":false,"campfire_upgraded":1,"win_rate":0.0,"timestamp":1611368048,"path_taken":["M","?","M","$","?","E","M","E","T","$","R","?","?","M","R","BOSS"],"items_purchased_type":["Relic"],"build_version":"2020-12-22","purchased_purges":1,"victory":false,"max_hp_per_floor":[75,75,75,75,75,75,75,75,75,75,75,75,75,75,75,75,75],"card_choices":[{"not_picked":["PrismaMod:ChloeGaeBolg","PrismaMod:ChloeCheapAttack"],"picked":"PrismaMod:ChloeEyeOfTheEuryale","floor":1},{"not_picked":["PrismaMod:ChloeRuleBreaker","PrismaMod:ChloeDiscardRecovery","PrismaMod:ChloeRitsuka"],"picked":"SKIP","floor":3},{"not_picked":["PrismaMod:ChloeEyeOfTheEuryale","PrismaMod:ChloeGreatTracePools"],"picked":"PrismaMod:ChloeExhaustTwo","floor":6},{"not_picked":["PrismaMod:ChloeMordred","PrismaMod:ChloeCheapDefendTwo","PrismaMod:ChloeExhaustOne"],"picked":"SKIP","floor":7},{"not_picked":["PrismaMod:ChloeCaladbolg","PrismaMod:ChloeMordred"],"picked":"PrismaMod:ChloeExhaustOne","floor":8},{"not_picked":["PrismaMod:ChloeMordred","PrismaMod:ChloeCheapDefend","PrismaMod:ChloeCheapDefendTwo"],"picked":"SKIP","floor":13},{"not_picked":["PrismaMod:ChloeUncommonAttack","PrismaMod:ChloeDemonicTutor","PrismaMod:ChloeDiscardRecovery"],"picked":"SKIP","floor":14}],"player_experience":134992,"relics_obtained":[{"floor":6,"key":"Happy Flower"},{"floor":8,"key":"Blood Vial"},{"floor":9,"key":"MawBank"}],"event_choices":[{"cards_removed":["PrismaMod:ChloeCommonAttack"],"damage_healed":0,"gold_gain":0,"player_choice":"Card Removal","damage_taken":7,"max_hp_gain":0,"max_hp_loss":0,"event_name":"Golden Wing","floor":2,"gold_loss":0},{"damage_healed":0,"gold_gain":175,"player_choice":"AGREE","damage_taken":128,"max_hp_gain":0,"max_hp_loss":0,"event_name":"betterThird:BetterSerpent","floor":5,"gold_loss":0},{"damage_healed":0,"gold_gain":0,"player_choice":"Got Potions","damage_taken":0,"max_hp_gain":0,"max_hp_loss":0,"event_name":"Lab","floor":12,"gold_loss":0}],"is_beta":false,"boss_relics":[],"items_purged_floors":[10],"is_endless":false,"potions_floor_spawned":[1,6,14],"killed_by":"Hexaghost","ascension_level":5}}