{"host":"z8galgznf6llawpn","time":1611428369,"event":{"mods":["AchievementEnabler","Act Like it!","BaseMod","Colored Map","Defuse TimeMaze Blight","Downfall","Friendly Minions","GifTheSpireLib","Minty Spire (QoL Compilation)","Permanent Neow","Somnambulant","StSLib","Unceasing Turn Reminder"],"gold_per_floor":[99,99,113,113,113,113,139,89,103,203,217,246,266,298,310,408,408,408,424,424,424,141,141,216,241,46,61,91,91,104,122,132,236,236,236,249,243,263,313,332,381,410,424,435,453,153,168,168,187,187,187,213,63,63,63,63],"floor_reached":57,"language":"ENG","playtime":6361,"items_purged":["Pride","Normality"],"score":1286,"play_id":"a1e3cc85-6846-4467-9740-33107cb8d609","local_time":"20210123135929","is_ascension_mode":false,"campfire_choices":[{"data":"Guardian:CurlUp","floor":1.0,"key":"SMITH"},{"data":"Guardian:Orbwalk","floor":18.0,"key":"SMITH"},{"data":"expansioncontent:StudyTheSpire","floor":23.0,"key":"SMITH"},{"data":"Guardian:Suspension","floor":29.0,"key":"SMITH"},{"floor":35,"key":"RECALL"},{"data":"Guardian:WalkerClaw","floor":46,"key":"SMITH"},{"data":"expansioncontent:Chronoboost","floor":54,"key":"SMITH"}],"circlet_count":0,"master_deck":["Guardian:Defend_Guardian","Guardian:CurlUp+1","Guardian:TwinSlam+1","Guardian:FastForward","Guardian:Harden","downfall:Malfunctioning","Guardian:Reroute","Guardian:Repulse+1","Guardian:Recover","Guardian:Orbwalk+1","Pain","Guardian:Suspension+1","Guardian:AncientConstruct","Guardian:Orbwalk","Guardian:BronzeArmor","CurseOfTheBell","Guardian:FloatingOrbs+1","Guardian:Suspension+1","expansioncontent:StudyTheSpire+1","Guardian:CrystalBeam","Guardian:BronzeOrb","Guardian:WalkerClaw+1","Guardian:SphericShield+1","Guardian:RollAttack+1","Guardian:DecasProtection","Guardian:Suspension","Guardian:PiercingHide","Guardian:WalkerClaw+1","Guardian:PrismaticBeam+1","expansioncontent:PolyBeam","expansioncontent:AwakenDeath","expansioncontent:Chronoboost+1"],"relics":["Guardian:ModeShifter","Blue Candle","Vajra","PreservedInsect","Happy Flower","Calling Bell","Guardian:PickAxe","Eternal Feather","FossilizedHelix","Lantern","Shuriken","Bottled Flame","Ornamental Fan","Astrolabe","Anchor","Calipers","HornCleat","downfall:HeartBlessingGreen","downfall:HeartBlessingRed","downfall:HeartBlessingBlue","Ginger","ClockworkSouvenir"],"acts_visited":["Exordium","TheCity","TheBeyond","TheEnding"],"potions_floor_usage":[37,37,37],"damage_taken":[{"damage":5.0,"enemies":"Jaw Worm","floor":3.0,"turns":6.0},{"damage":12.0,"enemies":"downfall:FleeingMerchant","floor":8.0,"turns":4.0},{"damage":9.0,"enemies":"Small Slimes","floor":9.0,"turns":3.0},{"damage":18.0,"enemies":"downfall:Heads","floor":10.0,"turns":5.0},{"damage":10.0,"enemies":"2 Louse","floor":11.0,"turns":3.0},{"damage":10.0,"enemies":"Gremlin Nob","floor":12.0,"turns":4.0},{"damage":2.0,"enemies":"Large Slime","floor":13.0,"turns":7.0},{"damage":11.0,"enemies":"Lagavulin","floor":14.0,"turns":7.0},{"damage":15.0,"enemies":"2 Fungi Beasts","floor":15.0,"turns":4.0},{"damage":52.0,"enemies":"DF_ARCHETYPE_STREAMLINE","floor":16.0,"turns":11.0},{"damage":20.0,"enemies":"Spheric Guardian","floor":19.0,"turns":6.0},{"damage":2.0,"enemies":"downfall:FleeingMerchant","floor":22.0,"turns":4.0},{"damage":28.0,"enemies":"Gremlin Leader","floor":25.0,"turns":7.0},{"damage":21.0,"enemies":"downfall:FleeingMerchant","floor":26.0,"turns":4.0},{"damage":3.0,"enemies":"Snake Plant","floor":27.0,"turns":4.0},{"damage":33.0,"enemies":"Slavers","floor":28.0,"turns":4.0},{"damage":4.0,"enemies":"Shelled Parasite and Fungi","floor":30.0,"turns":5.0},{"damage":17,"enemies":"Centurion and Healer","floor":31,"turns":6},{"damage":22,"enemies":"Snake Plant","floor":32,"turns":5},{"damage":30,"enemies":"IC_MUSHROOM_ARCHETYPE","floor":33,"turns":7},{"damage":0,"enemies":"3 Shapes","floor":36,"turns":5},{"damage":0,"enemies":"downfall:FleeingMerchant","floor":37,"turns":4},{"damage":0,"enemies":"Orb Walker","floor":38,"turns":4},{"damage":6,"enemies":"Orb Walker","floor":39,"turns":6},{"damage":11,"enemies":"Sphere and 2 Shapes","floor":40,"turns":4},{"damage":0,"enemies":"Reptomancer","floor":42,"turns":7},{"damage":0,"enemies":"Transient","floor":43,"turns":5},{"damage":6,"enemies":"4 Shapes","floor":44,"turns":6},{"damage":4,"enemies":"Jaw Worm Horde","floor":45,"turns":6},{"damage":0,"enemies":"Spire Growth","floor":47,"turns":3},{"damage":1,"enemies":"Transient","floor":49,"turns":5},{"damage":0,"enemies":"SI_POISON_ARCHETYPE","floor":50,"turns":7},{"damage":32,"enemies":"downfall:CharBossMerchant","floor":52,"turns":7},{"damage":37,"enemies":"downfall:NeowBoss","floor":55,"turns":11},{"damage":33,"enemies":"downfall:NeowBossFinal","floor":56,"turns":6}],"seed_played":"-2007207438241604715","potions_obtained":[{"floor":9.0,"key":"champ:CounterPotion"},{"floor":10.0,"key":"ColorlessPotion"},{"floor":11.0,"key":"ColorlessPotion"},{"floor":16.0,"key":"SkillPotion"},{"floor":25.0,"key":"Block Potion"},{"floor":27.0,"key":"CultistPotion"},{"floor":30.0,"key":"SkillPotion"},{"floor":38,"key":"Fire Potion"},{"floor":39,"key":"Explosive Potion"}],"is_trial":false,"path_per_floor":["R","?","M","?","?","?","T","$","M","?","M","E","M","E","M","B",null,"R","M","?","?","$","R","T","E","$","M","E","R","M","M","M","B",null,"R","M","$","M","?","M","T","E","M","M","M","R","M","?","M","B",null,"E","$","R","B","B",null],"character_chosen":"GUARDIAN","items_purchased":["Guardian:Repulse","expansioncontent:StudyTheSpire","Guardian:Gem_Blue","Guardian:Gem_Red","Anchor","Fruit Juice","Fruit Juice","ClockworkSouvenir"],"campfire_rested":0,"item_purchase_floors":[8,22,26,26,37,37,37,53],"current_hp_per_floor":[72,72,67,67,72,72,72,60,51,70,60,50,48,37,22,29,77,77,57,57,57,55,67,67,39,18,15,44,59,55,77,55,25,77,77,77,87,87,81,70,70,70,70,81,77,97,97,87,86,86,97,65,65,83,73,40],"gold":63,"neow_bonus":"TRANSFORM_TWO_CARDS","is_daily":false,"chose_seed":false,"campfire_upgraded":6,"win_rate":0.0,"timestamp":1611428369,"path_taken":["R","?","M","?","?","?","T","$","M","?","M","E","?","E","M","BOSS","R","M","?","?","$","R","T","E","$","M","E","R","M","M","M","BOSS","R","M","$","M","?","M","T","E","M","M","M","R","M","?","M","BOSS","E","$","R","BOSS","BOSS"],"items_purchased_type":["Card","Card","Card","Card","Relic","Potion","Potion","Relic"],"build_version":"2020-12-22","purchased_purges":2,"victory":true,"max_hp_per_floor":[72,72,72,72,77,77,77,77,77,77,77,77,77,77,77,77,77,77,77,77,77,77,77,77,77,77,77,77,77,77,77,77,77,77,77,77,87,87,87,87,87,87,87,87,87,97,97,97,97,97,97,97,97,97,97,97],"card_choices":[{"not_picked":["Guardian:SpikerProtocol","Guardian:Gem_Green"],"picked":"Guardian:Reroute","floor":3.0},{"not_picked":["Guardian:Clone","Guardian:CrystalBeam"],"picked":"Guardian:Gem_Red","floor":8.0},{"not_picked":["Guardian:RefractedBeam","Guardian:Gem_Purple"],"picked":"Guardian:Recover","floor":9.0},{"not_picked":["Guardian:Suspension","Guardian:Incinerate"],"picked":"Guardian:Orbwalk","floor":10.0},{"not_picked":["Guardian:PrimingBeam","Guardian:Gem_White"],"picked":"Guardian:Suspension","floor":11.0},{"not_picked":["Guardian:SpikerProtocol","Guardian:RefractedBeam"],"picked":"Guardian:AncientConstruct","floor":12.0},{"not_picked":["Guardian:Gem_Fragmented","Guardian:TemporalShield"],"picked":"Guardian:Orbwalk","floor":13.0},{"not_picked":["Guardian:GuardianWhirl","Guardian:TimeBomb"],"picked":"Guardian:Gem_Red","floor":14.0},{"not_picked":["Guardian:Orbwalk","Guardian:Planning"],"picked":"Guardian:BronzeArmor","floor":15.0},{"not_picked":["Guardian:Gem_Orange","Guardian:RevengeProtocol"],"picked":"Guardian:Gem_Synthetic","floor":16.0},{"not_picked":["Guardian:Reroute","Guardian:BodySlam"],"picked":"Guardian:FloatingOrbs+1","floor":19.0},{"not_picked":["Guardian:TemporalStrike+1","Guardian:Recover"],"picked":"Guardian:Suspension+1","floor":22.0},{"not_picked":["Guardian:ArmoredProtocol","Guardian:Gem_Cyan"],"picked":"Guardian:CrystalBeam","floor":25.0},{"not_picked":["Guardian:DonusPower","Guardian:RevengeProtocol","Guardian:Recover"],"picked":"SKIP","floor":26.0},{"not_picked":["Guardian:VentSteam","Guardian:BodySlam"],"picked":"Guardian:Gem_Crimson","floor":27.0},{"not_picked":["Guardian:ShieldCharger+1","Guardian:DonusPower"],"picked":"Guardian:BronzeOrb","floor":28.0},{"not_picked":["Guardian:TimeBomb","Guardian:Gem_Crimson","Guardian:ChargeCore+1"],"picked":"SKIP","floor":30.0},{"not_picked":["Guardian:Reroute+1","Guardian:ShieldCharger","Guardian:ShieldSpikes"],"picked":"SKIP","floor":31},{"not_picked":["Guardian:CrystalBeam","Guardian:FastForward"],"picked":"Guardian:Gem_Cyan","floor":32},{"not_picked":["Guardian:Gem_Synthetic","Guardian:FierceBash"],"picked":"Guardian:Gem_Orange","floor":33},{"not_picked":["Guardian:ChargeCore+1","Guardian:CrystalBeam+1"],"picked":"Guardian:DecasProtection","floor":36},{"not_picked":["Guardian:TemporalShield+1","Guardian:SpikerProtocol+1","Guardian:Gem_Cyan"],"picked":"SKIP","floor":37},{"not_picked":["Guardian:PiercingHide+1","Guardian:Incinerate+1"],"picked":"Guardian:Suspension","floor":38},{"not_picked":["Guardian:Gem_Cyan","Guardian:Suspension"],"picked":"Guardian:PiercingHide","floor":39},{"not_picked":["Guardian:Planning","Guardian:Clone+1"],"picked":"Guardian:WalkerClaw","floor":40},{"not_picked":["Guardian:Orbwalk+1","Guardian:Gem_Blue"],"picked":"Guardian:PrismaticBeam+1","floor":42},{"not_picked":["Guardian:BronzeArmor+1","Guardian:ArmoredProtocol+1"],"picked":"Guardian:Gem_Green","floor":43},{"not_picked":["Guardian:Orbwalk+1","Guardian:TimeCapacitor+1"],"picked":"Guardian:Gem_Orange","floor":44},{"not_picked":["Guardian:TemporalShield+1","Guardian:Incinerate","Guardian:WalkerClaw+1"],"picked":"SKIP","floor":45},{"not_picked":["Guardian:TemporalShield","Guardian:Gem_Fragmented"],"picked":"Guardian:Gem_Green","floor":47},{"not_picked":["expansioncontent:HyperBeam","expansioncontent:AwakenDeath"],"picked":"expansioncontent:PolyBeam","floor":48},{"not_picked":["expansioncontent:PolyBeam","expansioncontent:PrepareCrush"],"picked":"expansioncontent:AwakenDeath","floor":48},{"not_picked":["expansioncontent:AwakenDeath","expansioncontent:PolyBeam"],"picked":"expansioncontent:Chronoboost","floor":48},{"not_picked":["Guardian:Reroute","Guardian:Clone+1","Guardian:ArmoredProtocol"],"picked":"SKIP","floor":49},{"not_picked":["Guardian:WalkerClaw","Guardian:TimeBomb"],"picked":"Guardian:Gem_Lightblue","floor":52}],"player_experience":405386,"relics_obtained":[{"floor":7.0,"key":"Vajra"},{"floor":12.0,"key":"PreservedInsect"},{"floor":14.0,"key":"Happy Flower"},{"floor":17.0,"key":"Guardian:PickAxe"},{"floor":17.0,"key":"Eternal Feather"},{"floor":17.0,"key":"FossilizedHelix"},{"floor":24.0,"key":"Shuriken"},{"floor":25.0,"key":"Bottled Flame"},{"floor":28.0,"key":"Ornamental Fan"},{"floor":39,"key":"Calipers"},{"floor":42,"key":"HornCleat"},{"floor":52,"key":"Ginger"}],"event_choices":[{"cards_removed":["Guardian:Defend_Guardian"],"damage_healed":0.0,"max_hp_gain":0.0,"max_hp_loss":0.0,"gold_gain":0.0,"event_name":"The Cleric","player_choice":"Card Removal","floor":4.0,"gold_loss":0.0,"damage_taken":0.0},{"damage_healed":0.0,"max_hp_gain":5.0,"max_hp_loss":0.0,"gold_gain":0.0,"event_name":"Big Fish","player_choice":"Donut","floor":5.0,"gold_loss":0.0,"damage_taken":0.0},{"damage_healed":0.0,"max_hp_gain":0.0,"max_hp_loss":0.0,"gold_gain":0.0,"event_name":"Addict","player_choice":"Stole Relic","floor":20.0,"gold_loss":0.0,"damage_taken":0.0,"relics_obtained":["Lantern"],"cards_obtained":["Pride"]},{"damage_healed":0.0,"max_hp_gain":0.0,"max_hp_loss":0.0,"gold_gain":0.0,"event_name":"Ghosts","player_choice":"Ignored","floor":21.0,"gold_loss":0.0,"damage_taken":0.0}],"is_beta":false,"boss_relics":[{"not_picked":["Runic Pyramid","Philosopher\u0027s Stone"],"picked":"Calling Bell"},{"not_picked":["Cursed Key","Runic Dome"],"picked":"Astrolabe"}],"items_purged_floors":[22,26],"is_endless":false,"potions_floor_spawned":[9,10,11,16,19,25,27,30,38,39,47],"ascension_level":0}}