{"host":"7y32p1l00v3bepzd","time":1611404649,"event":{"mods":["Arknights The Spire","Ascension Reborn","BaseMod","Colored Powertips","Decade(王小明)","Downfall","Highlight Path","Marisa（F雨　魔理沙）","Minty Spire (QoL Compilation)","Quick Restart","Spicy Shops","StSLib","Td1madao Mod","The Servant 0.9.4","Waifu the Spire","vexMod"],"gold_per_floor":[112,112,127,127,102,102,128,139,139,139,164,164,164,177,177,279,279,291,310,326,36,53,53,85,35,58,58,73,73,73,73],"floor_reached":30,"language":"ZHS","playtime":1969,"items_purged":["ats:Mental Burst"],"score":258,"play_id":"d8ca16a7-f2eb-489f-b8c2-df79e1561e9a","local_time":"20210123202409","is_ascension_mode":true,"campfire_choices":[{"data":"Deep Breath","floor":6.0,"key":"SMITH"},{"floor":12.0,"key":"REST"},{"data":"ats:Overload","floor":15.0,"key":"SMITH"},{"data":"ats:Closed Bolt Burst Fire","floor":23,"key":"SMITH"},{"data":"ats:Rapid Magazine","floor":27,"key":"SMITH"},{"data":"ats:Volcano","floor":29,"key":"SMITH"}],"circlet_count":15,"master_deck":["ats:Armor Crushing Shot","ats:Emotion Absorption","Deep Breath+1","ats:Apocalypse","ats:Volcano+1","ats:Hammer On+1","FastForward+1","ats:Revitalization+1","ats:Overload+1","ats:Dogmatic Field","ats:Rapid Magazine+1","ats:Sunburst","ats:Healing Drone+1","ats:Leaping Hammer","ats:Durian+1","ats:Consecutive Shot Auto","ats:Thorns","ats:Closed Bolt Burst Fire+1","ats:Flexible Camouflage+1","ats:Encircling Forest+1","ats:Healing Drone+1","ats:Serious Mode+1","ats:Healing Drone+1","ats:Red Shift+1"],"relics":["ats:Sanity","Circlet","Toxic Egg 2","ats:Originium","Pantograph","Centennial Puzzle","Juzu Bracelet","Pandora\u0027s Box","Membership Card","Tiny Chest","Akabeko"],"acts_visited":["Exordium","TheCity"],"potions_floor_usage":[],"damage_taken":[{"damage":1.0,"enemies":"Jaw Worm","floor":1.0,"turns":3.0},{"damage":7.0,"enemies":"Small Slimes","floor":3.0,"turns":3.0},{"damage":33.0,"enemies":"3 Sentries","floor":7.0,"turns":10.0},{"damage":0.0,"enemies":"2 Louse","floor":8.0,"turns":2.0},{"damage":47.0,"enemies":"Gremlin Nob","floor":11.0,"turns":5.0},{"damage":9.0,"enemies":"Lots of Slimes","floor":14.0,"turns":3.0},{"damage":65.0,"enemies":"The Guardian","floor":16.0,"turns":11.0},{"damage":16,"enemies":"3 Byrds","floor":18,"turns":6},{"damage":77,"enemies":"Chosen","floor":19,"turns":6},{"damage":49,"enemies":"Shelled Parasite and Fungi","floor":20,"turns":6},{"damage":63,"enemies":"Chosen and Byrds","floor":22,"turns":9},{"damage":68,"enemies":"Gremlin Leader","floor":24,"turns":9},{"damage":23,"enemies":"Snecko","floor":28,"turns":3},{"damage":16,"enemies":"3 Cultists","floor":30,"turns":3}],"seed_played":"4247768137412137688","potions_obtained":[{"floor":3.0,"key":"SkillPotion"},{"floor":7.0,"key":"Fire Potion"},{"floor":18,"key":"DuplicationPotion"}],"is_trial":false,"path_per_floor":["M","?","M","?","?","R","E","M","T","?","E","R","?","M","R","B",null,"M","M","M","$","M","R","E","?","T","R","M","R","M"],"character_chosen":"DOCTOR_CLASS","items_purchased":["Membership Card","ats:Encircling Forest+1","ats:Healing Drone+1"],"campfire_rested":1,"item_purchase_floors":[21,21,21],"current_hp_per_floor":[71,71,64,64,64,64,41,41,41,41,4,25,25,28,28,35,72,72,29,20,20,19,19,11,11,11,11,1,1,0,0],"gold":73,"neow_bonus":"RANDOM_COLORLESS","is_daily":false,"chose_seed":false,"campfire_upgraded":5,"win_rate":0.0,"timestamp":1611404649,"path_taken":["M","?","M","?","?","R","E","M","T","?","E","R","?","M","R","BOSS","M","M","M","$","M","R","E","?","T","R","M","R","M"],"items_purchased_type":["Relic","Card","Card"],"build_version":"2020-12-22","purchased_purges":1,"victory":false,"max_hp_per_floor":[72,72,72,72,72,72,72,72,72,72,72,72,72,72,72,72,72,72,72,72,72,72,72,72,72,72,72,72,72,72,72],"card_choices":[{"not_picked":["Mind Blast","Madness"],"picked":"Deep Breath","floor":0.0},{"not_picked":["ats:Childhood Dance","ats:Very Hot Blade"],"picked":"ats:Explosion Area Strengthen","floor":1.0},{"not_picked":["ats:Leaping Hammer","ats:Consecutive Shot Auto"],"picked":"ats:Apocalypse","floor":3.0},{"not_picked":["ats:Rapid Magazine","ats:Closed Bolt Burst Fire"],"picked":"ats:Volcano","floor":7.0},{"not_picked":["ats:Encircling Forest+1","ats:Closed Bolt Burst Fire"],"picked":"ats:Hammer On","floor":8.0},{"not_picked":["ats:Support Order+1","ats:Blood Oath"],"picked":"ats:Revitalization+1","floor":11.0},{"not_picked":["ats:Explosion Area Strengthen","ats:Poison Spread"],"picked":"ats:Overload","floor":14.0},{"not_picked":["ats:Ambush","ats:True Silver Slash"],"picked":"ats:Dogmatic Field","floor":16.0},{"not_picked":["ats:Very Hot Blade+1","ats:Cat Scratch"],"picked":"ats:Closed Bolt Burst Fire","floor":18},{"not_picked":["ats:Hammer On","ats:Consecutive Shot Auto"],"picked":"ats:Flexible Camouflage+1","floor":19},{"not_picked":["ats:Closed Bolt Burst Fire+1","ats:Rapid Magazine","ats:Guardian Obelisk+1"],"picked":"SKIP","floor":20},{"not_picked":["ats:Part Time Job","ats:Automatic Cover+1"],"picked":"ats:Serious Mode+1","floor":22},{"not_picked":["ats:Revitalization+1","ats:Burning Ground"],"picked":"ats:Healing Drone+1","floor":24},{"not_picked":["ats:Closed Bolt Burst Fire","ats:Revitalization+1"],"picked":"ats:Red Shift+1","floor":28}],"player_experience":351500,"relics_obtained":[{"floor":1.0,"key":"LetterFromLob"},{"floor":7.0,"key":"ats:Originium"},{"floor":7.0,"key":"Pantograph"},{"floor":9.0,"key":"Centennial Puzzle"},{"floor":11.0,"key":"ats:Originium"},{"floor":11.0,"key":"Juzu Bracelet"},{"floor":24,"key":"ats:Originium"},{"floor":24,"key":"Tiny Chest"},{"floor":26,"key":"Akabeko"}],"event_choices":[{"damage_healed":0.0,"max_hp_gain":0.0,"max_hp_loss":0.0,"gold_gain":0.0,"cards_transformed":["ats:Strike G"],"event_name":"Living Wall","player_choice":"Change","floor":4.0,"gold_loss":0.0,"damage_taken":0.0,"cards_obtained":["ats:Mental Burst"]},{"cards_removed":["ats:Explosion Area Strengthen"],"damage_healed":0.0,"max_hp_gain":0.0,"max_hp_loss":0.0,"gold_gain":0.0,"event_name":"NoteForYourself","player_choice":"Took Card","floor":10.0,"gold_loss":0.0,"damage_taken":0.0,"cards_obtained":["FastForward"]},{"damage_healed":0.0,"max_hp_gain":0.0,"max_hp_loss":0.0,"gold_gain":0.0,"event_name":"Accursed Blacksmith","player_choice":"Forge","floor":13.0,"gold_loss":0.0,"damage_taken":0.0,"cards_upgraded":["ats:Hammer On"]},{"damage_healed":0,"gold_gain":0,"player_choice":"Bet on Murderer","damage_taken":0,"max_hp_gain":0,"max_hp_loss":0,"event_name":"The Joust","floor":25,"gold_loss":50}],"is_beta":false,"boss_relics":[{"not_picked":["Cursed Key","ats:Omniscience"],"picked":"Pandora\u0027s Box"}],"items_purged_floors":[21],"is_endless":false,"potions_floor_spawned":[3,7,8,18,19,24],"killed_by":"3 Cultists","ascension_level":0}}