{"host":"t4jsb5tuksjmo64s","time":1611378786,"event":{"mods":["AchievementEnabler","BaseMod","Block Reminder","Colored Map","Colored Powertips","Dark Map","Highlight Path","Minty Spire (QoL Compilation)","Quick Restart","Random Character Button","Rare Cards Sparkle","Relic Stats"],"gold_per_floor":[15,27,46,46,46,46,75,75,98,116,146,0,19,19,19,123,123,148,193,205,217,240,252,284,306,341,353,365,377,389,389],"floor_reached":30,"language":"ENG","playtime":1740,"items_purged":[],"score":230,"play_id":"079fb107-6318-45ff-b980-4500e453604e","local_time":"20210123001306","is_ascension_mode":false,"campfire_choices":[{"data":"Hemokinesis","floor":6,"key":"SMITH"},{"data":"Magnetism","floor":8,"key":"SMITH"},{"floor":15,"key":"REST"},{"floor":23,"key":"REST"},{"data":"Brutality","floor":27,"key":"SMITH"},{"floor":29,"key":"REST"}],"circlet_count":0,"master_deck":["Strike_R","Strike_R","Strike_R+1","Strike_R","Strike_R+1","Defend_R","Defend_R","Defend_R","Defend_R","Bash","Magnetism+1","Rupture","Inflame","Hemokinesis+1","Rupture","Ghostly Armor","Brutality+1","CurseOfTheBell","Flame Barrier+1","Combust","Seeing Red+1","Blood for Blood","Heavy Blade+1"],"relics":["Burning Blood","Bag of Preparation","Boot","Whetstone","Ornamental Fan","Oddly Smooth Stone","Calling Bell","MawBank","Toxic Egg 2","FossilizedHelix","Toy Ornithopter","MutagenicStrength"],"acts_visited":["Exordium","TheCity"],"potions_floor_usage":[7,16,25,25],"damage_taken":[{"damage":6,"enemies":"Jaw Worm","floor":1,"turns":5},{"damage":10,"enemies":"Small Slimes","floor":2,"turns":6},{"damage":21,"enemies":"2 Louse","floor":3,"turns":5},{"damage":17,"enemies":"Lagavulin","floor":7,"turns":6},{"damage":26,"enemies":"Blue Slaver","floor":10,"turns":3},{"damage":15,"enemies":"Exordium Thugs","floor":13,"turns":5},{"damage":38,"enemies":"The Guardian","floor":16,"turns":11},{"damage":26,"enemies":"Spheric Guardian","floor":18,"turns":6},{"damage":52,"enemies":"3 Byrds","floor":19,"turns":7},{"damage":12,"enemies":"Snecko","floor":22,"turns":4},{"damage":13,"enemies":"Snake Plant","floor":24,"turns":5},{"damage":11,"enemies":"Centurion and Healer","floor":25,"turns":5},{"damage":51,"enemies":"Slavers","floor":30,"turns":3}],"seed_played":"-7707588853931801529","potions_obtained":[{"floor":1,"key":"ElixirPotion"},{"floor":2,"key":"Strength Potion"},{"floor":3,"key":"Block Potion"},{"floor":18,"key":"Strength Potion"},{"floor":24,"key":"AttackPotion"}],"is_trial":false,"path_per_floor":["M","M","M","?","?","R","E","R","T","M","?","$","M","$","R","B",null,"M","M","$","?","M","R","M","M","T","R","?","R","E"],"character_chosen":"IRONCLAD","items_purchased":["Oddly Smooth Stone"],"campfire_rested":3,"item_purchase_floors":[12],"current_hp_per_floor":[80,76,61,66,63,63,52,52,52,32,32,32,23,23,48,16,85,65,19,19,16,10,35,28,23,23,23,23,48,0,0],"gold":389,"neow_bonus":"RANDOM_COLORLESS_2","is_daily":false,"chose_seed":false,"campfire_upgraded":3,"win_rate":0.0,"timestamp":1611378786,"path_taken":["M","M","M","?","?","R","E","R","T","M","?","?","?","$","R","BOSS","M","M","$","?","M","R","M","?","T","R","?","R","E"],"items_purchased_type":["Relic"],"build_version":"2020-12-22","purchased_purges":0,"victory":false,"max_hp_per_floor":[80,80,80,85,85,85,85,85,85,85,85,85,85,85,85,85,85,85,85,85,85,85,85,85,85,85,85,85,85,85,85],"relic_stats":{"counters":[13,71],"Ornamental Fan":[24],"Bag of Preparation":[20],"Whetstone":["Strike_R","Strike_R"],"Boot":[8],"MawBank":156,"obtain_stats":[{"Calling Bell":17,"Ornamental Fan":11,"MutagenicStrength":28,"Oddly Smooth Stone":12,"Bag of Preparation":5,"Whetstone":9,"Toxic Egg 2":17,"Boot":7,"MawBank":17,"Burning Blood":0,"FossilizedHelix":17,"Toy Ornithopter":26},{"Calling Bell":7,"Ornamental Fan":5,"MutagenicStrength":12,"Oddly Smooth Stone":5,"Bag of Preparation":3,"Whetstone":4,"Toxic Egg 2":7,"Boot":4,"MawBank":7,"Burning Blood":0,"FossilizedHelix":7,"Toy Ornithopter":12},{"Calling Bell":41,"Ornamental Fan":25,"MutagenicStrength":68,"Oddly Smooth Stone":25,"Bag of Preparation":16,"Whetstone":22,"Toxic Egg 2":41,"Boot":22,"MawBank":41,"Burning Blood":0,"FossilizedHelix":41,"Toy Ornithopter":68}],"Burning Blood":72,"Toy Ornithopter":0},"card_choices":[{"not_picked":["HandOfGreed","Apotheosis"],"picked":"Magnetism","floor":0},{"not_picked":["Metallicize","Twin Strike"],"picked":"Rupture","floor":1},{"not_picked":["Clash","Anger"],"picked":"Inflame","floor":2},{"not_picked":["Cleave","True Grit"],"picked":"Hemokinesis","floor":3},{"not_picked":["Clash","Shrug It Off"],"picked":"Rupture","floor":7},{"not_picked":["Uppercut","Armaments"],"picked":"Ghostly Armor","floor":10},{"not_picked":["Searing Blow","Second Wind","Shrug It Off"],"picked":"SKIP","floor":13},{"not_picked":["Offering","Limit Break"],"picked":"Brutality","floor":16},{"not_picked":["Pommel Strike","Wild Strike+1"],"picked":"Flame Barrier+1","floor":18},{"not_picked":["Pommel Strike+1","Rupture"],"picked":"Combust","floor":19},{"not_picked":["Heavy Blade","Metallicize"],"picked":"Seeing Red+1","floor":22},{"not_picked":["Feel No Pain+1","Wild Strike+1"],"picked":"Blood for Blood","floor":24},{"not_picked":["Searing Blow","Havoc+1"],"picked":"Heavy Blade+1","floor":25}],"player_experience":219397,"relics_obtained":[{"floor":7,"key":"Boot"},{"floor":9,"key":"Whetstone"},{"floor":17,"key":"MawBank"},{"floor":17,"key":"Toxic Egg 2"},{"floor":17,"key":"FossilizedHelix"},{"floor":26,"key":"Toy Ornithopter"}],"event_choices":[{"damage_healed":0,"gold_gain":0,"player_choice":"Donut","damage_taken":0,"max_hp_gain":5,"max_hp_loss":0,"event_name":"Big Fish","floor":4,"gold_loss":0},{"damage_healed":0,"gold_gain":0,"player_choice":"Success","damage_taken":3,"relics_obtained":["Bag of Preparation"],"max_hp_gain":0,"max_hp_loss":0,"event_name":"Scrap Ooze","floor":5,"gold_loss":0},{"damage_healed":0,"gold_gain":30,"player_choice":"Searched \u00273\u0027 times","damage_taken":0,"relics_obtained":["Ornamental Fan"],"max_hp_gain":0,"max_hp_loss":0,"event_name":"Dead Adventurer","floor":11,"gold_loss":0},{"damage_healed":0,"gold_gain":0,"player_choice":"Punched","damage_taken":3,"max_hp_gain":0,"max_hp_loss":0,"event_name":"Designer","floor":21,"gold_loss":0},{"damage_healed":0,"gold_gain":0,"player_choice":"Inject Mutagens","damage_taken":0,"relics_obtained":["MutagenicStrength"],"max_hp_gain":0,"max_hp_loss":0,"event_name":"Drug Dealer","floor":28,"gold_loss":0}],"is_beta":false,"boss_relics":[{"not_picked":["Fusion Hammer","Sozu"],"picked":"Calling Bell"}],"items_purged_floors":[],"is_endless":false,"potions_floor_spawned":[1,2,3,18,24],"killed_by":"Slavers","ascension_level":0}}