{"host":"jh7kh5nqtgzr3auj","time":1611425097,"event":{"mods":["AchievementEnabler","Act Like it!","BaseMod","CapriCore","Highlight Path","Minty Spire (QoL Compilation)","Quick Restart","StSLib","TestMod","The Bug Knight"],"gold_per_floor":[111,122,122,122,68,103,120,153,153,188,198,225,0,0,0,100,100,120,45,79,101,101,135,160,204,204,249,249,93,114,150,150,251,251,268,290,312,356,376,406,406,435,435,472,33,33,46,445,445,453,453,453,99,144,196],"floor_reached":56,"language":"ZHS","playtime":9491,"items_purged":["HollowMod:NailStrikeStart","HollowMod:NailStrikeStart"],"score":1975,"play_id":"6301acf1-42e2-47b9-9583-a586b09f9898","local_time":"20210124020457","is_ascension_mode":true,"campfire_choices":[{"data":"HollowMod:ChannelNail","floor":15,"key":"SMITH"},{"data":"HollowMod:theNailsmith","floor":32,"key":"SMITH"},{"data":"HollowMod:NewGlowingWomb","floor":41,"key":"SMITH"},{"data":"HollowMod:NewLastStag","floor":46,"key":"SMITH"},{"floor":49,"key":"RECALL"},{"data":"HollowMod:LifebloodCocoon","floor":52,"key":"SMITH"}],"circlet_count":0,"master_deck":["HollowMod:NailStrikeStart","HollowMod:QuickDashStart","HollowMod:QuickDashStart","HollowMod:QuickDashStart","HollowMod:FocusHealStart","HollowMod:PogoStrike","HollowMod:SoulSplash","HollowMod:GoodIntentions","HollowMod:HowlingWraiths","HollowMod:CornifersMapStart","HollowMod:SoulStrike","HollowMod:ChannelNail+1","HollowMod:NewLastStag+1","HollowMod:ElderbugsWisdom","HollowMod:RecoilStrike+1","HollowMod:ShapeofUnn+1","HollowMod:NewGlowingWomb+1","HollowMod:SoulVessel","HollowMod:CornifersMapStart","HollowMod:LifebloodCocoon+1","HollowMod:theNailsmith+1","HollowMod:CloakDash+1","HollowMod:SlysStrikes","HollowMod:NewLittleFool+1","HollowMod:BaldurShell+1","HollowMod:MothsMistake","HollowMod:DashSlash+1","HollowMod:AwokenDreamNail","HollowMod:SoulEater","Deep Breath","HollowMod:HuntersJournal"],"relics":["HollowMod:VesselMask","testmod-TestBox","testmod-ChristmasGift","White Beast Statue","testmod-Maize","Dead Branch","Blood Vial","testmod-DeterminationOfClimber","Anchor","HollowMod:GreatKnightMask","Bag of Marbles","Sundial","testmod-Charity","Bottled Flame","Philosopher\u0027s Stone","HollowMod:IsmasTear","Shuriken","testmod-InfectionSource","Darkstone Periapt","Oddly Smooth Stone","Calipers","Lantern"],"acts_visited":["Exordium","TheCity","TheBeyond","TheEnding"],"potions_floor_usage":[16,16,16,16,16,16,16,16,16,16,16,16,16,16,16,16,16,16,16,16,16,16,16,16,16,16,16,18,20,21,23,23,23,23,23,23,23,23,23,23,23,23,23,23,23,24,25,25,25,25,25,27,30,30,30,30,30,30,30,30,30,30,30,30,30,30,30,30,30,30,30,30,30,30,30,30,30,30,30,30,30,30,30,30,30,30,30,30,30,30,30,31,31,31,31,31,31,31,31,31,31,33,33,33,36,36,36,36,36,36,36,36,36,36,36,36,36,36,36,36,36,36,36,36,36,36,36,36,36,36,38,50,50,50,50,50,55,55,55,55,55],"damage_taken":[{"damage":0.0,"enemies":"Small Slimes","floor":1.0,"turns":1.0},{"damage":0.0,"enemies":"2 Louse","floor":2.0,"turns":1.0},{"damage":0.0,"enemies":"Lagavulin","floor":6.0,"turns":1.0},{"damage":0.0,"enemies":"Jaw Worm","floor":7.0,"turns":2.0},{"damage":24.0,"enemies":"3 Sentries","floor":8.0,"turns":9.0},{"damage":30.0,"enemies":"Gremlin Nob","floor":10.0,"turns":4.0},{"damage":23.0,"enemies":"Exordium Wildlife","floor":11.0,"turns":5.0},{"damage":0.0,"enemies":"Lagavulin","floor":12.0,"turns":5.0},{"damage":2,"enemies":"Hexaghost","floor":16,"turns":5},{"damage":0,"enemies":"Shell Parasite","floor":18,"turns":2},{"damage":0,"enemies":"Chosen","floor":20,"turns":2},{"damage":4,"enemies":"3 Cultists","floor":21,"turns":2},{"damage":0,"enemies":"Slavers","floor":23,"turns":3},{"damage":0,"enemies":"Shelled Parasite and Fungi","floor":24,"turns":2},{"damage":0,"enemies":"HollowMod:Zote","floor":25,"turns":2},{"damage":0,"enemies":"Book of Stabbing","floor":27,"turns":4},{"damage":0,"enemies":"Snake Plant","floor":30,"turns":1},{"damage":0,"enemies":"Gremlin Leader","floor":31,"turns":3},{"damage":0,"enemies":"Automaton","floor":33,"turns":3},{"damage":0,"enemies":"Orb Walker","floor":35,"turns":2},{"damage":0,"enemies":"3 Darklings","floor":36,"turns":5},{"damage":0,"enemies":"Jaw Worm Horde","floor":37,"turns":2},{"damage":0,"enemies":"Transient","floor":38,"turns":2},{"damage":0,"enemies":"Spire Growth","floor":39,"turns":2},{"damage":0,"enemies":"Reptomancer","floor":40,"turns":3},{"damage":0,"enemies":"Giant Head","floor":42,"turns":2},{"damage":0,"enemies":"HollowMod:StalkingDevout","floor":44,"turns":1},{"damage":0,"enemies":"Maw","floor":47,"turns":3},{"damage":0,"enemies":"Time Eater","floor":50,"turns":4},{"damage":0,"enemies":"Shield and Spear","floor":54,"turns":3},{"damage":1,"enemies":"The Heart","floor":55,"turns":3}],"seed_played":"358114175492595197","potions_obtained":[{"floor":2.0,"key":"DistilledChaos"},{"floor":7.0,"key":"LiquidMemories"},{"floor":10.0,"key":"AttackPotion"},{"floor":11.0,"key":"SkillPotion"},{"floor":12,"key":"BlessingOfTheForge"},{"floor":16,"key":"Block Potion"},{"floor":18,"key":"ColorlessPotion"},{"floor":20,"key":"Explosive Potion"},{"floor":21,"key":"Explosive Potion"},{"floor":23,"key":"DuplicationPotion"},{"floor":24,"key":"SteroidPotion"},{"floor":25,"key":"Fire Potion"},{"floor":27,"key":"PowerPotion"},{"floor":30,"key":"SkillPotion"},{"floor":31,"key":"DistilledChaos"},{"floor":33,"key":"BlessingOfTheForge"},{"floor":35,"key":"LiquidMemories"},{"floor":36,"key":"SkillPotion"},{"floor":37,"key":"EntropicBrew"},{"floor":38,"key":"FearPotion"},{"floor":42,"key":"Weak Potion"},{"floor":54,"key":"BlessingOfTheForge"}],"is_trial":false,"path_per_floor":["M","M","?","?","$","E","M","E","T","E","M","E","?","$","R","B",null,"M","$","M","M","?","E","M","?","T","E","T","$","M","E","R","B",null,"M","M","M","M","M","E","R","E","T","E","$","R","M","?","R","B",null,"R","$","E","B",null],"character_chosen":"THE_BUGKNIGHT","items_purchased":["HollowMod:HowlingWraiths","testmod-Charity","Oddly Smooth Stone","Calipers","HollowMod:AwokenDreamNail","HollowMod:SoulEater","Deep Breath"],"campfire_rested":0,"item_purchase_floors":[5,29,45,45,53,53,53],"current_hp_per_floor":[75,75,68,68,68,68,68,75,75,45,35,46,46,46,46,68,75,75,75,75,71,71,75,75,75,75,75,75,75,87,112,112,144,144,152,169,182,237,252,271,271,289,289,314,314,314,342,343,343,359,359,359,359,387,491],"gold":196,"neow_bonus":"THREE_ENEMY_KILL","is_daily":false,"chose_seed":false,"campfire_upgraded":5,"win_rate":0.0,"timestamp":1611425097,"path_taken":["M","M","?","?","$","E","M","E","T","E","M","E","?","?","R","BOSS","M","$","M","M","?","E","?","?","T","E","?","$","M","E","R","BOSS","M","M","M","M","M","E","R","E","T","E","$","R","?","?","R","BOSS","R","$","E","BOSS"],"items_purchased_type":["Card","Relic","Relic","Relic","Card","Card","Card"],"build_version":"2020-12-22","purchased_purges":2,"victory":true,"max_hp_per_floor":[75,75,75,75,75,75,75,75,75,75,75,75,75,75,75,75,75,75,75,75,75,75,75,75,75,75,75,75,75,87,112,112,144,144,152,169,182,237,252,271,271,289,289,314,314,314,342,343,343,359,359,359,359,387,491],"card_choices":[{"not_picked":["HollowMod:SiblingsSouls","HollowMod:HeavyBlow"],"picked":"HollowMod:SoulSplash","floor":1.0},{"not_picked":["HollowMod:BrokenVessel","HollowMod:SoulSplash"],"picked":"HollowMod:GoodIntentions","floor":2.0},{"not_picked":["HollowMod:CornifersMapStart","HollowMod:NewInfectedGuardian","HollowMod:ShadowDash"],"picked":"SKIP","floor":6.0},{"not_picked":["HollowMod:NewInfectedGuardian","HollowMod:ShadowDash"],"picked":"HollowMod:CornifersMapStart","floor":6.0},{"not_picked":["HollowMod:LuriensSpire","HollowMod:WraithStrike"],"picked":"HollowMod:SoulStrike","floor":7.0},{"not_picked":["HollowMod:SoulStrike","HollowMod:LifebloodCocoon","HollowMod:CornifersMapStart"],"picked":"SKIP","floor":8.0},{"not_picked":["HollowMod:InfectionAssault","HollowMod:FallenFury","HollowMod:Grubsong"],"picked":"SKIP","floor":10.0},{"not_picked":["HollowMod:MawleksShell","HollowMod:GrimmsGift","HollowMod:LuriensSpire"],"picked":"SKIP","floor":11.0},{"not_picked":["HollowMod:InfectedCysts","HollowMod:MothsMistake"],"picked":"HollowMod:ChannelNail","floor":12},{"not_picked":["HollowMod:VoidDash","HollowMod:HornetsHelp"],"picked":"HollowMod:ElderbugsWisdom","floor":16},{"not_picked":["HollowMod:CrystalDash","HollowMod:SharpenedNail"],"picked":"HollowMod:RecoilStrike+1","floor":18},{"not_picked":["HollowMod:ChannelNail","HollowMod:SiblingsSouls"],"picked":"HollowMod:ShapeofUnn","floor":20},{"not_picked":["HollowMod:DungDefenderAura","HollowMod:SoulSplash+1"],"picked":"HollowMod:NewGlowingWomb","floor":21},{"not_picked":["HollowMod:QuirrelsAssistance","HollowMod:HowlingWraiths"],"picked":"HollowMod:SoulVessel","floor":23},{"not_picked":["HollowMod:VengefulVoid","HollowMod:WraithStrike+1"],"picked":"HollowMod:CornifersMapStart","floor":24},{"not_picked":["HollowMod:GoodIntentions","HollowMod:SharpenedNail"],"picked":"HollowMod:LifebloodCocoon","floor":25},{"not_picked":["HollowMod:AbyssShriek+1","HollowMod:InfectedAttack","HollowMod:SoulStrike"],"picked":"SKIP","floor":27},{"not_picked":["HollowMod:SoulStrike+1","HollowMod:InfectedCysts"],"picked":"HollowMod:theNailsmith","floor":30},{"not_picked":["HollowMod:ShapeofUnn+1","HollowMod:DoubleDash+1"],"picked":"HollowMod:CloakDash+1","floor":31},{"not_picked":["HollowMod:LifebloodCore","HollowMod:HornetsHelp"],"picked":"HollowMod:SlysStrikes","floor":33},{"not_picked":["HollowMod:WraithStrike","HollowMod:VengefulVoid","HollowMod:LuriensSpire+1"],"picked":"SKIP","floor":35},{"not_picked":["HollowMod:FastStrike+1","HollowMod:HeavyBlow"],"picked":"HollowMod:NewLittleFool+1","floor":36},{"not_picked":["HollowMod:DescendingDark","HollowMod:DashSlash","HollowMod:MonomonsArchive"],"picked":"SKIP","floor":37},{"not_picked":["HollowMod:SiblingsSouls","HollowMod:ShadowDash+1"],"picked":"HollowMod:BaldurShell+1","floor":38},{"not_picked":["HollowMod:SoulSplash+1","HollowMod:GoodIntentions","HollowMod:VoidDash"],"picked":"SKIP","floor":39},{"not_picked":["HollowMod:DescendingDark","HollowMod:VoidDash","HollowMod:SoulSplash"],"picked":"SKIP","floor":40},{"not_picked":["HollowMod:ShadowDash+1","HollowMod:SoulStrike+1","HollowMod:HeavyBlow+1"],"picked":"SKIP","floor":42},{"not_picked":["HollowMod:HeavyBlow+1","HollowMod:GoodIntentions+1"],"picked":"HollowMod:MothsMistake","floor":44},{"not_picked":["HollowMod:MawleksShell+1","HollowMod:LifebloodCocoon"],"picked":"HollowMod:DashSlash+1","floor":47},{"not_picked":["HollowMod:DungDefenderAura","HollowMod:CrystalDash"],"picked":"HollowMod:HuntersJournal","floor":54}],"player_experience":313668,"relics_obtained":[{"floor":6.0,"key":"White Beast Statue"},{"floor":8.0,"key":"testmod-Maize"},{"floor":9.0,"key":"Dead Branch"},{"floor":10.0,"key":"Blood Vial"},{"floor":23,"key":"Anchor"},{"floor":25,"key":"HollowMod:GreatKnightMask"},{"floor":26,"key":"Bag of Marbles"},{"floor":27,"key":"Sundial"},{"floor":31,"key":"Bottled Flame"},{"floor":40,"key":"HollowMod:IsmasTear"},{"floor":42,"key":"Shuriken"},{"floor":43,"key":"testmod-InfectionSource"},{"floor":44,"key":"Darkstone Periapt"},{"floor":54,"key":"Lantern"}],"event_choices":[{"cards_removed":["HollowMod:QuickDashStart"],"damage_healed":0.0,"max_hp_gain":0.0,"max_hp_loss":0.0,"gold_gain":0.0,"event_name":"Golden Wing","player_choice":"Card Removal","floor":3.0,"gold_loss":0.0,"damage_taken":7.0},{"cards_removed":["HollowMod:NailStrikeStart"],"damage_healed":0.0,"max_hp_gain":0.0,"max_hp_loss":0.0,"gold_gain":0.0,"event_name":"Living Wall","player_choice":"Forget","floor":4.0,"gold_loss":0.0,"damage_taken":0.0},{"damage_healed":0,"gold_gain":0,"player_choice":"Forge","damage_taken":0,"max_hp_gain":0,"max_hp_loss":0,"event_name":"Accursed Blacksmith","floor":22,"gold_loss":0,"cards_upgraded":["HollowMod:ShapeofUnn"]},{"damage_healed":0,"gold_gain":400,"player_choice":"Sell","damage_taken":0,"max_hp_gain":0,"max_hp_loss":0,"event_name":"¶÷ÂåË¹µÄÅÌ×Ó","floor":48,"relics_lost":["NeowsBlessing"],"gold_loss":0}],"is_beta":false,"boss_relics":[{"not_picked":["Ectoplasm","testmod-NegativeEmotionEnhancer"],"picked":"testmod-DeterminationOfClimber"},{"not_picked":["testmod-Recursion","testmod-BatchProcessingSystem"],"picked":"Philosopher\u0027s Stone"}],"items_purged_floors":[19,53],"is_endless":false,"potions_floor_spawned":[2,7,8,10,11,12,16,18,20,21,23,24,25,27,30,31,33,35,36,37,38,39,40,42,44,47,54],"ascension_level":4}}