{"host":"ws4mzzemcqsz5e2k","time":1611412632,"event":{"mods":["Act Like it!","BaseMod","Better Synergies","Colored Powertips","Downfall","Minty Spire (QoL Compilation)","Quick Restart","Relic Stats","StSLib","没有小屋子和绿帽子啦"],"gold_per_floor":[99,999999,1000016,1000016,999471,999487,999487,999487,999587,999605,999505,999536,999551,999581,999601,999680,999680,999580,999580,999591,998661,998680,998680,998707,998736,998636,998670,998058,998058,998058],"floor_reached":28,"language":"ZHS","playtime":1571,"items_purged":["bronze:Strike","bronze:Defend","bronze:Defend"],"score":782,"play_id":"3c58b1e7-8495-481a-b3ad-8a4c35fcfc5d","local_time":"20210123223712","daily_mods":["Heirloom","downfall:Lament","Elite Swarm","Uncertain Future"],"is_ascension_mode":true,"campfire_choices":[{"floor":1.0,"key":"RECALL"},{"data":"Trip","floor":11.0,"key":"SMITH"},{"data":"bronze:Goto","floor":18.0,"key":"SMITH"},{"data":"bronze:ClassDefault","floor":23.0,"key":"SMITH"},{"data":"bronze:Library","floor":26,"key":"SMITH"}],"circlet_count":0,"master_deck":["bronze:Defend+1","AscendersBane","bronze:Replicate","bronze:Goto+1","bronze:Overheat+1","bronze:ClassDefault+1","bronze:Replicate","bronze:Flail+1","Trip+1","downfall:Malfunctioning","bronze:Turbo","bronze:ThunderWave","bronze:Invalidate+1","bronze:BronzeOrb+1","bronze:HardenedForm+1","bronze:Repulsor+1","bronze:FineTuning+1","bronze:Goto+1","bronze:Library+1"],"relics":["bronze:BronzeCore","NeowsBlessing","Thread and Needle","bronze:SilverBullet","Potion Belt","bronze:DonusWashers","Kunai","Toy Ornithopter","downfall:HeartBlessingRed","MealTicket","Blood Vial","Astrolabe","downfall:HeartBlessingGreen","Toxic Egg 2","Vajra","DollysMirror","Happy Flower","downfall:HeartBlessingBlue","Lantern","Bag of Preparation","Nunchaku","Guardian:BottledAnomaly"],"acts_visited":["Exordium","TheCity"],"potions_floor_usage":[],"damage_taken":[{"damage":0.0,"enemies":"Small Slimes","floor":2.0,"turns":1.0},{"damage":0.0,"enemies":"2 Louse","floor":3.0,"turns":1.0},{"damage":0.0,"enemies":"downfall:FleeingMerchant","floor":5.0,"turns":1.0},{"damage":0.0,"enemies":"Cultist","floor":6.0,"turns":2.0},{"damage":0.0,"enemies":"downfall:LadyInBlue","floor":9.0,"turns":6.0},{"damage":1.0,"enemies":"Exordium Thugs","floor":10.0,"turns":4.0},{"damage":4.0,"enemies":"Lagavulin","floor":12.0,"turns":4.0},{"damage":0.0,"enemies":"2 Fungi Beasts","floor":13.0,"turns":2.0},{"damage":0.0,"enemies":"3 Sentries","floor":14.0,"turns":4.0},{"damage":4.0,"enemies":"Blue Slaver","floor":15.0,"turns":2.0},{"damage":51.0,"enemies":"WA_ARCHETYPE_RETAIN","floor":16.0,"turns":7.0},{"damage":11.0,"enemies":"Spheric Guardian","floor":20.0,"turns":4.0},{"damage":0.0,"enemies":"Chosen","floor":22.0,"turns":2.0},{"damage":26,"enemies":"Book of Stabbing","floor":25,"turns":4},{"damage":6,"enemies":"Slavers","floor":27,"turns":2}],"seed_played":"1644290331340699202","potions_obtained":[{"floor":2.0,"key":"SneckoOil"},{"floor":9.0,"key":"champ:CounterPotion"},{"floor":9.0,"key":"DistilledChaos"},{"floor":9.0,"key":"Block Potion"},{"floor":12.0,"key":"SteroidPotion"},{"floor":16.0,"key":"SpeedPotion"},{"floor":22.0,"key":"SteroidPotion"}],"is_trial":true,"path_per_floor":["R","M","M","?","$","M","T","?","?","M","R","E","M","E","M","B",null,"R","?","M","$","M","R","T","E","R","E","$"],"character_chosen":"THE_AUTOMATON","items_purchased":["bronze:SilverBullet","Potion Belt","bronze:DonusWashers","PowerPotion","Swift Potion","BlessingOfTheForge","Trip","Toxic Egg 2","Vajra","bronze:FineTuning+1","DollysMirror","SteroidPotion","Explosive Potion","bronze:FreeFunctionsPotion","Bag of Preparation","Nunchaku","Guardian:BottledAnomaly"],"campfire_rested":0,"item_purchase_floors":[5,5,5,5,5,5,5,21,21,21,21,21,21,21,28,28,28],"current_hp_per_floor":[57,57,57,57,57,57,57,57,57,56,56,62,62,63,59,15,51,51,51,42,57,59,59,59,35,45,41,56,56,56],"gold":998058,"neow_bonus":"","is_daily":false,"chose_seed":false,"campfire_upgraded":4,"win_rate":0.0,"timestamp":1611412632,"path_taken":["R","M","M","?","$","M","T","?","?","M","R","E","M","E","M","BOSS","R","?","M","?","M","R","T","E","R","E","$"],"items_purchased_type":["Relic","Relic","Relic","Potion","Potion","Potion","Card","Relic","Relic","Card","Relic","Potion","Potion","Potion","Relic","Relic","Relic"],"build_version":"2020-12-22","purchased_purges":3,"victory":false,"max_hp_per_floor":[63,63,63,63,63,63,63,63,63,63,63,63,63,63,63,63,63,63,63,63,63,63,63,63,63,73,73,73,73,73],"relic_stats":{"Blood Vial":10,"Nunchaku":[0],"Happy Flower":[0],"counters":[15,46],"Astrolabe":["bronze:Invalidate","bronze:BronzeOrb","bronze:HardenedForm"],"MealTicket":30,"Bag of Preparation":[0],"Kunai":[20],"obtain_stats":[{"Potion Belt":5,"bronze:DonusWashers":5,"Lantern":27,"bronze:BronzeCore":0,"NeowsBlessing":0,"downfall:HeartBlessingRed":11,"Happy Flower":25,"Astrolabe":17,"Vajra":21,"Thread and Needle":0,"downfall:HeartBlessingGreen":18,"Bag of Preparation":28,"Blood Vial":14,"Nunchaku":28,"DollysMirror":21,"downfall:HeartBlessingBlue":26,"MealTicket":12,"Kunai":7,"Toxic Egg 2":21,"Guardian:BottledAnomaly":28,"bronze:SilverBullet":5,"Toy Ornithopter":9},{"Potion Belt":3,"bronze:DonusWashers":3,"Lantern":15,"bronze:BronzeCore":0,"NeowsBlessing":0,"downfall:HeartBlessingRed":6,"Happy Flower":14,"Astrolabe":11,"Vajra":12,"Thread and Needle":0,"downfall:HeartBlessingGreen":11,"Bag of Preparation":15,"Blood Vial":9,"Nunchaku":15,"DollysMirror":12,"downfall:HeartBlessingBlue":14,"MealTicket":7,"Kunai":4,"Toxic Egg 2":12,"Guardian:BottledAnomaly":15,"bronze:SilverBullet":3,"Toy Ornithopter":5},{"Potion Belt":3,"bronze:DonusWashers":3,"Lantern":46,"bronze:BronzeCore":0,"NeowsBlessing":0,"downfall:HeartBlessingRed":15,"Happy Flower":44,"Astrolabe":34,"Vajra":38,"Thread and Needle":0,"downfall:HeartBlessingGreen":34,"Bag of Preparation":46,"Blood Vial":25,"Nunchaku":46,"DollysMirror":38,"downfall:HeartBlessingBlue":44,"MealTicket":19,"Kunai":5,"Toxic Egg 2":38,"Guardian:BottledAnomaly":46,"bronze:SilverBullet":3,"Toy Ornithopter":11}],"Toy Ornithopter":16},"card_choices":[{"not_picked":["bronze:FollowUp","bronze:DelayedSlice"],"picked":"bronze:Overheat","floor":2.0},{"not_picked":["bronze:ClassDefault","bronze:Frontload","bronze:MaxOutput"],"picked":"SKIP","floor":3.0},{"not_picked":["bronze:Frontload","bronze:MaxOutput"],"picked":"bronze:ClassDefault","floor":3.0},{"not_picked":["bronze:FineTuning","bronze:ClassDefault"],"picked":"bronze:Flail","floor":5.0},{"not_picked":["bronze:BugBarrage","bronze:BitShift","bronze:Constructor"],"picked":"SKIP","floor":6.0},{"not_picked":["bronze:Overload","bronze:RecursiveStrike"],"picked":"bronze:Turbo","floor":9.0},{"not_picked":["bronze:Frontload","bronze:Allocate","bronze:BuggyMess"],"picked":"SKIP","floor":10.0},{"not_picked":["bronze:Break","bronze:CleanCode","bronze:Format"],"picked":"SKIP","floor":12.0},{"not_picked":["bronze:Shield","bronze:BitShift","bronze:DelayedSlice"],"picked":"SKIP","floor":13.0},{"not_picked":["bronze:Format","bronze:InfiniteLoop"],"picked":"bronze:ThunderWave","floor":14.0},{"not_picked":["bronze:ForLoop","bronze:Branch","bronze:BuggyMess"],"picked":"SKIP","floor":15.0},{"not_picked":["bronze:Refactor","bronze:FollowUp"],"picked":"bronze:Repulsor+1","floor":20.0},{"not_picked":["bronze:Backtrace","bronze:WildBeam","bronze:ForLoop+1"],"picked":"SKIP","floor":22.0},{"not_picked":["bronze:Mutator","bronze:Format+1"],"picked":"bronze:Library","floor":25},{"not_picked":["bronze:Format+1","bronze:Virus","bronze:Mutator"],"picked":"SKIP","floor":27}],"player_experience":1659449,"relics_obtained":[{"floor":7.0,"key":"Kunai"},{"floor":9.0,"key":"Toy Ornithopter"},{"floor":12.0,"key":"MealTicket"},{"floor":14.0,"key":"Blood Vial"},{"floor":25,"key":"Happy Flower"},{"floor":27,"key":"Lantern"}],"event_choices":[],"is_beta":false,"boss_relics":[{"not_picked":["SlaversCollar","Empty Cage"],"picked":"Astrolabe"}],"items_purged_floors":[5,21,28],"is_endless":true,"potions_floor_spawned":[2,9,10,12,16,22,25],"ascension_level":20}}