{"host":"oehe2dxjvdgux73m","time":1611382742,"event":{"mods":["AchievementEnabler","BaseMod","Colored Map","Colored Powertips","DeckTracker","Keyboard Shortcuts","Minty Spire (QoL Compilation)","Permanent Neow","Quick Restart","StSLib","SuperFastMode"],"gold_per_floor":[111,111,124,135,135,135,170,170,170,170,186,88,103,113,113,113,113],"floor_reached":16,"language":"KOR","playtime":429,"items_purged":[],"score":107,"play_id":"d0ff30c4-594a-4a07-8268-b5d7393cbd3e","local_time":"20210123151902","is_ascension_mode":true,"campfire_choices":[{"data":"BattleHymn","floor":6.0,"key":"SMITH"},{"data":"Vigilance","floor":8.0,"key":"SMITH"},{"floor":10,"key":"RECALL"},{"floor":15,"key":"REST"}],"circlet_count":0,"master_deck":["Strike_P","Strike_P","Strike_P","Defend_P","Defend_P","Defend_P","Eruption+1","Vigilance+1","WreathOfFlame","BattleHymn+1","EmptyBody","Flash of Steel"],"relics":["PureWater","WingedGreaves","Du-Vu Doll"],"acts_visited":["Exordium"],"potions_floor_usage":[14,14],"damage_taken":[{"damage":2.0,"enemies":"2 Louse","floor":1.0,"turns":2.0},{"damage":0.0,"enemies":"Cultist","floor":3.0,"turns":3.0},{"damage":1.0,"enemies":"Small Slimes","floor":4.0,"turns":3.0},{"damage":10.0,"enemies":"Gremlin Nob","floor":7.0,"turns":3.0},{"damage":7,"enemies":"Looter","floor":11,"turns":4},{"damage":7,"enemies":"2 Fungi Beasts","floor":13,"turns":3},{"damage":13,"enemies":"Lots of Slimes","floor":14,"turns":3},{"damage":54,"enemies":"Hexaghost","floor":16,"turns":9}],"seed_played":"-6295677438085370967","potions_obtained":[{"floor":1.0,"key":"Energy Potion"},{"floor":13,"key":"Block Potion"},{"floor":14,"key":"Fruit Juice"}],"is_trial":false,"path_per_floor":["M","?","M","M","T","R","E","R","T","R","M","$","M","M","R","B"],"character_chosen":"WATCHER","items_purchased":["Flash of Steel"],"campfire_rested":1,"item_purchase_floors":[12],"current_hp_per_floor":[63,63,63,62,62,62,52,52,52,52,45,45,38,30,51,0,0],"gold":113,"neow_bonus":"TRANSFORM_TWO_CARDS","is_daily":false,"chose_seed":false,"campfire_upgraded":2,"win_rate":0.0,"timestamp":1611382742,"path_taken":["M","?","?","M","?","R","E","R","T","R","M","$","M","M","R","BOSS"],"items_purchased_type":["Card"],"build_version":"2020-12-22","purchased_purges":0,"victory":false,"max_hp_per_floor":[65,65,65,65,65,65,65,65,65,65,65,65,65,70,70,70,70],"card_choices":[{"not_picked":["FearNoEvil","BowlingBash"],"picked":"EmptyBody","floor":1.0},{"not_picked":["Prostrate","LikeWater","PathToVictory"],"picked":"SKIP","floor":3.0},{"not_picked":["Pray","Swivel","FollowUp"],"picked":"SKIP","floor":4.0},{"not_picked":["Halt","ReachHeaven","Worship"],"picked":"SKIP","floor":7.0},{"not_picked":["Sanctity","CrushJoints","Prostrate"],"picked":"SKIP","floor":11},{"not_picked":["Weave","Conclude","MasterReality"],"picked":"SKIP","floor":13},{"not_picked":["EmptyBody","SashWhip","CutThroughFate"],"picked":"SKIP","floor":14}],"player_experience":299574,"relics_obtained":[{"floor":5.0,"key":"WingedGreaves"},{"floor":7.0,"key":"Du-Vu Doll"}],"event_choices":[{"damage_healed":0.0,"max_hp_gain":0.0,"max_hp_loss":0.0,"gold_gain":0.0,"event_name":"Upgrade Shrine","player_choice":"Upgraded","floor":2.0,"gold_loss":0.0,"damage_taken":0.0,"cards_upgraded":["Eruption"]}],"is_beta":false,"boss_relics":[],"items_purged_floors":[],"is_endless":false,"potions_floor_spawned":[1,13,14],"killed_by":"Hexaghost","ascension_level":1}}