{"host":"l99crexq2sc8megk","time":1611404319,"event":{"mods":["BaseMod","Hermit","Minty Spire (QoL Compilation)","Quick Restart","StSLib","The Cursed"],"gold_per_floor":[109,109,119,132,132,166,192,192,244,244,55,87,98,120,120,120,120],"floor_reached":16,"language":"ZHS","playtime":357,"items_purged":[],"score":202,"play_id":"e807adde-c059-49c3-915b-9538e12ce3a8","local_time":"20210123201839","is_ascension_mode":true,"campfire_choices":[{"data":"Blood for Blood","floor":8,"key":"SMITH"},{"data":"Bash","floor":10,"key":"SMITH"},{"floor":15,"key":"REST"}],"circlet_count":0,"master_deck":["AscendersBane","Strike_R","Strike_R","Strike_R","Strike_R","Strike_R","Defend_R","Defend_R","Defend_R","Bash+1","Body Slam","Clothesline","Blood for Blood+1","Shrug It Off","Battle Trance","Burning Pact","Hemokinesis"],"relics":["Burning Blood","NeowsBlessing","Paper Frog","CeramicFish","Akabeko","HandDrill","Centennial Puzzle"],"acts_visited":["Exordium"],"potions_floor_usage":[12],"damage_taken":[{"damage":0,"enemies":"Small Slimes","floor":1,"turns":1},{"damage":0,"enemies":"Cultist","floor":3,"turns":1},{"damage":0,"enemies":"2 Louse","floor":4,"turns":1},{"damage":51,"enemies":"Lagavulin","floor":6,"turns":8},{"damage":8,"enemies":"Looter","floor":7,"turns":3},{"damage":4,"enemies":"Gremlin Nob","floor":12,"turns":3},{"damage":18,"enemies":"Lots of Slimes","floor":13,"turns":4},{"damage":17,"enemies":"Large Slime","floor":14,"turns":6},{"damage":0,"enemies":"Hexaghost","floor":16,"turns":1}],"seed_played":"-7200494967515356164","potions_obtained":[{"floor":3,"key":"Fire Potion"},{"floor":6,"key":"AttackPotion"},{"floor":7,"key":"Block Potion"},{"floor":12,"key":"ColorlessPotion"}],"is_trial":false,"path_per_floor":["M","?","M","M","?","E","M","R","T","R","$","E","M","M","R","B"],"character_chosen":"IRONCLAD","items_purchased":["HandDrill","Burning Pact"],"campfire_rested":1,"item_purchase_floors":[11,11],"current_hp_per_floor":[74,67,73,75,75,30,28,28,28,28,28,30,18,7,29,29,29],"gold":120,"neow_bonus":"THREE_ENEMY_KILL","is_daily":false,"chose_seed":false,"campfire_upgraded":2,"win_rate":0.0,"timestamp":1611404319,"path_taken":["M","?","M","M","?","E","?","R","T","R","$","E","M","M","R","BOSS"],"items_purchased_type":["Relic","Card"],"build_version":"2020-12-22","purchased_purges":0,"victory":false,"max_hp_per_floor":[75,75,75,75,75,75,75,75,75,75,75,75,75,75,75,75,75],"card_choices":[{"not_picked":["Sword Boomerang","Feel No Pain"],"picked":"Body Slam","floor":1},{"not_picked":["Flex","Shockwave"],"picked":"Clothesline","floor":3},{"not_picked":["Rampage","Double Tap"],"picked":"Blood for Blood","floor":4},{"not_picked":["Flame Barrier","Clothesline"],"picked":"Shrug It Off","floor":6},{"not_picked":["Uppercut","Iron Wave"],"picked":"Battle Trance","floor":7},{"not_picked":["Entrench","Armaments","Sentinel"],"picked":"SKIP","floor":12},{"not_picked":["Metallicize","Warcry","Sword Boomerang"],"picked":"SKIP","floor":13},{"not_picked":["Havoc","Twin Strike"],"picked":"Hemokinesis","floor":14}],"player_experience":365316,"relics_obtained":[{"floor":6,"key":"CeramicFish"},{"floor":9,"key":"Akabeko"},{"floor":12,"key":"Centennial Puzzle"}],"event_choices":[{"cards_removed":["Defend_R"],"damage_healed":0,"gold_gain":0,"player_choice":"Card Removal","damage_taken":7,"max_hp_gain":0,"max_hp_loss":0,"event_name":"Golden Wing","floor":2,"gold_loss":0},{"damage_healed":0,"gold_gain":0,"player_choice":"Gave Potion","damage_taken":0,"relics_obtained":["Paper Frog"],"max_hp_gain":0,"max_hp_loss":0,"event_name":"WeMeetAgain","floor":5,"gold_loss":0}],"is_beta":false,"boss_relics":[],"items_purged_floors":[],"is_endless":false,"potions_floor_spawned":[3,6,7,12,14],"killed_by":"Hexaghost","ascension_level":16}}