{"host":"yd6hhqps9de4qmof","time":1611403449,"event":{"mods":["BaseMod","Downfall","Hermit","Highlight Path","Jorbs\u0027s Wanderer Trilogy","Minty Spire (QoL Compilation)","Relic Stats","Robot Space Explorer","Shade Mod","StSLib","The Cursed","The Disciple","The Marked","The Servant 0.9.4"],"gold_per_floor":[114,114,31,77,88,120,120,138,138,138,154,179,189,205,205,307,307,307,307,154,83,83,83,83,83,83,83,83,83,83,83,83,83,83,83,83,83,83,83,83,83,83,83,83,83,83,43,43,43,43],"floor_reached":51,"language":"ENG","playtime":2229,"items_purged":[],"score":788,"play_id":"d574c755-1bf8-4703-826e-d633d613c431","local_time":"20210123130409","is_ascension_mode":false,"campfire_choices":[{"data":"RobotSpaceExplorer:StarLightning","floor":7,"key":"SMITH"},{"data":"RobotSpaceExplorer:Pulsar","floor":10,"key":"SMITH"},{"data":"RobotSpaceExplorer:Comet","floor":15,"key":"SMITH"},{"data":"RobotSpaceExplorer:ToxicBomb","floor":25,"key":"SMITH"},{"floor":32,"key":"REST"},{"data":"Dramatic Entrance","floor":40,"key":"SMITH"},{"floor":42,"key":"REST"},{"data":"RobotSpaceExplorer:Pulsar","floor":49,"key":"SMITH"}],"circlet_count":0,"master_deck":["RobotSpaceExplorer:Strike","RobotSpaceExplorer:Strike","RobotSpaceExplorer:Strike","RobotSpaceExplorer:Defend","RobotSpaceExplorer:Defend","RobotSpaceExplorer:Defend","RobotSpaceExplorer:Defend","RobotSpaceExplorer:Scan","RobotSpaceExplorer:MiniLasers","RobotSpaceExplorer:StarLightning+1","RobotSpaceExplorer:GearShield","RobotSpaceExplorer:PlasmaMissile","RobotSpaceExplorer:Pulsar+1","RobotSpaceExplorer:Smokescreen","RobotSpaceExplorer:Probe","RobotSpaceExplorer:Pulsar+1","RobotSpaceExplorer:Comet+1","RobotSpaceExplorer:Comet","RobotSpaceExplorer:Pulsar+1","RobotSpaceExplorer:PlasmaMissile","RobotSpaceExplorer:PowerGlove+1","RobotSpaceExplorer:FreezeRay+1","RobotSpaceExplorer:ToxicBomb+1","RobotSpaceExplorer:Comet","RobotSpaceExplorer:Autoloader+1","RobotSpaceExplorer:GlueShot","RobotSpaceExplorer:SlimeMissile+1","Finesse","Dramatic Entrance+1","RobotSpaceExplorer:SelfCleaning+1","RobotSpaceExplorer:FrostMissile+1","RobotSpaceExplorer:FrostMissile+1","RobotSpaceExplorer:GearShield+1"],"relics":["RobotSpaceExplorer:RoboCore","NeowsBlessing","Regal Pillow","Vajra","Frozen Egg 2","Bird Faced Urn","Ectoplasm","RobotSpaceExplorer:ClockworkSextant","Sundial","Bronze Scales","HornCleat","Busted Crown","Peace Pipe","Strawberry","Pantograph"],"acts_visited":["Exordium","TheCity","TheBeyond"],"potions_floor_usage":[12,16,24,38,46,50,50,50],"damage_taken":[{"damage":0,"enemies":"2 Louse","floor":1,"turns":1},{"damage":0,"enemies":"Cultist","floor":5,"turns":1},{"damage":0,"enemies":"Lagavulin","floor":6,"turns":1},{"damage":0,"enemies":"Jaw Worm","floor":8,"turns":2},{"damage":0,"enemies":"Exordium Wildlife","floor":11,"turns":3},{"damage":7,"enemies":"Gremlin Nob","floor":12,"turns":3},{"damage":0,"enemies":"3 Louse","floor":13,"turns":2},{"damage":0,"enemies":"Blue Slaver","floor":14,"turns":2},{"damage":15,"enemies":"The Guardian","floor":16,"turns":8},{"damage":1,"enemies":"Shell Parasite","floor":18,"turns":4},{"damage":0,"enemies":"Chosen","floor":19,"turns":4},{"damage":5,"enemies":"Sentry and Sphere","floor":22,"turns":4},{"damage":0,"enemies":"3 Cultists","floor":23,"turns":3},{"damage":18,"enemies":"Gremlin Leader","floor":24,"turns":6},{"damage":4,"enemies":"Snecko","floor":27,"turns":4},{"damage":14,"enemies":"Slavers","floor":28,"turns":3},{"damage":0,"enemies":"Sentry and Sphere","floor":31,"turns":3},{"damage":35,"enemies":"Automaton","floor":33,"turns":7},{"damage":0,"enemies":"3 Shapes","floor":35,"turns":3},{"damage":7,"enemies":"Orb Walker","floor":36,"turns":4},{"damage":21,"enemies":"Maw","floor":38,"turns":6},{"damage":0,"enemies":"Sphere and 2 Shapes","floor":39,"turns":3},{"damage":34,"enemies":"Giant Head","floor":41,"turns":8},{"damage":32,"enemies":"Reptomancer","floor":44,"turns":5},{"damage":11,"enemies":"Writhing Mass","floor":45,"turns":5},{"damage":0,"enemies":"Spire Growth","floor":46,"turns":5},{"damage":0,"enemies":"Jaw Worm Horde","floor":48,"turns":4},{"damage":26,"enemies":"Donu and Deca","floor":50,"turns":7}],"seed_played":"8629450787276259263","potions_obtained":[{"floor":1,"key":"Weak Potion"},{"floor":6,"key":"hexamod:SoulburnPotion"},{"floor":12,"key":"PowerPotion"},{"floor":19,"key":"Regen Potion"},{"floor":23,"key":"Energy Potion"},{"floor":24,"key":"hexamod:SoulburnPotion"},{"floor":31,"key":"SpeedPotion"},{"floor":33,"key":"Regen Potion"},{"floor":35,"key":"RobotSpaceExplorer:LiquidFusion"},{"floor":38,"key":"RobotSpaceExplorer:PlasmaFlask"},{"floor":44,"key":"Dexterity Potion"},{"floor":47,"key":"Guardian:BlockOnCardUsePotion"}],"is_trial":false,"path_per_floor":["M","?","$","T","M","E","R","M","T","R","M","E","M","M","R","B",null,"M","M","$","$","M","M","E","R","T","M","E","?","?","M","R","B",null,"M","M","?","M","M","R","E","R","T","E","M","M","?","M","R","B",null],"character_chosen":"RobotSpaceExplorer","items_purchased":["RobotSpaceExplorer:GearShield","Strength Potion","RobotSpaceExplorer:ClockworkSextant","RobotSpaceExplorer:PowerGlove+1"],"campfire_rested":2,"item_purchase_floors":[3,3,20,21],"current_hp_per_floor":[75,75,75,75,75,75,75,75,75,75,75,68,68,68,68,55,75,74,74,74,74,70,74,59,59,59,57,47,33,33,37,76,45,80,80,73,63,57,59,59,31,70,77,51,44,46,46,50,50,55],"gold":43,"neow_bonus":"THREE_ENEMY_KILL","is_daily":false,"chose_seed":false,"campfire_upgraded":6,"win_rate":0.0,"timestamp":1611403449,"path_taken":["M","?","$","?","?","E","R","M","T","R","M","E","M","M","R","BOSS","M","M","?","$","M","M","E","R","T","M","E","?","?","?","R","BOSS","M","M","?","M","M","R","E","R","T","E","M","M","?","?","R","BOSS"],"items_purchased_type":["Card","Potion","Relic","Card"],"build_version":"2020-12-22","purchased_purges":0,"victory":true,"max_hp_per_floor":[75,75,75,75,75,75,75,75,75,75,75,75,75,75,75,75,75,75,75,75,75,75,75,75,75,75,75,75,80,80,80,80,80,80,80,80,80,80,80,80,80,80,87,87,87,87,87,87,87,87],"relic_stats":{"Peace Pipe":0,"Regal Pillow":30,"Busted Crown":24,"counters":[28,111],"Sundial":[2],"Bird Faced Urn":[60],"Bronze Scales":[168],"Pantograph":25,"Ectoplasm":440,"obtain_stats":[{"RobotSpaceExplorer:ClockworkSextant":20,"Regal Pillow":4,"NeowsBlessing":0,"Vajra":6,"RobotSpaceExplorer:RoboCore":0,"Frozen Egg 2":9,"Peace Pipe":41,"HornCleat":28,"Busted Crown":34,"Sundial":24,"Bird Faced Urn":12,"Bronze Scales":26,"Strawberry":43,"Pantograph":44,"Ectoplasm":17},{"RobotSpaceExplorer:ClockworkSextant":11,"Regal Pillow":1,"NeowsBlessing":0,"Vajra":3,"RobotSpaceExplorer:RoboCore":0,"Frozen Egg 2":4,"Peace Pipe":23,"HornCleat":16,"Busted Crown":18,"Sundial":14,"Bird Faced Urn":6,"Bronze Scales":14,"Strawberry":23,"Pantograph":24,"Ectoplasm":9},{"RobotSpaceExplorer:ClockworkSextant":31,"Regal Pillow":1,"NeowsBlessing":0,"Vajra":3,"RobotSpaceExplorer:RoboCore":0,"Frozen Egg 2":5,"Peace Pipe":85,"HornCleat":51,"Busted Crown":61,"Sundial":44,"Bird Faced Urn":11,"Bronze Scales":44,"Strawberry":85,"Pantograph":90,"Ectoplasm":23}]},"card_choices":[{"not_picked":["RobotSpaceExplorer:IronShell","RobotSpaceExplorer:ShockKick"],"picked":"RobotSpaceExplorer:StarLightning","floor":1},{"not_picked":["RobotSpaceExplorer:Counterblock","RobotSpaceExplorer:ShovelStrike"],"picked":"RobotSpaceExplorer:PlasmaMissile","floor":5},{"not_picked":["RobotSpaceExplorer:MetalStrike","RobotSpaceExplorer:Ammunition"],"picked":"RobotSpaceExplorer:Pulsar","floor":6},{"not_picked":["RobotSpaceExplorer:Counterblock","RobotSpaceExplorer:MetalStrike"],"picked":"RobotSpaceExplorer:Smokescreen","floor":8},{"not_picked":["RobotSpaceExplorer:Explosion","RobotSpaceExplorer:Electroshield"],"picked":"RobotSpaceExplorer:Probe","floor":11},{"not_picked":["RobotSpaceExplorer:FranticSearch","RobotSpaceExplorer:Calculate","RobotSpaceExplorer:Ammunition"],"picked":"SKIP","floor":12},{"not_picked":["RobotSpaceExplorer:MiniDrones","RobotSpaceExplorer:ScrapShield"],"picked":"RobotSpaceExplorer:Pulsar","floor":13},{"not_picked":["RobotSpaceExplorer:SurgingShield","RobotSpaceExplorer:FrostMissile"],"picked":"RobotSpaceExplorer:Comet","floor":14},{"not_picked":["RobotSpaceExplorer:BlastShield","RobotSpaceExplorer:Explosion"],"picked":"RobotSpaceExplorer:Comet","floor":16},{"not_picked":["RobotSpaceExplorer:SlimeMissile","RobotSpaceExplorer:Probe"],"picked":"RobotSpaceExplorer:Pulsar+1","floor":18},{"not_picked":["RobotSpaceExplorer:Blitz","RobotSpaceExplorer:FranticSearch"],"picked":"RobotSpaceExplorer:PlasmaMissile","floor":19},{"not_picked":["RobotSpaceExplorer:Calculate+1","RobotSpaceExplorer:ScrapMissile"],"picked":"RobotSpaceExplorer:FreezeRay+1","floor":22},{"not_picked":["RobotSpaceExplorer:ScrapToss","RobotSpaceExplorer:GearShield"],"picked":"RobotSpaceExplorer:ToxicBomb","floor":23},{"not_picked":["RobotSpaceExplorer:Counterblock","RobotSpaceExplorer:Wormhole"],"picked":"RobotSpaceExplorer:Comet","floor":24},{"not_picked":["RobotSpaceExplorer:Discharger+1","RobotSpaceExplorer:SurgingStrike","RobotSpaceExplorer:Calculate"],"picked":"SKIP","floor":27},{"not_picked":["RobotSpaceExplorer:SwiftStep+1","RobotSpaceExplorer:SurgingStrike","RobotSpaceExplorer:RigExplosive"],"picked":"SKIP","floor":28},{"not_picked":["RobotSpaceExplorer:Blitz","RobotSpaceExplorer:SwiftStep","RobotSpaceExplorer:Probe"],"picked":"SKIP","floor":31},{"not_picked":["RobotSpaceExplorer:BlastShield","RobotSpaceExplorer:Arsenal"],"picked":"RobotSpaceExplorer:Autoloader+1","floor":33},{"not_picked":[],"picked":"RobotSpaceExplorer:GlueShot","floor":35},{"not_picked":[],"picked":"RobotSpaceExplorer:SlimeMissile+1","floor":36},{"not_picked":[],"picked":"Finesse","floor":37},{"not_picked":[],"picked":"Dramatic Entrance","floor":37},{"not_picked":[],"picked":"RobotSpaceExplorer:SelfCleaning+1","floor":38},{"not_picked":[],"picked":"RobotSpaceExplorer:FrostMissile+1","floor":39},{"not_picked":["RobotSpaceExplorer:GlueShot"],"picked":"SKIP","floor":41},{"not_picked":[],"picked":"RobotSpaceExplorer:FrostMissile+1","floor":44},{"not_picked":["RobotSpaceExplorer:ScrapShield+1"],"picked":"SKIP","floor":45},{"not_picked":[],"picked":"RobotSpaceExplorer:GearShield+1","floor":46},{"not_picked":["RobotSpaceExplorer:Probe"],"picked":"SKIP","floor":48}],"player_experience":1164345,"relics_obtained":[{"floor":4,"key":"Regal Pillow"},{"floor":6,"key":"Vajra"},{"floor":9,"key":"Frozen Egg 2"},{"floor":12,"key":"Bird Faced Urn"},{"floor":24,"key":"Sundial"},{"floor":26,"key":"Bronze Scales"},{"floor":28,"key":"HornCleat"},{"floor":41,"key":"Peace Pipe"},{"floor":43,"key":"Strawberry"},{"floor":44,"key":"Pantograph"}],"event_choices":[{"cards_removed":["RobotSpaceExplorer:Strike"],"damage_healed":0,"gold_gain":0,"player_choice":"Offered Basic","damage_taken":0,"max_hp_gain":0,"max_hp_loss":0,"event_name":"Bonfire Elementals","floor":2,"gold_loss":0},{"damage_healed":0,"gold_gain":0,"player_choice":"Shed Blood","damage_taken":19,"max_hp_gain":5,"max_hp_loss":0,"event_name":"Forgotten Altar","floor":29,"gold_loss":0},{"damage_healed":0,"gold_gain":0,"player_choice":"Ignored","damage_taken":0,"max_hp_gain":0,"max_hp_loss":0,"event_name":"Vampires","floor":30,"gold_loss":0},{"damage_healed":0,"gold_gain":0,"player_choice":"Memory 3","damage_taken":10,"max_hp_gain":0,"max_hp_loss":0,"event_name":"SensoryStone","floor":37,"gold_loss":0},{"damage_healed":0,"gold_gain":0,"player_choice":"Bought 3 Potions","damage_taken":0,"max_hp_gain":0,"max_hp_loss":0,"event_name":"The Woman in Blue","floor":47,"gold_loss":0}],"is_beta":false,"boss_relics":[{"not_picked":["Tiny House","Coffee Dripper"],"picked":"Ectoplasm"},{"not_picked":["bronze:MakeshiftBattery","SacredBark"],"picked":"Busted Crown"}],"items_purged_floors":[],"is_endless":false,"potions_floor_spawned":[1,6,11,12,19,23,24,31,33,35,38,41,44,48],"ascension_level":0}}