{"host":"5jzx1090woovszu4","time":1611372062,"event":{"mods":["BaseMod","Hermit","Minty Spire (QoL Compilation)","Shade Mod","Spicy Shops","StSLib","The Marked"],"gold_per_floor":[115,115,190,36,49,77,77,111,111,143,143,178,143,176,176,279,279,289,289,41,59,74,99,114,149,149,176,176,207,207,250,250,357,357,367,382,55,74,0,0,0,29,29,46,77,77,112,49,49,49],"floor_reached":51,"language":"ENG","playtime":6811,"items_purged":["Shame","theMarked:SuspiciousRaven+1"],"score":1090,"play_id":"942fb649-38ad-4094-bb8a-3547304efd35","local_time":"20210123042102","daily_mods":["SealedDeck","Elite Swarm"],"is_ascension_mode":false,"campfire_choices":[{"data":"theMarked:Overcharge","floor":7,"key":"SMITH"},{"floor":11,"key":"REST"},{"data":"theMarked:Seal","floor":15,"key":"SMITH"},{"floor":28,"key":"REST"},{"data":"theMarked:HeritageOfTheMarked","floor":32,"key":"SMITH"},{"data":"theMarked:WardOff","floor":40,"key":"SMITH"},{"data":"theMarked:WastefulDefense","floor":41,"key":"SMITH"},{"floor":46,"key":"REST"},{"data":"theMarked:BanishingStrike","floor":49,"key":"SMITH"}],"circlet_count":0,"master_deck":["theMarked:Frustration","theMarked:RepellingDischarge","theMarked:WastefulDefense+1","theMarked:Overcharge+1","theMarked:Indomitable+1","theMarked:WardOff+1","theMarked:Seal+1","theMarked:BanishingStrike+1","theMarked:BanishingStrike+1","theMarked:HeritageOfTheMarked+1","theMarked:Levitate","theMarked:MuscleMemory","theMarked:FavorableWinds+1","theMarked:Abjuration","theMarked:Reabsorb+1","theMarked:ReduceFriction+1","theMarked:SummonStrength","theMarked:Generate+1","theMarked:Abjuration+1","theMarked:Levitate+1","theMarked:FavorableWinds+1","theMarked:StartUp+1"],"relics":["theMarked:ArtifactOfAir","Matryoshka","Incense Burner","Regal Pillow","Toxic Egg 2","WingedGreaves","Ornamental Fan","Philosopher\u0027s Stone","Nloth\u0027s Gift","Shuriken","Nunchaku","Molten Egg 2","CeramicFish","Letter Opener","Ancient Tea Set","Gambling Chip","MutagenicStrength","Bottled Tornado","Empty Cage","Oddly Smooth Stone","Red Mask","Ginger","Bottled Flame","Pantograph","Gremlin Horn","Dead Branch"],"acts_visited":["Exordium","TheCity","TheBeyond"],"potions_floor_usage":[24,27,33,33,42,50,50,50],"damage_taken":[{"damage":0,"enemies":"Small Slimes","floor":1,"turns":2},{"damage":0,"enemies":"2 Louse","floor":5,"turns":3},{"damage":0,"enemies":"Lagavulin","floor":6,"turns":4},{"damage":10,"enemies":"3 Sentries","floor":8,"turns":5},{"damage":14,"enemies":"Gremlin Nob","floor":10,"turns":3},{"damage":1,"enemies":"3 Sentries","floor":12,"turns":4},{"damage":0,"enemies":"Gremlin Nob","floor":14,"turns":2},{"damage":0,"enemies":"Slime Boss","floor":16,"turns":4},{"damage":8,"enemies":"2 Thieves","floor":18,"turns":3},{"damage":0,"enemies":"Chosen","floor":21,"turns":2},{"damage":0,"enemies":"3 Cultists","floor":22,"turns":3},{"damage":8,"enemies":"Slavers","floor":23,"turns":3},{"damage":7,"enemies":"Centurion and Healer","floor":24,"turns":4},{"damage":15,"enemies":"Gremlin Leader","floor":25,"turns":4},{"damage":0,"enemies":"Book of Stabbing","floor":27,"turns":3},{"damage":0,"enemies":"Slavers","floor":29,"turns":3},{"damage":13,"enemies":"Gremlin Leader","floor":31,"turns":2},{"damage":0,"enemies":"Automaton","floor":33,"turns":4},{"damage":3,"enemies":"Orb Walker","floor":35,"turns":3},{"damage":0,"enemies":"3 Darklings","floor":36,"turns":2},{"damage":10,"enemies":"4 Shapes","floor":38,"turns":3},{"damage":0,"enemies":"Nemesis","floor":42,"turns":3},{"damage":0,"enemies":"Spire Growth","floor":44,"turns":3},{"damage":10,"enemies":"Giant Head","floor":45,"turns":4},{"damage":6,"enemies":"Nemesis","floor":47,"turns":3},{"damage":20,"enemies":"Time Eater","floor":50,"turns":7}],"seed_played":"-4237089531118684478","potions_obtained":[{"floor":1,"key":"EssenceOfSteel"},{"floor":12,"key":"SpeedPotion"},{"floor":14,"key":"Regen Potion"},{"floor":16,"key":"DuplicationPotion"},{"floor":23,"key":"theMarked:ChargePotion"},{"floor":25,"key":"Swift Potion"},{"floor":27,"key":"SteroidPotion"},{"floor":33,"key":"EssenceOfSteel"},{"floor":38,"key":"LiquidMemories"},{"floor":42,"key":"Weak Potion"}],"is_trial":true,"path_per_floor":["M","?","?","$","M","E","R","E","T","E","R","E","?","E","R","B",null,"M","?","$","M","M","E","M","E","T","E","R","E","?","E","R","B",null,"M","M","$","M","?","R","R","E","T","M","E","R","E","?","R","B",null],"character_chosen":"THE_DEFAULT","items_purchased":["theMarked:HeritageOfTheMarked","Shuriken","theMarked:StartUp+1","Oddly Smooth Stone"],"campfire_rested":3,"item_purchase_floors":[4,20,37,37],"current_hp_per_floor":[70,56,45,45,45,45,45,35,35,21,57,56,70,70,70,70,70,62,62,62,62,62,54,59,44,44,44,70,70,70,57,57,57,70,67,67,67,57,57,57,57,57,57,57,47,70,64,64,64,50],"gold":49,"neow_bonus":"","is_daily":false,"chose_seed":false,"campfire_upgraded":6,"win_rate":0.0,"timestamp":1611372062,"path_taken":["M","?","?","?","?","E","R","E","T","E","R","E","?","E","R","BOSS","M","?","$","M","M","E","?","E","T","E","R","E","?","E","R","BOSS","M","M","$","M","?","R","R","E","T","M","E","R","E","?","R","BOSS"],"items_purchased_type":["Card","Relic","Card","Relic"],"build_version":"2020-12-22","purchased_purges":2,"victory":true,"max_hp_per_floor":[70,70,70,70,70,70,70,70,70,70,70,70,70,70,70,70,70,70,70,70,70,70,70,70,70,70,70,70,70,70,70,70,70,70,70,70,70,70,70,70,70,70,70,70,70,70,70,70,70,70],"card_choices":[{"not_picked":["theMarked:GodGivenPower","theMarked:Parry","theMarked:Parkour"],"picked":"SKIP","floor":1},{"not_picked":["theMarked:Seal","theMarked:WastefulAttack","theMarked:ElementalBlade"],"picked":"SKIP","floor":5},{"not_picked":["theMarked:Snap","theMarked:MagicAdept","theMarked:SoldierForm"],"picked":"SKIP","floor":6},{"not_picked":["theMarked:SoldierForm","theMarked:MuscleMemory"],"picked":"theMarked:Levitate","floor":8},{"not_picked":["theMarked:ChannelForce+1","theMarked:Snap"],"picked":"theMarked:MuscleMemory","floor":10},{"not_picked":["theMarked:Vacuum","theMarked:Challenge+1"],"picked":"theMarked:SuspiciousRaven+1","floor":12},{"not_picked":["theMarked:Vacuum","theMarked:MuscleMemory"],"picked":"theMarked:FavorableWinds+1","floor":14},{"not_picked":["theMarked:MuscleMemory","theMarked:MagicAdept"],"picked":"theMarked:Abjuration","floor":16},{"not_picked":["theMarked:Static+1","theMarked:ShockingTouch+1"],"picked":"theMarked:Reabsorb+1","floor":18},{"not_picked":["theMarked:RogueSparks","theMarked:StartUp+1"],"picked":"theMarked:WardOff+1","floor":21},{"not_picked":["theMarked:Indomitable+1","theMarked:ElectricStrings"],"picked":"theMarked:ReduceFriction+1","floor":22},{"not_picked":["theMarked:MagicAdept","theMarked:ThrowWeapon"],"picked":"theMarked:SummonStrength","floor":23},{"not_picked":["theMarked:TwofoldDefense+1","theMarked:BanishingStrike+1"],"picked":"theMarked:Generate+1","floor":24},{"not_picked":["theMarked:Vacuum+1","theMarked:UnarmedFury+1"],"picked":"theMarked:Abjuration+1","floor":25},{"not_picked":["theMarked:SummonStrength","theMarked:SuspiciousRaven+1","theMarked:SoldierForm"],"picked":"SKIP","floor":27},{"not_picked":["theMarked:Challenge+1","theMarked:SuspiciousRaven+1","theMarked:DispelDoubt+1"],"picked":"SKIP","floor":29},{"not_picked":["theMarked:TurnInvisible+1","theMarked:Vacuum+1"],"picked":"theMarked:Levitate+1","floor":31},{"not_picked":["theMarked:Challenge+1","theMarked:EternalStudent+1"],"picked":"theMarked:FavorableWinds+1","floor":33},{"not_picked":["theMarked:Opportunist+1","theMarked:MaelstromOfLightning+1","theMarked:WastefulAttack+1"],"picked":"SKIP","floor":35},{"not_picked":["theMarked:ElectricStrings+1","theMarked:ElementalBlade+1","theMarked:ChannelForce+1"],"picked":"SKIP","floor":36},{"not_picked":["theMarked:RepellingDischarge+1","theMarked:EmpowerWeapon+1","theMarked:Challenge+1"],"picked":"SKIP","floor":38},{"not_picked":["theMarked:TakeOffHeels+1","theMarked:Challenge+1","theMarked:ChannelForce+1"],"picked":"SKIP","floor":42},{"not_picked":["theMarked:Frustration+1","theMarked:Generate+1","theMarked:Electrify+1"],"picked":"SKIP","floor":44},{"not_picked":["theMarked:EternalStudent+1","theMarked:SoldierForm","theMarked:SuspiciousRaven+1"],"picked":"SKIP","floor":45},{"not_picked":["theMarked:ChannelForce+1","theMarked:SoldierForm","theMarked:FavorableWinds+1"],"picked":"SKIP","floor":47}],"player_experience":664472,"relics_obtained":[{"floor":6,"key":"Matryoshka"},{"floor":8,"key":"Incense Burner"},{"floor":9,"key":"Regal Pillow"},{"floor":9,"key":"Toxic Egg 2"},{"floor":10,"key":"WingedGreaves"},{"floor":12,"key":"Eternal Feather"},{"floor":14,"key":"Ornamental Fan"},{"floor":23,"key":"Nunchaku"},{"floor":25,"key":"Molten Egg 2"},{"floor":26,"key":"CeramicFish"},{"floor":26,"key":"Letter Opener"},{"floor":27,"key":"Ancient Tea Set"},{"floor":29,"key":"Gambling Chip"},{"floor":31,"key":"Bottled Tornado"},{"floor":42,"key":"Ginger"},{"floor":43,"key":"Bottled Flame"},{"floor":45,"key":"Pantograph"},{"floor":47,"key":"Gremlin Horn"}],"event_choices":[{"damage_healed":0,"gold_gain":0,"player_choice":"Entered Light","damage_taken":14,"max_hp_gain":0,"max_hp_loss":0,"event_name":"Shining Light","floor":2,"gold_loss":0,"cards_upgraded":["theMarked:Indomitable","theMarked:BanishingStrike"]},{"damage_healed":0,"gold_gain":75,"player_choice":"Gather Gold","damage_taken":11,"max_hp_gain":0,"max_hp_loss":0,"event_name":"World of Goop","floor":3,"gold_loss":0},{"damage_healed":17,"gold_gain":0,"player_choice":"Healed","damage_taken":0,"max_hp_gain":0,"max_hp_loss":0,"event_name":"The Cleric","floor":13,"gold_loss":35},{"damage_healed":0,"gold_gain":0,"player_choice":"Traded Relic","damage_taken":0,"relics_obtained":["Nloth\u0027s Gift"],"max_hp_gain":0,"max_hp_loss":0,"event_name":"N\u0027loth","floor":19,"relics_lost":["Eternal Feather"],"gold_loss":0},{"damage_healed":0,"gold_gain":0,"player_choice":"Inject Mutagens","damage_taken":0,"relics_obtained":["MutagenicStrength"],"max_hp_gain":0,"max_hp_loss":0,"event_name":"Drug Dealer","floor":30,"gold_loss":0},{"damage_healed":0,"gold_gain":0,"player_choice":"Paid","damage_taken":0,"relics_obtained":["Red Mask"],"max_hp_gain":0,"max_hp_loss":0,"event_name":"Tomb of Lord Red Mask","floor":39,"gold_loss":74},{"damage_healed":0,"gold_gain":0,"player_choice":"Paid Gold","damage_taken":0,"relics_obtained":["Dead Branch"],"max_hp_gain":0,"max_hp_loss":0,"event_name":"WeMeetAgain","floor":48,"gold_loss":63}],"is_beta":false,"boss_relics":[{"not_picked":["Ectoplasm","Calling Bell"],"picked":"Philosopher\u0027s Stone"},{"not_picked":["Cursed Key","Busted Crown"],"picked":"Empty Cage"}],"items_purged_floors":[37,37],"is_endless":false,"potions_floor_spawned":[1,12,14,16,18,23,25,27,33,38,42,45],"ascension_level":0}}