{"host":"6aycdg1azw3gf4o9","time":1611414477,"event":{"mods":["Arknights The Spire","BaseMod","CapriCore","Marisa£®ÏF”Í°°ƒß¿Ì…≥£©","Minty Spire (QoL Compilation)","READ ME - Guardian Mod","Remilia£®¿Ÿ√◊¿Ú—«£©","StSLib"],"gold_per_floor":[118,118,137,2,14,14,46,46,46,64,64,80,80,92,92,190,190,203,215,235,150,176,519,519,519,519],"floor_reached":25,"language":"ZHS","playtime":1275,"items_purged":[],"score":225,"play_id":"70b5098a-b752-42f3-9e45-624d3cdbdeb8","local_time":"20210123230757","is_ascension_mode":false,"campfire_choices":[{"data":"ats:Closed Bolt Burst Fire","floor":6.0,"key":"SMITH"},{"data":"ats:Roar Of Ursus","floor":8.0,"key":"SMITH"},{"data":"ats:Shell Defense","floor":13.0,"key":"SMITH"},{"data":"ats:Apocalypse","floor":15.0,"key":"SMITH"},{"data":"ats:Magnetic Hammer","floor":24.0,"key":"SMITH"}],"circlet_count":0,"master_deck":["ats:Strike C","ats:Strike S","ats:Strike V","ats:Armor Crushing Shot","ats:Defend","ats:Defend","ats:Defend","ats:Defend","ats:Emotion Absorption","ats:Roar Of Ursus+1","ats:Apocalypse+1","ats:Shell Defense+1","ats:Wolf Pack","ats:Closed Bolt Burst Fire+1","ats:Magnetic Hammer+1","ats:Shadow Assault","ats:Flexible Camouflage+1","ats:Calcification+1","ats:Closed Bolt Burst Fire","ats:Childhood Dance+1","ats:Revitalization+1","ats:Assault Order+1"],"relics":["ats:Sanity","ats:Originium","The Courier","Toxic Egg 2","Empty Cage","CeramicFish","Old Coin"],"acts_visited":["Exordium","TheCity"],"potions_floor_usage":[25],"damage_taken":[{"damage":1.0,"enemies":"Jaw Worm","floor":1.0,"turns":4.0},{"damage":10.0,"enemies":"Cultist","floor":3.0,"turns":4.0},{"damage":5.0,"enemies":"Small Slimes","floor":5.0,"turns":6.0},{"damage":62.0,"enemies":"3 Sentries","floor":7.0,"turns":15.0},{"damage":3.0,"enemies":"Looter","floor":10.0,"turns":4.0},{"damage":2.0,"enemies":"3 Louse","floor":12.0,"turns":4.0},{"damage":16.0,"enemies":"Large Slime","floor":14.0,"turns":4.0},{"damage":69.0,"enemies":"The Guardian","floor":16.0,"turns":15.0},{"damage":23.0,"enemies":"3 Byrds","floor":18.0,"turns":8.0},{"damage":12.0,"enemies":"Chosen","floor":19.0,"turns":6.0},{"damage":16.0,"enemies":"Snecko","floor":20.0,"turns":7.0},{"damage":33.0,"enemies":"Centurion and Healer","floor":22.0,"turns":8.0},{"damage":37.0,"enemies":"Slavers","floor":23.0,"turns":5.0},{"damage":0,"enemies":"Chosen and Byrds","floor":25,"turns":1}],"seed_played":"-5428444615358963733","potions_obtained":[{"floor":1.0,"key":"ats:Emergency Sanity Potion"},{"floor":2.0,"key":"ats:Top Emergency Sanity Potion"},{"floor":2.0,"key":"LiquidBronze"},{"floor":16.0,"key":"SteroidPotion"},{"floor":23.0,"key":"Strength Potion"}],"is_trial":false,"path_per_floor":["M","?","M","$","M","R","E","R","T","M","?","M","R","M","R","B",null,"M","M","M","?","M","E","R","M"],"character_chosen":"DOCTOR_CLASS","items_purchased":["ats:Wolf Pack"],"campfire_rested":0,"item_purchase_floors":[4],"current_hp_per_floor":[71,71,61,61,69,69,33,33,33,38,72,72,72,56,56,31,72,63,69,70,70,48,35,35,35,35],"gold":519,"neow_bonus":"THREE_RARE_CARDS","is_daily":false,"chose_seed":false,"campfire_upgraded":5,"win_rate":0.0,"timestamp":1611414477,"path_taken":["M","?","?","$","M","R","E","R","T","M","?","M","R","M","R","BOSS","M","M","?","?","M","E","R","M"],"items_purchased_type":["Card"],"build_version":"2020-12-22","purchased_purges":0,"victory":false,"max_hp_per_floor":[72,72,72,72,72,72,72,72,72,72,72,72,72,72,72,72,72,72,72,72,72,72,72,72,72,72],"card_choices":[{"not_picked":["ats:Durian","ats:Ambush"],"picked":"ats:Roar Of Ursus","floor":0.0},{"not_picked":["ats:Flexible Camouflage","ats:Assault Order"],"picked":"ats:Apocalypse","floor":1.0},{"not_picked":["ats:Assault Order","ats:Childhood Dance"],"picked":"ats:Shell Defense","floor":3.0},{"not_picked":["ats:Composite Medical Shells","ats:Explosion Area Strengthen"],"picked":"ats:Closed Bolt Burst Fire","floor":5.0},{"not_picked":["ats:Burning Ground","ats:Very Hot Blade","ats:Consecutive Shot Auto"],"picked":"SKIP","floor":7.0},{"not_picked":["ats:Blood Oath","ats:Hammer On"],"picked":"ats:Magnetic Hammer","floor":10.0},{"not_picked":["ats:Healing Drone+1","ats:Assault Order+1"],"picked":"ats:Shadow Assault","floor":12.0},{"not_picked":["ats:Leaping Hammer","ats:Ignite"],"picked":"ats:Flexible Camouflage+1","floor":14.0},{"not_picked":["ats:Echo Reverb+1","ats:Rat Pack+1"],"picked":"ats:Calcification+1","floor":16.0},{"not_picked":["ats:Powerful Strike","ats:Poison Spread"],"picked":"ats:Closed Bolt Burst Fire","floor":18.0},{"not_picked":["ats:Blood Oath","ats:Burning Ground"],"picked":"ats:Childhood Dance+1","floor":19.0},{"not_picked":["ats:Poison Spread","ats:Powerful Strike","ats:Magnetic Hammer"],"picked":"SKIP","floor":20.0},{"not_picked":["ats:Explosion Area Strengthen","ats:Magnetic Hammer"],"picked":"ats:Revitalization+1","floor":22.0},{"not_picked":["ats:Collapsing Strike","ats:Powerful Strike+1"],"picked":"ats:Assault Order+1","floor":23.0}],"player_experience":447201,"relics_obtained":[{"floor":7.0,"key":"ats:Originium"},{"floor":7.0,"key":"The Courier"},{"floor":9.0,"key":"Toxic Egg 2"},{"floor":23.0,"key":"ats:Originium"},{"floor":23.0,"key":"Old Coin"}],"event_choices":[{"damage_healed":0.0,"max_hp_gain":0.0,"max_hp_loss":0.0,"gold_gain":0.0,"event_name":"Lab","player_choice":"Got Potions","floor":2.0,"gold_loss":0.0,"damage_taken":0.0},{"damage_healed":34.0,"max_hp_gain":0.0,"max_hp_loss":0.0,"gold_gain":0.0,"event_name":"Wheel of Change","player_choice":"Full Heal","floor":11.0,"gold_loss":0.0,"damage_taken":0.0},{"damage_healed":0.0,"max_hp_gain":0.0,"max_hp_loss":0.0,"gold_gain":0.0,"event_name":"Addict","player_choice":"Obtained Relic","floor":21.0,"gold_loss":85.0,"damage_taken":0.0,"relics_obtained":["CeramicFish"]}],"is_beta":false,"boss_relics":[{"not_picked":["Fusion Hammer","SacredBark"],"picked":"Empty Cage"}],"items_purged_floors":[],"is_endless":false,"potions_floor_spawned":[1,3,10,16,23],"killed_by":"Chosen and Byrds","ascension_level":0}}