{"host":"ix2a18c4ohfsrslv","time":1611443274,"event":{"mods":["BaseMod","Better Third Choice","Downfall","Minty Spire (QoL Compilation)","StSLib","The Marked"],"gold_per_floor":[117,26,26,26,40,66,141,141,141,161,161,64,82,98,98,201,251,265,265,276,276,276,276,276],"floor_reached":23,"language":"ENG","playtime":981,"items_purged":["theMarked:Strike"],"score":239,"play_id":"22228054-a183-4b55-9e9e-fc1f617ef547","local_time":"20210123150754","is_ascension_mode":false,"campfire_choices":[{"data":"theMarked:Vacuum","floor":8,"key":"SMITH"},{"data":"theMarked:DeterminationOfTheMarked","floor":11,"key":"SMITH"},{"floor":15,"key":"REST"}],"circlet_count":0,"master_deck":["theMarked:Defend","theMarked:Defend","theMarked:Defend","theMarked:Defend","theMarked:SoldierOfQuellstein","theMarked:HeightenedSenses","theMarked:DeterminationOfTheMarked+1","theMarked:BanishingStrike+1","theMarked:BanishingStrike","theMarked:Vacuum+1","theMarked:WardOff","theMarked:WardOff","theMarked:BindingBlade+1","Bite","Bite","Bite","Bite","Bite","theMarked:WardOff","J.A.X."],"relics":["theMarked:ArtifactOfAir","NeowsBlessing","Smiling Mask","Shuriken","Tiny House"],"acts_visited":["Exordium","TheCity"],"potions_floor_usage":[16,18,23],"damage_taken":[{"damage":0,"enemies":"Cultist","floor":1,"turns":1},{"damage":0,"enemies":"Small Slimes","floor":5,"turns":2},{"damage":0,"enemies":"3 Sentries","floor":6,"turns":2},{"damage":3,"enemies":"Jaw Worm","floor":10,"turns":4},{"damage":11,"enemies":"3 Louse","floor":13,"turns":4},{"damage":19,"enemies":"Looter","floor":14,"turns":4},{"damage":20,"enemies":"Slime Boss","floor":16,"turns":6},{"damage":16,"enemies":"Shell Parasite","floor":18,"turns":4},{"damage":25,"enemies":"2 Thieves","floor":20,"turns":4},{"damage":38,"enemies":"Book of Stabbing","floor":23,"turns":4}],"seed_played":"-1103800064017688670","potions_obtained":[{"floor":10,"key":"Strength Potion"},{"floor":17,"key":"Regen Potion"},{"floor":18,"key":"FearPotion"}],"is_trial":false,"path_per_floor":["M","$","?","$","M","E","?","R","T","M","R","$","M","M","R","B",null,"M","?","M","?","?","E"],"character_chosen":"THE_DEFAULT","items_purchased":["theMarked:DeterminationOfTheMarked","theMarked:BanishingStrike","theMarked:WardOff"],"campfire_rested":1,"item_purchase_floors":[2,2,12],"current_hp_per_floor":[70,70,70,70,70,70,63,63,63,60,60,60,49,30,51,31,75,63,52,27,27,27,0,0],"gold":276,"neow_bonus":"THREE_ENEMY_KILL","is_daily":false,"chose_seed":false,"campfire_upgraded":2,"win_rate":0.0,"timestamp":1611443274,"path_taken":["M","$","?","$","M","E","?","R","T","?","R","$","M","M","R","BOSS","M","?","M","?","?","E"],"items_purchased_type":["Card","Card","Card"],"build_version":"2020-12-22","purchased_purges":1,"victory":false,"max_hp_per_floor":[70,70,70,70,70,70,70,70,70,70,70,70,70,70,70,70,75,75,52,52,52,52,52,52],"card_choices":[{"not_picked":["theMarked:Parkour","theMarked:SwordAndMagic"],"picked":"theMarked:HeightenedSenses","floor":1},{"not_picked":["theMarked:RepellingDischarge","theMarked:Static"],"picked":"theMarked:BanishingStrike","floor":5},{"not_picked":["theMarked:Frustration","theMarked:ResourceFulStrike"],"picked":"theMarked:Vacuum","floor":6},{"not_picked":["theMarked:LightningStrikesTwice","theMarked:SwordAndMagic"],"picked":"theMarked:WardOff","floor":10},{"not_picked":["theMarked:EmpowerWeapon","theMarked:ElectricStrings","theMarked:TwofoldDefense"],"picked":"SKIP","floor":13},{"not_picked":["theMarked:WardOff","theMarked:ChainLightning","theMarked:Aftermath"],"picked":"SKIP","floor":14},{"not_picked":["theMarked:Challenge","theMarked:TurnInvisible"],"picked":"theMarked:BindingBlade","floor":16},{"not_picked":["theMarked:EnhanceMovement","theMarked:Polarize+1","theMarked:Convert"],"picked":"SKIP","floor":18},{"not_picked":["theMarked:ChainLightning+1","theMarked:PowerFlow"],"picked":"theMarked:WardOff","floor":20}],"player_experience":176103,"relics_obtained":[{"floor":6,"key":"Smiling Mask"},{"floor":9,"key":"Shuriken"}],"event_choices":[{"damage_healed":0,"gold_gain":0,"player_choice":"Grow","damage_taken":0,"max_hp_gain":0,"max_hp_loss":0,"event_name":"Living Wall","floor":3,"gold_loss":0,"cards_upgraded":["theMarked:BanishingStrike"]},{"damage_healed":0,"gold_gain":75,"player_choice":"Touch","damage_taken":7,"max_hp_gain":0,"max_hp_loss":0,"event_name":"FaceTrader","floor":7,"gold_loss":0},{"damage_healed":0,"gold_gain":0,"player_choice":"Became a vampire","damage_taken":0,"max_hp_gain":0,"max_hp_loss":23,"event_name":"Vampires","floor":19,"gold_loss":0,"cards_obtained":["Bite","Bite","Bite","Bite","Bite"]},{"damage_healed":0,"gold_gain":0,"player_choice":"Ignored","damage_taken":0,"max_hp_gain":0,"max_hp_loss":0,"event_name":"Cursed Tome","floor":21,"gold_loss":0},{"damage_healed":0,"gold_gain":0,"player_choice":"Obtain J.A.X.","damage_taken":0,"max_hp_gain":0,"max_hp_loss":0,"event_name":"Drug Dealer","floor":22,"gold_loss":0,"cards_obtained":["J.A.X."]}],"is_beta":false,"boss_relics":[{"not_picked":["Ectoplasm","Fusion Hammer"],"picked":"Tiny House"}],"items_purged_floors":[12],"is_endless":false,"potions_floor_spawned":[10,18],"killed_by":"Book of Stabbing","ascension_level":0}}