{"host":"jpzdg3po3tjxdjri","time":1611409080,"event":{"mods":["BaseMod","Better Third Choice","Colored Map","Colored Powertips","Minty Spire (QoL Compilation)","StSLib"],"gold_per_floor":[118,118,137,196,196,196,226,226,249,249,267,267,281,1,1,1,1],"floor_reached":16,"language":"ENG","playtime":341,"items_purged":["Strike_G"],"score":167,"play_id":"39ac4ba4-a53d-4e88-83ee-10782b245e8a","local_time":"20210123133800","is_ascension_mode":true,"campfire_choices":[{"data":"Predator","floor":6,"key":"SMITH"},{"floor":10,"key":"REST"},{"data":"Footwork","floor":12,"key":"SMITH"},{"data":"Poisoned Stab","floor":15,"key":"SMITH"}],"circlet_count":0,"master_deck":["AscendersBane","Strike_G+1","Strike_G+1","Strike_G","Strike_G","Defend_G","Defend_G","Defend_G","Defend_G","Defend_G","Survivor","Neutralize","Backstab","PiercingWail","Predator+1","Blade Dance","Footwork+1","Cloak And Dagger","Poisoned Stab+1","Dagger Spray","Dagger Throw","Blade Dance"],"relics":["Ring of the Snake","Prayer Wheel","GremlinMask","Whetstone","Regal Pillow","Akabeko","PreservedInsect"],"acts_visited":["Exordium"],"potions_floor_usage":[16,16],"damage_taken":[{"damage":0,"enemies":"2 Louse","floor":1,"turns":4},{"damage":11,"enemies":"Cultist","floor":3,"turns":7},{"damage":43,"enemies":"Gremlin Nob","floor":7,"turns":5},{"damage":2,"enemies":"Jaw Worm","floor":11,"turns":2},{"damage":2,"enemies":"Blue Slaver","floor":13,"turns":2},{"damage":42,"enemies":"Slime Boss","floor":16,"turns":7}],"seed_played":"4566715023968147878","potions_obtained":[{"floor":1,"key":"Strength Potion"},{"floor":7,"key":"BlessingOfTheForge"}],"is_trial":false,"path_per_floor":["M","?","M","?","T","R","E","?","T","R","M","R","M","$","R","B"],"character_chosen":"THE_SILENT","items_purchased":["PreservedInsect","Blade Dance"],"campfire_rested":1,"item_purchase_floors":[14,14],"current_hp_per_floor":[59,59,48,48,48,48,5,10,10,44,42,42,40,40,40,0,0],"gold":1,"neow_bonus":"ONE_RARE_RELIC","is_daily":false,"chose_seed":false,"campfire_upgraded":3,"win_rate":0.0,"timestamp":1611409080,"path_taken":["M","?","?","?","?","R","E","?","T","R","M","R","M","$","R","BOSS"],"items_purchased_type":["Relic","Card"],"build_version":"2020-12-22","purchased_purges":1,"victory":false,"max_hp_per_floor":[60,60,60,60,60,60,60,65,65,65,65,65,65,65,65,65,65],"card_choices":[{"not_picked":["PiercingWail","Skewer"],"picked":"Backstab","floor":1},{"not_picked":["Caltrops","Distraction"],"picked":"PiercingWail","floor":1},{"not_picked":["PiercingWail","Masterful Stab"],"picked":"Predator","floor":3},{"not_picked":["All Out Attack","Backflip"],"picked":"Blade Dance","floor":3},{"not_picked":["Calculated Gamble","Backflip"],"picked":"Footwork","floor":7},{"not_picked":["Blur","Sucker Punch"],"picked":"Cloak And Dagger","floor":11},{"not_picked":["Blur","Corpse Explosion"],"picked":"Poisoned Stab","floor":11},{"not_picked":["Accuracy","Acrobatics"],"picked":"Dagger Spray","floor":13},{"not_picked":["Choke","Flying Knee"],"picked":"Dagger Throw","floor":13}],"player_experience":852228,"relics_obtained":[{"floor":5,"key":"Whetstone"},{"floor":7,"key":"Regal Pillow"},{"floor":9,"key":"Akabeko"}],"event_choices":[{"damage_healed":0,"gold_gain":0,"player_choice":"Trade","damage_taken":0,"relics_obtained":["GremlinMask"],"max_hp_gain":0,"max_hp_loss":0,"event_name":"FaceTrader","floor":2,"gold_loss":0},{"damage_healed":0,"gold_gain":59,"player_choice":"Gained Gold","damage_taken":0,"max_hp_gain":0,"max_hp_loss":0,"event_name":"Golden Wing","floor":4,"gold_loss":0},{"damage_healed":0,"gold_gain":0,"player_choice":"Donut","damage_taken":0,"max_hp_gain":5,"max_hp_loss":0,"event_name":"Big Fish","floor":8,"gold_loss":0}],"is_beta":false,"boss_relics":[],"items_purged_floors":[14],"is_endless":false,"potions_floor_spawned":[1,7],"killed_by":"Slime Boss","ascension_level":14}}