{"host":"lnnm69al9x392px5","time":1611390578,"event":{"mods":["BaseMod","Downfall","Minty Spire (QoL Compilation)","Replay The Spire","StSLib"],"gold_per_floor":[116,136,136,155,5,5,22,55,107,72,87,87,98,116,116,213,213,226,326,339,339,141,141,154,154,154],"floor_reached":25,"language":"ENG","playtime":1025,"items_purged":["Delirium"],"score":255,"play_id":"88ef2b47-a833-4113-be0d-467bfda028cc","local_time":"20210123002938","is_ascension_mode":false,"campfire_choices":[{"data":"CutThroughFate","floor":6,"key":"SMITH"},{"data":"Adaptation","floor":12,"key":"SMITH"},{"data":"Replay:Vibes","floor":15,"key":"SMITH"},{"data":"Blasphemy","floor":23,"key":"SMITH"}],"circlet_count":0,"master_deck":["Strike_P","Defend_P","Defend_P","Defend_P","Defend_P","Eruption","Vigilance","JustLucky","CutThroughFate+1","Wallop","Adaptation+1","Collect","ForeignInfluence","FlyingSleeves","Replay:Vibes+1","ClearTheMind","Blasphemy+1","FlurryOfBlows+1","Fasting2+1","Omniscience+1","FearNoEvil","downfall:Haunted","downfall:Haunted","MasterReality","Parasite","Replay:Hysterical Blindness","Replay:ManipulateFuture+1","Crow Ritual","Swift Strike","FlurryOfBlows"],"relics":["PureWater","Membership Card","Eternal Feather","Blue Doll","Astrolabe","Darkstone Periapt","MutagenicStrength","Lee\u0027s Waffle"],"acts_visited":["Exordium","TheCity"],"potions_floor_usage":[25],"damage_taken":[{"damage":0,"enemies":"Cultist","floor":1,"turns":2},{"damage":6,"enemies":"2 Louse","floor":2,"turns":3},{"damage":0,"enemies":"Small Slimes","floor":4,"turns":1},{"damage":5,"enemies":"Blue Slaver","floor":7,"turns":4},{"damage":26,"enemies":"Lagavulin","floor":8,"turns":4},{"damage":0,"enemies":"2 Fungi Beasts","floor":11,"turns":2},{"damage":2,"enemies":"Exordium Wildlife","floor":13,"turns":3},{"damage":44,"enemies":"Large Slime","floor":14,"turns":5},{"damage":25,"enemies":"Slime Boss","floor":16,"turns":7},{"damage":31,"enemies":"Spheric Guardian","floor":18,"turns":6},{"damage":21,"enemies":"2 Thieves","floor":20,"turns":3},{"damage":31,"enemies":"Centurion and Healer","floor":24,"turns":4},{"damage":100075,"enemies":"Slavers","floor":25,"turns":6}],"seed_played":"1007572340507638325","potions_obtained":[{"floor":2,"key":"SpeedPotion"},{"floor":8,"key":"Elixir"},{"floor":13,"key":"Languid Potion"}],"is_trial":false,"path_per_floor":["M","M","?","M","$","R","M","E","T","?","M","R","M","M","R","B",null,"M","?","M","?","$","R","M","E"],"character_chosen":"WATCHER","items_purchased":["Membership Card","Lee\u0027s Waffle","Crow Ritual","Swift Strike"],"campfire_rested":0,"item_purchase_floors":[5,22,22,22],"current_hp_per_floor":[72,66,71,71,71,71,66,40,40,59,59,68,66,22,31,6,77,46,81,60,60,119,119,88,0,0],"gold":154,"neow_bonus":"THREE_CARDS","is_daily":false,"chose_seed":false,"campfire_upgraded":4,"win_rate":0.0,"timestamp":1611390578,"path_taken":["M","?","?","M","$","R","M","E","T","?","M","R","M","M","R","BOSS","M","?","M","?","$","R","M","E"],"items_purchased_type":["Relic","Relic","Card","Card"],"build_version":"2020-12-22","purchased_purges":1,"victory":false,"max_hp_per_floor":[72,72,77,77,77,77,77,77,77,77,77,77,77,77,77,77,77,77,112,112,112,119,119,119,119,119],"card_choices":[{"not_picked":["Halt","Replay:BluntJabs"],"picked":"JustLucky","floor":0},{"not_picked":["EmptyFist","Sanctity"],"picked":"CutThroughFate","floor":1},{"not_picked":["Study","CutThroughFate"],"picked":"Wallop","floor":2},{"not_picked":["Pray","Conclude"],"picked":"Adaptation","floor":4},{"not_picked":["Protect","WheelKick"],"picked":"Collect","floor":7},{"not_picked":["EmptyMind","WaveOfTheHand"],"picked":"ForeignInfluence","floor":8},{"not_picked":["Replay:ManipulateFuture","JustLucky"],"picked":"FlyingSleeves","floor":11},{"not_picked":["JustLucky","LikeWater"],"picked":"Replay:Vibes","floor":13},{"not_picked":["Replay:Anticipation","EmptyBody"],"picked":"ClearTheMind","floor":14},{"not_picked":["ConjureBlade","Establishment"],"picked":"Blasphemy","floor":16},{"not_picked":["Prostrate","ClearTheMind"],"picked":"FearNoEvil","floor":18},{"not_picked":["ClearTheMind+1","Evaluate"],"picked":"Replay:ManipulateFuture+1","floor":20},{"not_picked":["ClearTheMind+1","SandsOfTime+1"],"picked":"FlurryOfBlows","floor":24}],"player_experience":246470,"relics_obtained":[{"floor":8,"key":"Eternal Feather"},{"floor":9,"key":"Blue Doll"}],"event_choices":[{"damage_healed":0,"gold_gain":0,"player_choice":"Donut","damage_taken":0,"max_hp_gain":5,"max_hp_loss":0,"event_name":"Big Fish","floor":3,"gold_loss":0},{"damage_healed":19,"gold_gain":0,"player_choice":"Healed","damage_taken":0,"max_hp_gain":0,"max_hp_loss":0,"event_name":"The Cleric","floor":10,"gold_loss":35},{"damage_healed":0,"gold_gain":0,"player_choice":"Inject Mutagens","damage_taken":0,"relics_obtained":["MutagenicStrength"],"max_hp_gain":0,"max_hp_loss":0,"event_name":"Drug Dealer","floor":21,"gold_loss":0}],"is_beta":false,"boss_relics":[{"not_picked":["Sozu","Coffee Dripper"],"picked":"Astrolabe"}],"items_purged_floors":[22],"is_endless":false,"potions_floor_spawned":[2,8,13,14,18,24],"killed_by":"Slavers","ascension_level":0}}