{"host":"mydft8i2zzydgggw","time":1611441457,"event":{"mods":["AchievementEnabler","BaseMod","BetterRewards","Colored Map","Colored Powertips","DeckTracker","Keyboard Shortcuts","Minty Spire (QoL Compilation)","Rare Cards Sparkle","StSLib","SuperFastMode","everything is the same but u backflip on backflip"],"gold_per_floor":[113,188,206,226,43,43,77,77,77,77,107,182,182,198,198,298,298,308,288,306,5,20,53,53,68,119,146,165,165,165,165],"floor_reached":30,"language":"KOR","playtime":774,"items_purged":["Strike_B"],"score":470,"play_id":"31f9de2f-1a0b-4191-9363-23a7d8999e7a","local_time":"20210124073737","is_ascension_mode":true,"campfire_choices":[{"data":"Coolheaded","floor":6.0,"key":"SMITH"},{"data":"Glacier","floor":10.0,"key":"SMITH"},{"data":"Loop","floor":13,"key":"SMITH"},{"data":"Seek","floor":15,"key":"SMITH"},{"data":"Blizzard","floor":24,"key":"SMITH"},{"data":"Coolheaded","floor":29,"key":"SMITH"}],"circlet_count":0,"master_deck":["AscendersBane","Strike_B","Strike_B","Strike_B","Defend_B","Defend_B","Defend_B","Defend_B","Zap","Dualcast","Seek+1","Cold Snap","Coolheaded+1","Glacier+1","Blizzard+1","Loop+1","Beam Cell","Compile Driver","FTL","Core Surge","Biased Cognition","Biased Cognition","Go for the Eyes","Coolheaded+1","Coolheaded+1"],"relics":["Cracked Core","Pocketwatch","Calipers","InkBottle","Busted Crown","Lantern","Omamori","PreservedInsect","Eternal Feather"],"acts_visited":["Exordium","TheCity"],"potions_floor_usage":[16,23],"damage_taken":[{"damage":3.0,"enemies":"2 Louse","floor":1.0,"turns":3.0},{"damage":4.0,"enemies":"Jaw Worm","floor":3.0,"turns":4.0},{"damage":3.0,"enemies":"Small Slimes","floor":4.0,"turns":3.0},{"damage":9.0,"enemies":"Gremlin Nob","floor":7.0,"turns":5.0},{"damage":5.0,"enemies":"3 Sentries","floor":11.0,"turns":2.0},{"damage":3,"enemies":"Exordium Wildlife","floor":14,"turns":3},{"damage":17,"enemies":"The Guardian","floor":16,"turns":14},{"damage":18,"enemies":"2 Thieves","floor":18,"turns":4},{"damage":0,"enemies":"Chosen","floor":20,"turns":4},{"damage":0,"enemies":"Centurion and Healer","floor":22,"turns":5},{"damage":0,"enemies":"Gremlin Leader","floor":23,"turns":8},{"damage":3,"enemies":"Shelled Parasite and Fungi","floor":25,"turns":7},{"damage":19,"enemies":"Book of Stabbing","floor":27,"turns":5},{"damage":1,"enemies":"Sentry and Sphere","floor":28,"turns":6},{"damage":34,"enemies":"Slavers","floor":30,"turns":1}],"seed_played":"2513859301254004339","potions_obtained":[{"floor":3.0,"key":"Strength Potion"},{"floor":7.0,"key":"PowerPotion"},{"floor":14,"key":"FearPotion"},{"floor":18,"key":"SpeedPotion"},{"floor":19,"key":"Explosive Potion"},{"floor":20,"key":"LiquidMemories"}],"is_trial":false,"path_per_floor":["M","?","M","M","$","R","E","?","T","R","E","?","R","M","R","B",null,"M","?","M","$","M","E","R","M","T","E","M","R","E"],"character_chosen":"DEFECT","items_purchased":["Blizzard","Loop","Biased Cognition","Lantern"],"campfire_rested":0,"item_purchase_floors":[5,5,21,21],"current_hp_per_floor":[65,54,50,47,47,47,38,38,38,38,33,26,26,23,23,6,58,40,40,40,40,40,40,40,37,37,18,17,32,0,0],"gold":165,"neow_bonus":"ONE_RANDOM_RARE_CARD","is_daily":false,"chose_seed":false,"campfire_upgraded":6,"win_rate":0.0,"timestamp":1611441457,"path_taken":["M","?","M","M","$","R","E","?","T","R","E","?","R","?","R","BOSS","M","?","?","$","M","E","R","M","T","E","?","R","E"],"items_purchased_type":["Card","Card","Card","Relic"],"build_version":"2020-12-22","purchased_purges":1,"victory":false,"max_hp_per_floor":[75,75,75,75,75,75,75,75,75,75,75,75,75,75,75,75,75,75,75,75,75,75,75,75,75,75,75,75,75,75,75],"card_choices":[{"not_picked":["Ball Lightning","Conserve Battery"],"picked":"Cold Snap","floor":1.0},{"not_picked":["Steam","Beam Cell"],"picked":"Coolheaded","floor":3.0},{"not_picked":["Redo","Skim"],"picked":"Glacier","floor":4.0},{"not_picked":["Steam","Storm"],"picked":"Beam Cell","floor":7.0},{"not_picked":["Rebound","Turbo"],"picked":"Compile Driver","floor":11.0},{"not_picked":["Chaos","Melter"],"picked":"FTL","floor":14},{"not_picked":["Amplify","Buffer"],"picked":"Core Surge","floor":16},{"not_picked":["Streamline"],"picked":"SKIP","floor":18},{"not_picked":["Ball Lightning+1"],"picked":"SKIP","floor":20},{"not_picked":["Streamline"],"picked":"SKIP","floor":22},{"not_picked":[],"picked":"Biased Cognition","floor":23},{"not_picked":[],"picked":"Go for the Eyes","floor":25},{"not_picked":[],"picked":"Coolheaded","floor":27},{"not_picked":[],"picked":"Coolheaded+1","floor":28}],"player_experience":196294,"relics_obtained":[{"floor":7.0,"key":"Pocketwatch"},{"floor":9.0,"key":"Calipers"},{"floor":11.0,"key":"InkBottle"},{"floor":23,"key":"Omamori"},{"floor":26,"key":"PreservedInsect"},{"floor":27,"key":"Eternal Feather"}],"event_choices":[{"damage_healed":0.0,"max_hp_gain":0.0,"max_hp_loss":0.0,"gold_gain":75.0,"event_name":"World of Goop","player_choice":"Gather Gold","floor":2.0,"gold_loss":0.0,"damage_taken":11.0},{"damage_healed":0.0,"max_hp_gain":0.0,"max_hp_loss":0.0,"gold_gain":0.0,"event_name":"Liars Game","player_choice":"Ignored","floor":8.0,"gold_loss":0.0,"damage_taken":0.0},{"damage_healed":0,"gold_gain":75,"player_choice":"Touch","damage_taken":7,"max_hp_gain":0,"max_hp_loss":0,"event_name":"FaceTrader","floor":12,"gold_loss":0},{"damage_healed":0,"gold_gain":0,"player_choice":"Bought 1 Potion","damage_taken":0,"max_hp_gain":0,"max_hp_loss":0,"event_name":"The Woman in Blue","floor":19,"gold_loss":0}],"is_beta":false,"boss_relics":[{"not_picked":["Velvet Choker","Philosopher\u0027s Stone"],"picked":"Busted Crown"}],"items_purged_floors":[5],"is_endless":false,"potions_floor_spawned":[3,7,14,18,20],"killed_by":"Slavers","ascension_level":11}}