{"host":"bg8va46pgqgvtzim","time":1611382108,"event":{"mods":["BaseMod","Minty Spire (QoL Compilation)","Quick Restart","StSLib","SuperFastMode"],"gold_per_floor":[119,119,131,131,81,81,101,101,127,127,127,127,146,173,2,36,50,50,50,155,155,172,183,195,195,207,25,25,41,58,81,97,132,132,132,132,159,176,192,192,289,289,300,300,317,331,345,375,375,375,375],"floor_reached":50,"language":"ZHS","playtime":1003,"items_purged":["Defend_P"],"score":694,"play_id":"16c5b8d7-a4df-4732-a267-10c5240f183e","local_time":"20210123140828","is_ascension_mode":true,"campfire_choices":[{"data":"Meditate","floor":8.0,"key":"SMITH"},{"floor":10.0,"key":"REST"},{"data":"Conclude","floor":18.0,"key":"SMITH"},{"data":"BowlingBash","floor":19.0,"key":"SMITH"},{"data":"Collect","floor":28,"key":"SMITH"},{"data":"Wallop","floor":34,"key":"SMITH"},{"data":"Adaptation","floor":40,"key":"SMITH"},{"data":"DeusExMachina","floor":49,"key":"SMITH"}],"circlet_count":0,"master_deck":["Strike_P","Strike_P","Defend_P","Eruption+1","Vigilance","Meditate+1","FlurryOfBlows","BowlingBash+1","Prostrate","Conclude+1","DeusExMachina+1","InnerPeace","Indignation+1","Collect+1","Adaptation+1","ClearTheMind+1","Tantrum+1","Wallop+1","Prostrate+1","SpiritShield+1","Master of Strategy+1","Flash of Steel","InnerPeace+1"],"relics":["PureWater","Calipers","Meat on the Bone","Incense Burner","HornCleat","The Courier","Gremlin Horn","Membership Card","Art of War","VioletLotus","ClockworkSouvenir","Toxic Egg 2","Centennial Puzzle","Blood Vial","Mummified Hand","Pear","Empty Cage","Question Card"],"acts_visited":["Exordium","TheCity","TheBeyond"],"potions_floor_usage":[24,24],"damage_taken":[{"damage":2.0,"enemies":"Jaw Worm","floor":1.0,"turns":7.0},{"damage":0.0,"enemies":"2 Louse","floor":3.0,"turns":2.0},{"damage":0.0,"enemies":"Cultist","floor":7.0,"turns":2.0},{"damage":21.0,"enemies":"3 Sentries","floor":9.0,"turns":5.0},{"damage":5.0,"enemies":"Looter","floor":13.0,"turns":2.0},{"damage":0.0,"enemies":"Lagavulin","floor":14.0,"turns":5.0},{"damage":0.0,"enemies":"3 Sentries","floor":16.0,"turns":4.0},{"damage":0.0,"enemies":"Lots of Slimes","floor":17.0,"turns":2.0},{"damage":16.0,"enemies":"Slime Boss","floor":20.0,"turns":5.0},{"damage":10.0,"enemies":"Chosen","floor":22.0,"turns":3.0},{"damage":12.0,"enemies":"3 Byrds","floor":23.0,"turns":4.0},{"damage":0,"enemies":"Snake Plant","floor":24,"turns":2},{"damage":0,"enemies":"Sentry and Sphere","floor":26,"turns":3},{"damage":15,"enemies":"Snecko","floor":29,"turns":4},{"damage":12,"enemies":"Snake Plant","floor":30,"turns":3},{"damage":15,"enemies":"Centurion and Healer","floor":32,"turns":4},{"damage":0,"enemies":"Slavers","floor":33,"turns":3},{"damage":0,"enemies":"Gremlin Leader","floor":37,"turns":3},{"damage":0,"enemies":"Cultist and Chosen","floor":38,"turns":3},{"damage":13,"enemies":"Snake Plant","floor":39,"turns":2},{"damage":40,"enemies":"Champ","floor":41,"turns":7},{"damage":0,"enemies":"Orb Walker","floor":43,"turns":3},{"damage":0,"enemies":"3 Shapes","floor":45,"turns":1},{"damage":0,"enemies":"Maw","floor":46,"turns":5},{"damage":8,"enemies":"Spire Growth","floor":47,"turns":3},{"damage":0,"enemies":"Reptomancer","floor":48,"turns":3},{"damage":0,"enemies":"3 Darklings","floor":50,"turns":1}],"seed_played":"1347235388726381373","potions_obtained":[{"floor":13.0,"key":"DuplicationPotion"},{"floor":16.0,"key":"Fire Potion"},{"floor":22.0,"key":"BottledMiracle"},{"floor":24,"key":"EssenceOfSteel"},{"floor":26,"key":"GamblersBrew"},{"floor":29,"key":"EntropicBrew"}],"is_trial":false,"path_per_floor":["M","?","M","?","?","?","M","R","E","R","T","T","M","E","$","E","M","R","R","B",null,"M","M","M","?","M","$","R","M","M","T","M","E","R","?","?","E","M","M","R","B",null,"M","?","M","M","M","E","R","M"],"character_chosen":"WATCHER","items_purchased":["Membership Card","Prostrate","ClockworkSouvenir","Toxic Egg 2","Adaptation"],"campfire_rested":1,"item_purchase_floors":[15,15,27,27,27],"current_hp_per_floor":[63,63,63,21,21,21,33,33,24,43,43,43,38,38,38,38,38,38,38,34,65,55,43,43,43,43,43,43,40,40,40,37,37,37,37,37,49,51,40,40,14,75,75,65,67,69,63,65,65,67,67],"gold":375,"neow_bonus":"ONE_RARE_RELIC","is_daily":false,"chose_seed":false,"campfire_upgraded":7,"win_rate":0.0,"timestamp":1611382108,"path_taken":["M","?","M","?","?","?","M","R","E","R","T","T","?","E","?","E","M","R","R","BOSS","M","M","?","?","M","?","R","?","M","T","M","E","R","?","?","E","M","M","R","BOSS","M","?","M","M","M","E","R","M"],"items_purchased_type":["Relic","Card","Relic","Relic","Card"],"build_version":"2020-12-22","purchased_purges":1,"victory":false,"max_hp_per_floor":[65,65,65,65,65,65,65,65,65,65,65,65,65,65,65,65,65,65,65,65,65,65,65,65,65,65,65,65,65,65,65,65,65,65,65,65,75,75,75,75,75,75,75,75,75,75,75,75,75,75,75],"card_choices":[{"not_picked":["FlyingSleeves","EmptyFist","WindmillStrike"],"picked":"SKIP","floor":1.0},{"not_picked":["FlyingSleeves","EmptyFist","WindmillStrike"],"picked":"SKIP","floor":1.0},{"not_picked":["Study","EmptyFist","WaveOfTheHand"],"picked":"SKIP","floor":3.0},{"not_picked":["Evaluate","DeceiveReality"],"picked":"Meditate","floor":7.0},{"not_picked":["EmptyBody","EmptyFist","Fasting2"],"picked":"SKIP","floor":9.0},{"not_picked":["EmptyFist","EmptyBody"],"picked":"FlurryOfBlows","floor":13.0},{"not_picked":["Collect","SpiritShield"],"picked":"BowlingBash","floor":14.0},{"not_picked":["Weave","Wireheading"],"picked":"Conclude","floor":16.0},{"not_picked":["CutThroughFate","ThirdEye","Protect"],"picked":"SKIP","floor":17.0},{"not_picked":["Alpha","SpiritShield"],"picked":"DeusExMachina","floor":20.0},{"not_picked":["Crescendo","Evaluate+1"],"picked":"InnerPeace","floor":22.0},{"not_picked":["Crescendo+1","ForeignInfluence"],"picked":"Indignation+1","floor":23.0},{"not_picked":["Halt","ThirdEye","Crescendo+1"],"picked":"SKIP","floor":24},{"not_picked":["EmptyBody+1","FearNoEvil"],"picked":"Collect","floor":26},{"not_picked":["Collect+1","EmptyBody+1"],"picked":"ClearTheMind+1","floor":29},{"not_picked":["Brilliance","Wireheading+1","Perseverance+1"],"picked":"SKIP","floor":30},{"not_picked":["LikeWater","BowlingBash+1"],"picked":"Tantrum+1","floor":32},{"not_picked":["ForeignInfluence+1","EmptyMind+1"],"picked":"Wallop","floor":33},{"not_picked":["FearNoEvil","ReachHeaven+1","Weave"],"picked":"SKIP","floor":37},{"not_picked":["EmptyFist","FlurryOfBlows"],"picked":"Prostrate+1","floor":38},{"not_picked":["CrushJoints","Weave"],"picked":"SpiritShield+1","floor":39},{"not_picked":["JustLucky+1","PathToVictory+1","ReachHeaven"],"picked":"SKIP","floor":43},{"not_picked":["Forethought+1","Discovery+1"],"picked":"Master of Strategy+1","floor":44},{"not_picked":["Blind+1","Dark Shackles+1"],"picked":"Flash of Steel","floor":44},{"not_picked":["WheelKick","Swivel+1","ClearTheMind+1"],"picked":"SKIP","floor":45},{"not_picked":["CrushJoints","BowlingBash","Collect+1"],"picked":"SKIP","floor":46},{"not_picked":["CrushJoints","FlurryOfBlows","ForeignInfluence+1"],"picked":"SKIP","floor":47},{"not_picked":["FlurryOfBlows","Consecrate"],"picked":"InnerPeace+1","floor":48}],"player_experience":2309776,"relics_obtained":[{"floor":9.0,"key":"Incense Burner"},{"floor":11.0,"key":"HornCleat"},{"floor":12.0,"key":"The Courier"},{"floor":14.0,"key":"Gremlin Horn"},{"floor":16.0,"key":"Art of War"},{"floor":31,"key":"Centennial Puzzle"},{"floor":33,"key":"Blood Vial"},{"floor":37,"key":"Pear"},{"floor":48,"key":"Question Card"}],"event_choices":[{"damage_healed":0.0,"max_hp_gain":0.0,"max_hp_loss":0.0,"gold_gain":0.0,"event_name":"Liars Game","player_choice":"Ignored","floor":2.0,"gold_loss":0.0,"damage_taken":0.0},{"damage_healed":0.0,"max_hp_gain":0.0,"max_hp_loss":0.0,"gold_gain":0.0,"event_name":"Scrap Ooze","player_choice":"Success","floor":4.0,"gold_loss":0.0,"damage_taken":42.0,"relics_obtained":["Meat on the Bone"]},{"cards_removed":["Defend_P"],"damage_healed":0.0,"max_hp_gain":0.0,"max_hp_loss":0.0,"gold_gain":0.0,"event_name":"The Cleric","player_choice":"Card Removal","floor":5.0,"gold_loss":50.0,"damage_taken":0.0},{"damage_healed":0.0,"max_hp_gain":0.0,"max_hp_loss":0.0,"gold_gain":0.0,"event_name":"Accursed Blacksmith","player_choice":"Forge","floor":6.0,"gold_loss":0.0,"damage_taken":0.0,"cards_upgraded":["Eruption"]},{"damage_healed":0,"gold_gain":0,"player_choice":"Ignored","damage_taken":0,"max_hp_gain":0,"max_hp_loss":0,"event_name":"Ghosts","floor":25,"gold_loss":0},{"damage_healed":0,"gold_gain":0,"player_choice":"Opened","damage_taken":0,"relics_obtained":["Mummified Hand"],"max_hp_gain":0,"max_hp_loss":0,"event_name":"The Mausoleum","floor":35,"gold_loss":0},{"cards_removed":["Strike_P"],"damage_healed":0,"gold_gain":0,"player_choice":"Elegance","damage_taken":0,"max_hp_gain":0,"max_hp_loss":0,"event_name":"Back to Basics","floor":36,"gold_loss":0},{"damage_healed":0,"gold_gain":0,"player_choice":"Memory 3","damage_taken":10,"max_hp_gain":0,"max_hp_loss":0,"event_name":"SensoryStone","floor":44,"gold_loss":0}],"is_beta":false,"boss_relics":[{"not_picked":["Sozu","Philosopher\u0027s Stone"],"picked":"VioletLotus"},{"not_picked":["Busted Crown","Fusion Hammer"],"picked":"Empty Cage"}],"items_purged_floors":[15],"is_endless":false,"potions_floor_spawned":[13,16,22,24,26,29,30,43,46,48],"killed_by":"3 Darklings","ascension_level":1}}