{"host":"8s7r99mpv862ws6o","time":1611411667,"event":{"mods":["ATMod(∞¢Ë™Mod)","AchievementEnabler","Act Like it!","BaseMod","Gensokyo","GifTheSpireLib","Minty Spire (QoL Compilation)","Quick Restart","Reimu£®≤©¿ˆ¡È√Œ£©","StSLib"],"gold_per_floor":[116,116,136,26,44,44,74,74,146,166,198,198,198,217,217,318,318,331,6,6,33,133,133,156,36,62,80,114,126,126,155,155,251,251,268,283,283,309,321,346,346,346,421,437,437,437,467,467,467,467,467,467,139,172,172,172],"floor_reached":55,"language":"ZHS","playtime":4160,"items_purged":["Defend_Lin:ReiMu","Strike_Lin:ReiMu","Defend_Lin:ReiMu"],"score":894,"play_id":"d4590c31-3e7a-494b-b274-071aa97f3c4c","local_time":"20210123222107","is_ascension_mode":false,"campfire_choices":[{"data":"Stagnation:ReiMu","floor":6.0,"key":"SMITH"},{"data":"RainPray2:ReiMu","floor":8.0,"key":"SMITH"},{"data":"SubAcupoint:ReiMu","floor":13.0,"key":"SMITH"},{"data":"AirStrike:ReiMu","floor":15.0,"key":"SMITH"},{"data":"1","floor":23.0,"key":"LIFT"},{"floor":30.0,"key":"REST"},{"floor":32.0,"key":"REST"},{"data":"2","floor":41.0,"key":"LIFT"},{"data":"3","floor":46.0,"key":"LIFT"},{"floor":49.0,"key":"RECALL"},{"data":"UniversalSpiritual:ReiMu","floor":52.0,"key":"SMITH"}],"circlet_count":0,"master_deck":["Strike_Lin:ReiMu","Strike_Lin:ReiMu","Strike_Lin:ReiMu","Stagnation:ReiMu+1","RainPray2:ReiMu+1","SubAcupoint:ReiMu+1","PrepareRite:ReiMu","Enchanting:ReiMu","AirStrike:ReiMu+1","RunawayExorcism:ReiMu+1","SafetyPray:ReiMu+1","YinYangSange:ReiMu","UniversalSpiritual:ReiMu+1","PrepareRite:ReiMu+1","OrbThrow:ReiMu+1","AirManeuver:ReiMu","Free:ReiMu","LovePray:ReiMu","FoulBorder2:ReiMu+1","KyokaiOfKami:ReiMu","LearningPray:ReiMu+1","Crusade:ReiMu+1","PrayRite:ReiMu","NineCharacters:ReiMu","SubAcupoint:ReiMu","Gathering:ReiMu"],"relics":["ShineYinYang:ReiMu","AT_ATBox","NeowsBlessing","Happy Flower","Dream Catcher","Shuriken","Centennial Puzzle","Gensokyo:OccultBall","DonationBox:ReiMu","Tiny Chest","Gensokyo:ConquerorOfFear","PreservedInsect","Girya","Gambling Chip","RuthlessExorcism:ReiMu","Gensokyo:DemonMask","AT_BladeRuinedKing","Smiling Mask","Mercury Hourglass","Boot","Bottled Flame","Gensokyo:EmptyGrave","Sundial","Toolbox","AT_ArchangelStaff"],"acts_visited":["Exordium","Gensokyo:Gensokyo","Gensokyo:Gensokyoer","TheEnding"],"potions_floor_usage":[55,55],"damage_taken":[{"damage":0.0,"enemies":"Gensokyo:Python","floor":1.0,"turns":1.0},{"damage":0.0,"enemies":"Gensokyo:3_Fairies","floor":3.0,"turns":1.0},{"damage":0.0,"enemies":"Gensokyo:Gryphon","floor":5.0,"turns":1.0},{"damage":8.0,"enemies":"Gensokyo:Aya","floor":7.0,"turns":9.0},{"damage":1.0,"enemies":"Gensokyo:Python_and_Kodama","floor":10.0,"turns":3.0},{"damage":0.0,"enemies":"Gensokyo:Mamizou","floor":11.0,"turns":7.0},{"damage":4.0,"enemies":"Gensokyo:VengefulSpirit","floor":14.0,"turns":5.0},{"damage":15.0,"enemies":"Gensokyo:Kokoro","floor":16.0,"turns":10.0},{"damage":18.0,"enemies":"Gensokyo:AngelMirror","floor":18.0,"turns":3.0},{"damage":8.0,"enemies":"Gensokyo:AngelMirror","floor":22.0,"turns":7.0},{"damage":0.0,"enemies":"Gensokyo:Chomper","floor":27.0,"turns":2.0},{"damage":1.0,"enemies":"Gensokyo:Tenshi","floor":28.0,"turns":3.0},{"damage":15.0,"enemies":"Gensokyo:Slime_Group","floor":29.0,"turns":3.0},{"damage":17.0,"enemies":"Gensokyo:Reisen","floor":31.0,"turns":5.0},{"damage":14.0,"enemies":"Gensokyo:Eiki","floor":33.0,"turns":12.0},{"damage":5.0,"enemies":"Gensokyo:3_Boulders","floor":35.0,"turns":5.0},{"damage":7.0,"enemies":"Gensokyo:AncientGuardian","floor":36.0,"turns":4.0},{"damage":0.0,"enemies":"Gensokyo:3_Boulders","floor":39.0,"turns":3.0},{"damage":1.0,"enemies":"Gensokyo:Marisa","floor":40.0,"turns":2.0},{"damage":0.0,"enemies":"Gensokyo:SeedOfUnknown","floor":44.0,"turns":4.0},{"damage":0.0,"enemies":"Gensokyo:Doremy","floor":47.0,"turns":3.0},{"damage":8.0,"enemies":"Gensokyo:Yuyuko","floor":50.0,"turns":6.0},{"damage":13.0,"enemies":"Shield and Spear","floor":54.0,"turns":5.0},{"damage":48,"enemies":"The Heart","floor":55,"turns":5}],"seed_played":"-1788085781243975697","potions_obtained":[{"floor":3.0,"key":"GamblersBrew"},{"floor":10.0,"key":"BlessingOfTheForge"},{"floor":11.0,"key":"PowerPotion"},{"floor":14.0,"key":"GrandPatriotsElixir:ReiMu"},{"floor":27.0,"key":"DuplicationPotion"},{"floor":31.0,"key":"Strength Potion"},{"floor":35.0,"key":"Strength Potion"},{"floor":36.0,"key":"PinkPotion:ReiMu"}],"is_trial":false,"path_per_floor":["M","?","M","$","M","R","E","R","T","M","E","?","R","M","R","B",null,"M","$","?","T","?","R","T","?","T","M","E","M","R","E","R","B",null,"M","M","?","T","M","E","R","?","T","M","?","R","E","?","R","B",null,"R","$","E","B"],"character_chosen":"REIMU","items_purchased":["PrepareRite:ReiMu","YinYangSange:ReiMu","Tiny Chest","NineCharacters:ReiMu","SubAcupoint:ReiMu","Toolbox"],"campfire_rested":2,"item_purchase_floors":[4,19,19,53,53,53],"current_hp_per_floor":[65,65,65,65,65,65,57,57,57,56,56,56,56,52,52,37,65,47,47,47,47,39,39,39,39,39,39,38,23,42,25,44,30,65,60,53,44,44,44,43,43,43,43,43,43,43,43,60,60,60,60,60,60,47,0,0],"gold":172,"neow_bonus":"THREE_ENEMY_KILL","is_daily":false,"chose_seed":false,"campfire_upgraded":5,"win_rate":0.0,"timestamp":1611411667,"path_taken":["M","?","?","?","?","R","E","R","T","M","E","?","R","M","R","BOSS","M","$","?","?","?","R","?","?","T","?","E","M","R","E","R","BOSS","M","M","?","?","M","E","R","?","T","M","?","R","E","?","R","BOSS","R","$","E","BOSS"],"items_purchased_type":["Card","Card","Relic","Card","Card","Relic"],"build_version":"2020-12-22","purchased_purges":3,"victory":false,"max_hp_per_floor":[65,65,65,65,65,65,65,65,65,65,65,65,65,65,65,65,65,65,65,65,65,65,65,65,65,65,65,65,65,65,65,65,65,65,65,65,65,65,65,65,65,65,65,65,60,60,60,60,60,60,60,60,60,60,60,60],"card_choices":[{"not_picked":["TightArray:ReiMu","AlertArray:ReiMu"],"picked":"RainPray2:ReiMu","floor":1.0},{"not_picked":["MountainWay:ReiMu","AirStrike:ReiMu"],"picked":"SubAcupoint:ReiMu","floor":3.0},{"not_picked":["SpreadBorder2:ReiMu","PassingAway:ReiMu"],"picked":"Enchanting:ReiMu","floor":5.0},{"not_picked":["Enchanting:ReiMu","AirManeuver:ReiMu"],"picked":"AirStrike:ReiMu","floor":7.0},{"not_picked":["Intuition:ReiMu","SubcavityInstant:ReiMu","SealNeedle:ReiMu"],"picked":"SKIP","floor":10.0},{"not_picked":["SpreadBorder2:ReiMu","PassingAway:ReiMu"],"picked":"RunawayExorcism:ReiMu","floor":11.0},{"not_picked":["TightArray:ReiMu","SubAcupoint:ReiMu","MountainWay:ReiMu"],"picked":"SKIP","floor":14.0},{"not_picked":["KyokaiOfKami:ReiMu","SubcavityFantasy:ReiMu"],"picked":"RunawayExorcism:ReiMu","floor":16.0},{"not_picked":["RainPray2:ReiMu","EmergencyTakeOff:ReiMu+1"],"picked":"SafetyPray:ReiMu+1","floor":18.0},{"not_picked":["Intuition:ReiMu","AlertArray:ReiMu"],"picked":"UniversalSpiritual:ReiMu","floor":22.0},{"not_picked":["OrbThrow:ReiMu","FantasyBorder:ReiMu"],"picked":"PrepareRite:ReiMu+1","floor":27.0},{"not_picked":["FantasyBorder:ReiMu","AirStrike:ReiMu+1"],"picked":"OrbThrow:ReiMu+1","floor":28.0},{"not_picked":["SubAcupoint:ReiMu","SubcavityInstant:ReiMu"],"picked":"AirManeuver:ReiMu","floor":29.0},{"not_picked":["AirStrike:ReiMu+1","SpreadBorder2:ReiMu"],"picked":"Free:ReiMu","floor":30.0},{"not_picked":["OctopathBindingBorder2:ReiMu","DoubleButterfly:ReiMu"],"picked":"LovePray:ReiMu","floor":31.0},{"not_picked":["SafetyPray:ReiMu","SubAcupoint:ReiMu"],"picked":"FoulBorder2:ReiMu+1","floor":32.0},{"not_picked":["SubcavityFantasy:ReiMu","KamiRite:ReiMu"],"picked":"KyokaiOfKami:ReiMu","floor":33.0},{"not_picked":["Mountainwind:ReiMu","RainPray2:ReiMu+1"],"picked":"LearningPray:ReiMu+1","floor":35.0},{"not_picked":["OrbThrow:ReiMu","SubcavityInstant:ReiMu"],"picked":"Crusade:ReiMu+1","floor":36.0},{"not_picked":["SubAcupoint:ReiMu+1","WonderfulDomain:ReiMu","Meditation:ReiMu+1"],"picked":"SKIP","floor":39.0},{"not_picked":["Conquer:ReiMu","EmergencyTakeOff:ReiMu"],"picked":"PrayRite:ReiMu","floor":40.0},{"not_picked":["Conquer:ReiMu","OrbThrow:ReiMu+1","Amulet:ReiMu"],"picked":"SKIP","floor":44.0},{"not_picked":["TakeOff:ReiMu","AlertArray:ReiMu","ShadowOfCrow2:ReiMu"],"picked":"SKIP","floor":47.0},{"not_picked":["ManaGlint:ReiMu","CardOfSanctity:ReiMu"],"picked":"Gathering:ReiMu","floor":54.0}],"player_experience":594426,"relics_obtained":[{"floor":7.0,"key":"Dream Catcher"},{"floor":9.0,"key":"Shuriken"},{"floor":11.0,"key":"Centennial Puzzle"},{"floor":16.0,"key":"Gensokyo:OccultBall"},{"floor":21.0,"key":"PreservedInsect"},{"floor":22.0,"key":"Girya"},{"floor":22.0,"key":"Gambling Chip"},{"floor":22.0,"key":"Gensokyo:ConquerorOfFear"},{"floor":24.0,"key":"RuthlessExorcism:ReiMu"},{"floor":26.0,"key":"AT_BladeRuinedKing"},{"floor":28.0,"key":"Gensokyo:OccultBall"},{"floor":28.0,"key":"Smiling Mask"},{"floor":31.0,"key":"Mercury Hourglass"},{"floor":33.0,"key":"Gensokyo:OccultBall"},{"floor":40.0,"key":"Boot"},{"floor":43.0,"key":"Bottled Flame"},{"floor":47.0,"key":"Gensokyo:OccultBall"},{"floor":47.0,"key":"Sundial"},{"floor":54.0,"key":"AT_ArchangelStaff"}],"event_choices":[],"is_beta":false,"boss_relics":[{"not_picked":["Runic Dome","Ectoplasm"],"picked":"DonationBox:ReiMu"},{"not_picked":["CrownOfHeavens:ReiMu","Cursed Key"],"picked":"ShineYinYang:ReiMu"}],"items_purged_floors":[4,19,53],"is_endless":false,"potions_floor_spawned":[3,10,11,14,27,31,35,36,39],"killed_by":"The Heart","ascension_level":0}}