{"host":"6a06qhlf17v5rcww","time":1611440351,"event":{"mods":["Act Like it!","Aspiration","BaseMod","Beaked The Cultist","Better Altar","Better Match","Better Note","Better Sensory Stone","Better Skull","Better Third Choice","Better Vampires","BetterRewards","Block Reminder","Colored Powertips","Downfall","Gensokyo","Infinite Spire","Minty Spire (QoL Compilation)","Pale of the Ancients","Poor People Problems","Rare Cards Sparkle","Shade Mod","StSLib","The Bug Knight","The Jungle","The Marked","Wide Potions","Yakumo Yukari mod"],"gold_per_floor":[99,99,99,99,199,213,213,227,238,7,21,54,54,39,57,160,160,160,160,160,180,192,192,246,231,231,261,271,271,271,325,385,480,480,480,537,537,467,467,467,491,516,535,235,235,247,257,285,299,299,299,329,2,2,2,2],"floor_reached":57,"language":"ENG","playtime":8051,"items_purged":["bronze:Defend"],"score":1186,"play_id":"80880785-cda1-40a0-bc44-75047301256f","local_time":"20210123171911","is_ascension_mode":true,"campfire_choices":[{"data":"bronze:Goto","floor":1.0,"key":"SMITH"},{"data":"Apotheosis","floor":13.0,"key":"SMITH"},{"data":"bronze:SpaghettiCode","floor":18.0,"key":"SMITH"},{"data":"bronze:SpaghettiCode","floor":23.0,"key":"SMITH"},{"floor":29.0,"key":"REST"},{"floor":35.0,"key":"RECALL"},{"data":"bronze:AlphaBuild","floor":44.0,"key":"SMITH"},{"data":"expansioncontent:QuickStudy","floor":54.0,"key":"SMITH"}],"circlet_count":0,"master_deck":["bronze:Strike","bronze:Strike","bronze:Defend","bronze:Defend+1","bronze:Defend+1","bronze:Replicate","bronze:Goto+1","bronze:BitShift+1","bronze:Deprecate+1","bronze:Iterate","bronze:SpaghettiCode+1","bronze:BronzeArmor","bronze:Philosophize","bronze:Iterate","bronze:Repair","Apotheosis+1","bronze:WhirlingStrike","bronze:GetLatest","bronze:ChildClass","bronze:Overheat","bronze:Turbo","bronze:SpaghettiCode+1","bronze:Iterate","bronze:Shield","bronze:Boost","bronze:Branch","bronze:Boost","bronze:Frontload","bronze:Repair+1","bronze:FindAndReplace","bronze:FineTuning","bronze:AlphaBuild+1","expansioncontent:QuickStudy+1","bronze:Overload","bronze:Invalidate","bronze:Turbo+1","CurseOfTheBell","CurseOfTheBell","Writhe","bronze:BurnOut","Regret","bronze:Allocate","bronze:Terminator+1","bronze:Shield","bronze:Repulsor+1","bronze:InfiniteBeams+1","bronze:BitShift+1"],"relics":["bronze:BronzeCore","downfall:HeartsMalice","White Beast Statue","The Courier","infinitespire:Cupcake","Juzu Bracelet","aspiration:RitualStick","Anchor","downfall:KnowingSkull","SacredBark","Frozen Egg 2","HollowMod:StagPassRelic","aspiration:TomeofQuesting","Gremlin Horn","downfall:HeartBlessingRed","downfall:HeartBlessingGreen","downfall:HeartBlessingBlue","downfall:ExtraCursedBell","Bronze Scales","infinitespire:Lychee Nut","hexamod:CandleOfCauterizing","aspiration:HummingbirdHeart","Pantograph","Pen Nib"],"acts_visited":["Exordium","TheCity","TheBeyond","TheEnding"],"potions_floor_usage":[],"damage_taken":[{"damage":0.0,"enemies":"Cultist","floor":2.0,"turns":1.0},{"damage":0.0,"enemies":"2 Louse","floor":4.0,"turns":1.0},{"damage":0.0,"enemies":"downfall:Heads","floor":5.0,"turns":1.0},{"damage":8.0,"enemies":"Jaw Worm","floor":6.0,"turns":4.0},{"damage":0.0,"enemies":"2 Fungi Beasts","floor":8.0,"turns":3.0},{"damage":6.0,"enemies":"Large Slime","floor":9.0,"turns":4.0},{"damage":5.0,"enemies":"downfall:FleeingMerchant","floor":10.0,"turns":4.0},{"damage":2.0,"enemies":"Gremlin Gang","floor":11.0,"turns":4.0},{"damage":10.0,"enemies":"HollowMod:MossKnight","floor":12.0,"turns":7.0},{"damage":0.0,"enemies":"downfall:FleeingMerchant","floor":14.0,"turns":4.0},{"damage":4.0,"enemies":"Exordium Wildlife","floor":15.0,"turns":3.0},{"damage":8.0,"enemies":"IC_STATUS_ARCHETYPE","floor":16.0,"turns":2.0},{"damage":0.0,"enemies":"Shell Parasite","floor":21.0,"turns":5.0},{"damage":0.0,"enemies":"Centurion and Healer","floor":22.0,"turns":3.0},{"damage":7.0,"enemies":"downfall:FleeingMerchant","floor":25.0,"turns":4.0},{"damage":18.0,"enemies":"HollowMod:Nosk","floor":27.0,"turns":7.0},{"damage":21.0,"enemies":"Snake Plant","floor":28.0,"turns":5.0},{"damage":3.0,"enemies":"Sentry and Sphere","floor":31.0,"turns":3.0},{"damage":3.0,"enemies":"Chosen and Byrds","floor":32.0,"turns":3.0},{"damage":48.0,"enemies":"DF_ARCHETYPE_CLAW","floor":33.0,"turns":7.0},{"damage":17.0,"enemies":"3 Darklings","floor":36.0,"turns":9.0},{"damage":3.0,"enemies":"downfall:FleeingMerchant","floor":38.0,"turns":1.0},{"damage":25.0,"enemies":"beaked:SuperParasite","floor":42.0,"turns":5.0},{"damage":3.0,"enemies":"Orb Walker","floor":43.0,"turns":4.0},{"damage":15.0,"enemies":"Jaw Worm Horde","floor":46.0,"turns":3.0},{"damage":4.0,"enemies":"Maw","floor":47.0,"turns":7.0},{"damage":14.0,"enemies":"Nemesis","floor":48.0,"turns":5.0},{"damage":5.0,"enemies":"4 Shapes","floor":49.0,"turns":2.0},{"damage":3.0,"enemies":"SI_POISON_ARCHETYPE","floor":50.0,"turns":6.0},{"damage":25.0,"enemies":"downfall:CharBossMerchant","floor":52.0,"turns":5.0},{"damage":37.0,"enemies":"downfall:NeowBoss","floor":55.0,"turns":12.0},{"damage":27,"enemies":"downfall:NeowBoss","floor":56,"turns":11}],"seed_played":"8712890431545543185","potions_obtained":[{"floor":6.0,"key":"AttackPotion"},{"floor":8.0,"key":"DistilledChaos"},{"floor":9.0,"key":"Fire Potion"},{"floor":10.0,"key":"AttackPotion"},{"floor":11.0,"key":"Regen Potion"},{"floor":12.0,"key":"AttackPotion"},{"floor":16.0,"key":"FearPotion"},{"floor":21.0,"key":"ColorlessPotion"},{"floor":25.0,"key":"BlessingOfTheForge"},{"floor":27.0,"key":"Dexterity Potion"},{"floor":28.0,"key":"Fire Potion"},{"floor":32.0,"key":"hexamod:SoulburnPotion"},{"floor":33.0,"key":"hexamod:SoulburnPotion"},{"floor":42.0,"key":"GamblersBrew"},{"floor":46.0,"key":"bronze:BuildAFunctionPotion"},{"floor":47.0,"key":"DistilledChaos"},{"floor":49.0,"key":"Slimebound:ThreeZeroPotion"}],"is_trial":false,"path_per_floor":["R","M","?","M","?","M","T","M","M","$","M","E","R","$","M","B",null,"R","AVR","?","M","M","R","T","$","?","E","M","R","?","M","M","B",null,"R","M","?","$","?","?","T","E","M","R","?","M","M","E","M","B",null,"E","$","R","B","B",null],"character_chosen":"THE_AUTOMATON","items_purchased":["Apotheosis","bronze:WhirlingStrike","expansioncontent:QuickStudy","Frozen Egg 2","bronze:Overload","bronze:Invalidate","EntropicBrew","bronze:Repulsor+1","bronze:InfiniteBeams+1","Pen Nib","bronze:BitShift"],"campfire_rested":1,"item_purchase_floors":[10,10,38,38,38,38,53,53,53,53,53],"current_hp_per_floor":[70,70,70,70,70,62,62,62,56,51,59,70,70,70,66,58,70,70,70,56,66,66,66,66,59,59,41,30,51,44,48,52,21,70,70,56,56,53,53,53,53,35,42,52,57,65,65,61,63,65,65,48,48,48,55,52],"gold":2,"neow_bonus":"THREE_ENEMY_KILL","is_daily":false,"chose_seed":false,"campfire_upgraded":6,"win_rate":0.0,"timestamp":1611440351,"path_taken":["R","M","?","M","?","M","T","M","M","$","M","E","R","?","M","BOSS","R","AVR","?","M","M","R","T","$","?","E","M","R","?","M","M","BOSS","R","M","?","$","?","?","T","E","M","R","?","M","M","E","M","BOSS","E","$","R","BOSS","BOSS"],"items_purchased_type":["Card","Card","Card","Relic","Card","Card","Potion","Card","Card","Relic","Card"],"build_version":"2020-12-22","purchased_purges":1,"victory":true,"max_hp_per_floor":[70,70,70,70,70,70,70,70,70,70,70,70,70,70,70,70,70,70,70,70,70,70,70,70,70,70,70,70,70,70,70,70,70,70,70,70,70,70,70,70,70,70,70,80,65,65,65,65,65,65,65,65,65,65,65,65],"card_choices":[{"not_picked":["bronze:Optimize","bronze:DelayedSlice"],"picked":"bronze:BitShift","floor":2.0},{"not_picked":["bronze:WildBeam","bronze:Allocate"],"picked":"bronze:Deprecate","floor":4.0},{"not_picked":["bronze:BugBarrage","bronze:DelayedSlice"],"picked":"bronze:SpaghettiCode","floor":5.0},{"not_picked":["bronze:Safeguard","bronze:ChosenStrike"],"picked":"bronze:BronzeArmor","floor":6.0},{"not_picked":["bronze:CutThrough","bronze:Fortify"],"picked":"bronze:Philosophize","floor":8.0},{"not_picked":["bronze:Invalidate","bronze:CloningBeam"],"picked":"bronze:Iterate","floor":9.0},{"not_picked":["bronze:AlphaBuild","bronze:Shield"],"picked":"bronze:Repair","floor":10.0},{"not_picked":["bronze:BitShift","bronze:CutThrough"],"picked":"bronze:GetLatest","floor":11.0},{"not_picked":["bronze:CloningBeam","bronze:ForceShield"],"picked":"bronze:ChildClass","floor":12.0},{"not_picked":["bronze:NullPointer","bronze:Invalidate"],"picked":"bronze:Overheat","floor":14.0},{"not_picked":["bronze:BuggyMess","bronze:Invalidate"],"picked":"bronze:Turbo","floor":15.0},{"not_picked":["bronze:RecursiveStrike","bronze:Break"],"picked":"bronze:SpaghettiCode","floor":16.0},{"not_picked":["bronze:Shield+1","bronze:DelayedSlice"],"picked":"bronze:Iterate","floor":21.0},{"not_picked":["bronze:Deprecate","bronze:BuggyMess"],"picked":"bronze:Shield","floor":22.0},{"not_picked":["bronze:Constructor","bronze:OilSpill"],"picked":"bronze:Boost","floor":25.0},{"not_picked":["bronze:Format","bronze:Backtrace"],"picked":"bronze:Branch","floor":27.0},{"not_picked":["bronze:DarkDash+1","bronze:CutThrough"],"picked":"bronze:Boost","floor":28.0},{"not_picked":["bronze:WhirlingStrike+1","bronze:NullPointer"],"picked":"bronze:Frontload","floor":31.0},{"not_picked":["bronze:DelayedGuard","bronze:Allocate"],"picked":"bronze:Repair+1","floor":32.0},{"not_picked":["bronze:Virus","bronze:ThunderWave"],"picked":"bronze:FindAndReplace","floor":33.0},{"not_picked":["bronze:OilSpill+1","bronze:BugBarrage+1"],"picked":"bronze:FineTuning","floor":36.0},{"not_picked":["bronze:Overheat","bronze:WhirlingStrike"],"picked":"bronze:Turbo+1","floor":42.0},{"not_picked":["bronze:NullPointer+1","bronze:Turbo+1","bronze:WhirlingStrike+1"],"picked":"SKIP","floor":43.0},{"not_picked":["bronze:Overheat","bronze:DarkDash"],"picked":"bronze:Allocate","floor":46.0},{"not_picked":["bronze:BugBarrage","bronze:NullPointer+1","bronze:WhirlingStrike"],"picked":"SKIP","floor":47.0},{"not_picked":["bronze:ShipIt","bronze:BugBarrage+1"],"picked":"bronze:Terminator+1","floor":48.0},{"not_picked":["bronze:Constructor+1","bronze:OilSpill","bronze:Shield+1"],"picked":"SKIP","floor":49.0},{"not_picked":["bronze:WhirlingStrike+1","bronze:Invalidate+1"],"picked":"bronze:Shield","floor":52.0}],"player_experience":788110,"relics_obtained":[{"floor":7.0,"key":"White Beast Statue"},{"floor":12.0,"key":"The Courier"},{"floor":27.0,"key":"Anchor"},{"floor":40.0,"key":"HollowMod:StagPassRelic"},{"floor":41.0,"key":"aspiration:TomeofQuesting"},{"floor":42.0,"key":"Gremlin Horn"},{"floor":45.0,"key":"Bronze Scales"},{"floor":45.0,"key":"infinitespire:Lychee Nut"},{"floor":45.0,"key":"hexamod:CandleOfCauterizing"},{"floor":48.0,"key":"aspiration:HummingbirdHeart"},{"floor":52.0,"key":"Pantograph"}],"event_choices":[],"is_beta":false,"boss_relics":[{"not_picked":["Fusion Hammer","Snecko Eye"],"picked":"infinitespire:Cupcake"},{"not_picked":["Calling Bell","Black Star"],"picked":"SacredBark"}],"items_purged_floors":[38],"is_endless":false,"potions_floor_spawned":[6,8,9,10,11,12,14,15,16,21,22,25,27,28,31,32,33,36,38,42,43,46,47,48,49,52],"ascension_level":2}}