{"host":"agbyy69nq62afhwx","time":1611418805,"event":{"mods":["BaseMod","Colored Map","DeckTracker","Highlight Path","Keyboard Shortcuts","Minty Spire (QoL Compilation)","Quick Restart","StSLib","SuperFastMode","everything is the same but u backflip on backflip"],"gold_per_floor":[109,109,125,125,141,141,141],"floor_reached":6,"language":"KOR","playtime":92,"items_purged":[],"score":68,"play_id":"197a1a34-eee0-4358-a439-3b0785df0b04","local_time":"20210124012005","is_ascension_mode":true,"campfire_choices":[],"circlet_count":0,"master_deck":["AscendersBane","Strike_B","Strike_B","Strike_B","Defend_B","Defend_B","Defend_B","Defend_B","Zap","Dualcast","Reboot","Conserve Battery","Melter","Rip and Tear","Loop"],"relics":["Cracked Core","Golden Idol"],"acts_visited":["Exordium"],"potions_floor_usage":[],"damage_taken":[{"damage":0,"enemies":"2 Louse","floor":1,"turns":3},{"damage":4,"enemies":"Small Slimes","floor":3,"turns":3},{"damage":0,"enemies":"Cultist","floor":5,"turns":2},{"damage":7,"enemies":"Gremlin Nob","floor":6,"turns":3}],"seed_played":"5959203939377310387","potions_obtained":[{"floor":3,"key":"BlessingOfTheForge"},{"floor":5,"key":"Regen Potion"}],"is_trial":false,"path_per_floor":["M","?","M","?","M","E"],"character_chosen":"DEFECT","items_purchased":[],"campfire_rested":0,"item_purchase_floors":[],"current_hp_per_floor":[64,42,38,38,38,31,31],"gold":141,"neow_bonus":"THREE_RARE_CARDS","is_daily":false,"chose_seed":false,"campfire_upgraded":0,"win_rate":0.0,"timestamp":1611418805,"path_taken":["M","?","M","?","M","E"],"items_purchased_type":[],"build_version":"2020-12-22","purchased_purges":0,"victory":false,"max_hp_per_floor":[64,64,64,64,64,64,64],"card_choices":[{"not_picked":["Amplify","Thunder Strike"],"picked":"Reboot","floor":0.0},{"not_picked":["Rebound","Redo"],"picked":"Conserve Battery","floor":1},{"not_picked":["Storm","Go for the Eyes"],"picked":"Melter","floor":3},{"not_picked":["Leap","Fission"],"picked":"Loop","floor":5}],"player_experience":453802,"relics_obtained":[],"event_choices":[{"damage_healed":0,"gold_gain":0,"player_choice":"Take Damage","damage_taken":22,"relics_obtained":["Golden Idol"],"max_hp_gain":0,"max_hp_loss":0,"event_name":"Golden Idol","floor":2,"gold_loss":0},{"damage_healed":0,"gold_gain":0,"cards_transformed":["Strike_B"],"player_choice":"Change","damage_taken":0,"max_hp_gain":0,"max_hp_loss":0,"event_name":"Living Wall","floor":4,"gold_loss":0,"cards_obtained":["Rip and Tear"]}],"is_beta":false,"boss_relics":[],"items_purged_floors":[],"is_endless":false,"potions_floor_spawned":[3,5],"killed_by":"Gremlin Nob","ascension_level":18}}