{"host":"ldsuendt1u5dwthu","time":1611400294,"event":{"mods":["Act Like it!","BaseMod","Marisa£®ÏF”Í°°ƒß¿Ì…≥£©","Minty Spire (QoL Compilation)","Shop Mod","StSLib","The Animator"],"gold_per_floor":[112,126,126,126,137,137,165,165,237,11,74,89,89,103,103,201,201,216,226,252,167,179,179,179,179],"floor_reached":24,"language":"ZHS","playtime":1180,"items_purged":["Strike_MRS"],"score":196,"play_id":"0ccc6995-2292-4602-880c-ca1d5ef43159","local_time":"20210123191134","is_ascension_mode":false,"campfire_choices":[{"data":"WitchLeyline","floor":6.0,"key":"SMITH"},{"data":"ManaConvection","floor":8.0,"key":"SMITH"},{"floor":15.0,"key":"REST"}],"circlet_count":0,"master_deck":["Strike_MRS","Strike_MRS","Strike_MRS","Defend_MRS","Defend_MRS+1","Defend_MRS","Defend_MRS","MasterSpark+1","UpSweep","WitchLeyline+1","ShootingEcho+1","WitchLeyline+1","ManaConvection+1","PowerUp","JA","TreasureHunter","PropBag","SuperPerseids+1","SuperPerseids+1"],"relics":["MiniHakkero","NeowsBlessing","Art of War","Meat on the Bone","PreservedInsect","Strawberry","Philosopher\u0027s Stone","Red Mask","Blood Vial"],"acts_visited":["Exordium","TheCity"],"potions_floor_usage":[],"damage_taken":[{"damage":0.0,"enemies":"Jaw Worm","floor":1.0,"turns":1.0},{"damage":0.0,"enemies":"2 Louse","floor":2.0,"turns":1.0},{"damage":0.0,"enemies":"Cultist","floor":5.0,"turns":1.0},{"damage":25.0,"enemies":"Lagavulin","floor":7.0,"turns":5.0},{"damage":10.0,"enemies":"Lagavulin Event","floor":11.0,"turns":3.0},{"damage":5.0,"enemies":"Red Slaver","floor":12.0,"turns":2.0},{"damage":11.0,"enemies":"2 Fungi Beasts","floor":14.0,"turns":2.0},{"damage":33.0,"enemies":"Hexaghost","floor":16.0,"turns":6.0},{"damage":7.0,"enemies":"Chosen","floor":18.0,"turns":3.0},{"damage":6.0,"enemies":"2 Thieves","floor":19.0,"turns":2.0},{"damage":10.0,"enemies":"Masked Bandits","floor":20.0,"turns":3.0},{"damage":1.0,"enemies":"Cultist and Chosen","floor":22.0,"turns":4.0},{"damage":0,"enemies":"Snake Plant","floor":24,"turns":1}],"seed_played":"9158533259697076554","potions_obtained":[{"floor":2.0,"key":"Regen Potion"},{"floor":5.0,"key":"Dexterity Potion"},{"floor":18.0,"key":"DuplicationPotion"},{"floor":20.0,"key":"SteroidPotion"}],"is_trial":false,"path_per_floor":["M","M","?","?","M","R","E","R","T","$","?","M","?","M","R","B",null,"M","M","?","?","M","?","M"],"character_chosen":"MARISA","items_purchased":["PreservedInsect"],"campfire_rested":1,"item_purchase_floors":[10],"current_hp_per_floor":[75,75,75,75,75,75,50,50,50,50,47,42,26,27,51,30,82,75,69,59,59,72,72,74,74],"gold":179,"neow_bonus":"THREE_ENEMY_KILL","is_daily":false,"chose_seed":false,"campfire_upgraded":2,"win_rate":0.0,"timestamp":1611400294,"path_taken":["M","M","?","?","?","R","E","R","T","?","?","M","?","?","R","BOSS","M","M","?","?","M","?","M"],"items_purchased_type":["Relic"],"build_version":"2020-12-22","purchased_purges":1,"victory":false,"max_hp_per_floor":[75,75,75,75,75,75,75,75,75,75,82,82,82,82,82,82,82,82,82,82,82,82,82,82,82],"card_choices":[{"not_picked":["DC","SporeBomb"],"picked":"WitchLeyline","floor":1.0},{"not_picked":["DoubleSpark","UnstableBomb"],"picked":"ShootingEcho","floor":2.0},{"not_picked":["UnstableBomb","GravityBeat"],"picked":"WitchLeyline","floor":5.0},{"not_picked":["Robbery","MilkyWay"],"picked":"ManaConvection","floor":7.0},{"not_picked":["AsteroidBelt","GrandCross"],"picked":"PowerUp","floor":12.0},{"not_picked":["DC","PowerUp"],"picked":"JA","floor":14.0},{"not_picked":["AbsoluteMagnitude","BinaryStars"],"picked":"TreasureHunter","floor":16.0},{"not_picked":["6A","GravityBeat+1","AsteroidBelt"],"picked":"SKIP","floor":18.0},{"not_picked":["GrandCross+1","6A+1"],"picked":"PropBag","floor":19.0},{"not_picked":["FairyDestructionRay","IllusionStar"],"picked":"SuperPerseids+1","floor":22.0}],"player_experience":142067,"relics_obtained":[{"floor":7.0,"key":"Art of War"},{"floor":9.0,"key":"Meat on the Bone"},{"floor":20.0,"key":"Red Mask"}],"event_choices":[{"damage_healed":0.0,"max_hp_gain":0.0,"max_hp_loss":0.0,"gold_gain":0.0,"event_name":"Living Wall","player_choice":"Grow","floor":3.0,"gold_loss":0.0,"damage_taken":0.0,"cards_upgraded":["WitchLeyline"]},{"damage_healed":0.0,"max_hp_gain":0.0,"max_hp_loss":0.0,"gold_gain":0.0,"event_name":"Upgrade Shrine","player_choice":"Upgraded","floor":4.0,"gold_loss":0.0,"damage_taken":0.0,"cards_upgraded":["ShootingEcho"]},{"damage_healed":0.0,"max_hp_gain":0.0,"max_hp_loss":0.0,"gold_gain":0.0,"event_name":"Dead Adventurer","player_choice":"Searched \u00272\u0027 times","floor":11.0,"gold_loss":0.0,"damage_taken":0.0,"relics_obtained":["Strawberry"]},{"damage_healed":0.0,"max_hp_gain":0.0,"max_hp_loss":0.0,"gold_gain":0.0,"event_name":"Shining Light","player_choice":"Entered Light","floor":13.0,"gold_loss":0.0,"damage_taken":16.0,"cards_upgraded":["Defend_MRS","MasterSpark"]},{"damage_healed":0.0,"max_hp_gain":0.0,"max_hp_loss":0.0,"gold_gain":0.0,"event_name":"Masked Bandits","player_choice":"Fought Bandits","floor":20.0,"gold_loss":0.0,"damage_taken":0.0},{"damage_healed":0.0,"max_hp_gain":0.0,"max_hp_loss":0.0,"gold_gain":0.0,"event_name":"Addict","player_choice":"Obtained Relic","floor":21.0,"gold_loss":85.0,"damage_taken":0.0,"relics_obtained":["Blood Vial"]},{"damage_healed":0,"gold_gain":0,"player_choice":"Copied","damage_taken":0,"max_hp_gain":0,"max_hp_loss":0,"event_name":"Duplicator","floor":23,"gold_loss":0,"cards_obtained":["SuperPerseids"]}],"is_beta":false,"boss_relics":[{"not_picked":["Sozu","Cursed Key"],"picked":"Philosopher\u0027s Stone"}],"items_purged_floors":[10],"is_endless":false,"potions_floor_spawned":[2,5,18,20],"killed_by":"Snake Plant","ascension_level":0}}