{"host":"swphzoo6hmc78epl","time":1611439593,"event":{"mods":["BaseMod","Highlight Path","Minty Spire (QoL Compilation)","Quick Restart"],"gold_per_floor":[113,113,133,133,12,44,59,59,59,71,126,126,136,146,146,243,243,255,255,180,251,251,279,321,348,348,367,367,367],"floor_reached":28,"language":"ENG","playtime":1203,"items_purged":["Strike_P"],"score":410,"play_id":"091c614d-20eb-416d-82f1-184bd6b84a35","local_time":"20210123170633","is_ascension_mode":true,"campfire_choices":[{"data":"Worship","floor":8,"key":"SMITH"},{"data":"Eruption","floor":12,"key":"SMITH"},{"data":"Wish","floor":15,"key":"SMITH"}],"circlet_count":0,"master_deck":["Defend_P","Defend_P","Defend_P","Defend_P","Eruption+1","Vigilance","SashWhip","Worship+1","FollowUp","FlyingSleeves+1","CrushJoints+1","TalkToTheHand+1","Wallop+1","CutThroughFate+1","Wish+1","Brilliance+1","TalkToTheHand+1","Ghostly","Ghostly","Ghostly","Ghostly","Ghostly","Consecrate+1","Weave+1","Swivel+1"],"relics":["HolyWater","NeowsBlessing","Molten Egg 2","Blood Vial","Ornamental Fan","Nloth\u0027s Gift","Frozen Egg 2","Anchor","Yang"],"acts_visited":["Exordium","TheCity"],"potions_floor_usage":[11,16,23,25,25,28],"damage_taken":[{"damage":0,"enemies":"Cultist","floor":1,"turns":1},{"damage":0,"enemies":"2 Louse","floor":3,"turns":1},{"damage":0,"enemies":"Gremlin Nob","floor":6,"turns":1},{"damage":0,"enemies":"Small Slimes","floor":7,"turns":2},{"damage":4,"enemies":"Blue Slaver","floor":10,"turns":3},{"damage":22,"enemies":"3 Sentries","floor":11,"turns":7},{"damage":2,"enemies":"2 Fungi Beasts","floor":13,"turns":3},{"damage":4,"enemies":"Lots of Slimes","floor":14,"turns":3},{"damage":9,"enemies":"The Guardian","floor":16,"turns":10},{"damage":0,"enemies":"Shell Parasite","floor":18,"turns":3},{"damage":0,"enemies":"Gremlin Leader","floor":23,"turns":5},{"damage":3,"enemies":"Spheric Guardian","floor":24,"turns":5},{"damage":3,"enemies":"Slavers","floor":25,"turns":4},{"damage":1,"enemies":"Cultist and Chosen","floor":27,"turns":5},{"damage":55,"enemies":"Gremlin Leader","floor":28,"turns":7}],"seed_played":"1178707250525762482","potions_obtained":[{"floor":1,"key":"BlessingOfTheForge"},{"floor":7,"key":"FearPotion"},{"floor":11,"key":"BottledMiracle"},{"floor":16,"key":"Dexterity Potion"},{"floor":23,"key":"ColorlessPotion"},{"floor":24,"key":"EssenceOfSteel"},{"floor":27,"key":"Strength Potion"}],"is_trial":false,"path_per_floor":["M","?","M","?","$","E","M","R","T","M","?","R","M","M","R","B",null,"M","?","?","T","?","E","M","E","T","M","E"],"character_chosen":"WATCHER","items_purchased":["FollowUp"],"campfire_rested":0,"item_purchase_floors":[5],"current_hp_per_floor":[72,72,72,65,65,65,65,65,65,63,57,57,57,55,55,48,77,79,43,43,43,43,43,40,39,39,40,0,0],"gold":367,"neow_bonus":"THREE_ENEMY_KILL","is_daily":false,"chose_seed":false,"campfire_upgraded":3,"win_rate":0.0,"timestamp":1611439593,"path_taken":["M","?","M","?","$","E","M","R","T","M","?","R","M","M","R","BOSS","M","?","?","?","?","E","M","E","T","M","E"],"items_purchased_type":["Card"],"build_version":"2020-12-22","purchased_purges":1,"victory":false,"max_hp_per_floor":[72,72,72,72,72,72,72,72,72,72,86,86,86,86,86,86,86,86,43,43,43,43,43,43,43,43,43,43,43],"card_choices":[{"not_picked":["Study","Meditate"],"picked":"SashWhip","floor":1},{"not_picked":["InnerPeace","ThirdEye"],"picked":"Worship","floor":3},{"not_picked":["EmptyBody","MentalFortress"],"picked":"FlyingSleeves+1","floor":6},{"not_picked":["LikeWater","WaveOfTheHand"],"picked":"CrushJoints+1","floor":7},{"not_picked":["CrushJoints+1","WaveOfTheHand"],"picked":"TalkToTheHand+1","floor":10},{"not_picked":["FlyingSleeves+1","ThirdEye"],"picked":"Wallop+1","floor":11},{"not_picked":["CarveReality+1","CrushJoints+1"],"picked":"CutThroughFate+1","floor":13},{"not_picked":["Evaluate","ClearTheMind"],"picked":"Wish","floor":14},{"not_picked":["Wish","Establishment"],"picked":"Brilliance+1","floor":16},{"not_picked":["Crescendo+1","Halt"],"picked":"TalkToTheHand+1","floor":18},{"not_picked":["FollowUp+1","FlurryOfBlows+1"],"picked":"Consecrate+1","floor":23},{"not_picked":["WreathOfFlame","CrushJoints+1","Halt"],"picked":"SKIP","floor":24},{"not_picked":["EmptyMind","EmptyBody"],"picked":"Weave+1","floor":25},{"not_picked":["Ragnarok+1","Evaluate+1"],"picked":"Swivel+1","floor":27}],"player_experience":815701,"relics_obtained":[{"floor":6,"key":"Molten Egg 2"},{"floor":9,"key":"Blood Vial"},{"floor":11,"key":"Mango"},{"floor":21,"key":"Ornamental Fan"},{"floor":23,"key":"Frozen Egg 2"},{"floor":25,"key":"Anchor"},{"floor":26,"key":"Yang"}],"event_choices":[{"cards_removed":["Strike_P"],"damage_healed":0,"gold_gain":0,"player_choice":"Forget","damage_taken":0,"max_hp_gain":0,"max_hp_loss":0,"event_name":"Living Wall","floor":2,"gold_loss":0},{"cards_removed":["Strike_P"],"damage_healed":0,"gold_gain":0,"player_choice":"Card Removal","damage_taken":7,"max_hp_gain":0,"max_hp_loss":0,"event_name":"Golden Wing","floor":4,"gold_loss":0},{"damage_healed":0,"gold_gain":0,"player_choice":"Searched \u00271\u0027 times","damage_taken":0,"max_hp_gain":0,"max_hp_loss":0,"event_name":"Dead Adventurer","floor":11,"gold_loss":0},{"damage_healed":0,"gold_gain":0,"player_choice":"Became a Ghost","damage_taken":0,"max_hp_gain":0,"max_hp_loss":43,"event_name":"Ghosts","floor":19,"gold_loss":0,"cards_obtained":["Ghostly","Ghostly","Ghostly","Ghostly","Ghostly"]},{"cards_removed":["Strike_P"],"damage_healed":0,"gold_gain":0,"player_choice":"Gave Gold","damage_taken":0,"max_hp_gain":0,"max_hp_loss":0,"event_name":"Beggar","floor":20,"gold_loss":75},{"damage_healed":0,"gold_gain":0,"player_choice":"Traded Relic","damage_taken":0,"relics_obtained":["Nloth\u0027s Gift"],"max_hp_gain":0,"max_hp_loss":0,"event_name":"N\u0027loth","floor":22,"relics_lost":["Mango"],"gold_loss":0}],"is_beta":false,"boss_relics":[{"not_picked":["Tiny House","Empty Cage"],"picked":"HolyWater"}],"items_purged_floors":[5],"is_endless":false,"potions_floor_spawned":[1,7,11,16,23,24,27],"killed_by":"Gremlin Leader","ascension_level":5}}