{"host":"8dhn6p16jorj0i1s","time":1611431006,"event":{"mods":["BaseMod","Colored Map","DeckTracker","Highlight Path","Minty Spire (QoL Compilation)","Permanent Neow","Quick Restart"],"gold_per_floor":[112,132,150,161,179,179,206,206,206,206,236,236,236,110,110,208,208,226,246,117,137,148,148,48,323,323,323,338,364,364,392,392,494,494,510,522,83,93,58,58,88,100,100,110,122,122,52,84,84,84,84],"floor_reached":50,"language":"ENG","playtime":3157,"items_purged":["Strike_R","Strike_R","Regret"],"score":843,"play_id":"55c3152c-b50d-4ed7-be8d-1b3785152562","local_time":"20210123204326","is_ascension_mode":true,"campfire_choices":[{"data":"Bash","floor":6.0,"key":"SMITH"},{"floor":10.0,"key":"REST"},{"data":"Limit Break","floor":15.0,"key":"SMITH"},{"data":"Demon Form","floor":23.0,"key":"SMITH"},{"floor":27.0,"key":"REST"},{"floor":30.0,"key":"REST"},{"floor":32.0,"key":"REST"},{"floor":40.0,"key":"REST"},{"floor":46.0,"key":"REST"},{"floor":49.0,"key":"RECALL"}],"circlet_count":0,"master_deck":["Strike_R+1","Strike_R+1","Strike_R","Defend_R","Defend_R+1","Defend_R","Defend_R","Bash+1","Sever Soul+1","Limit Break+1","Demon Form+1","Corruption","Flex","Demon Form","Inflame","Inflame+1","Clothesline+1","Exhume","Heavy Blade","Parasite","Dual Wield","Impervious","Heavy Blade","Feel No Pain+1","Heavy Blade+1","Bludgeon"],"relics":["Philosopher\u0027s Stone","Paper Frog","Sundial","Self Forming Clay","Snecko Eye","Singing Bowl","Frozen Egg 2","Ornamental Fan","Whetstone","Fusion Hammer","Ice Cream","Omamori","Red Skull"],"acts_visited":["Exordium","TheCity","TheBeyond"],"potions_floor_usage":[50],"damage_taken":[{"damage":0.0,"enemies":"Cultist","floor":1.0,"turns":3.0},{"damage":8.0,"enemies":"Small Slimes","floor":2.0,"turns":3.0},{"damage":0.0,"enemies":"2 Louse","floor":3.0,"turns":3.0},{"damage":27.0,"enemies":"Exordium Thugs","floor":4.0,"turns":6.0},{"damage":5.0,"enemies":"Lots of Slimes","floor":5.0,"turns":3.0},{"damage":25.0,"enemies":"Lagavulin","floor":7.0,"turns":5.0},{"damage":9.0,"enemies":"Gremlin Nob","floor":11.0,"turns":3.0},{"damage":25.0,"enemies":"Hexaghost","floor":16.0,"turns":5.0},{"damage":15.0,"enemies":"3 Byrds","floor":18.0,"turns":4.0},{"damage":0.0,"enemies":"Spheric Guardian","floor":19.0,"turns":3.0},{"damage":15.0,"enemies":"Centurion and Healer","floor":21.0,"turns":4.0},{"damage":7.0,"enemies":"Sentry and Sphere","floor":22.0,"turns":3.0},{"damage":1.0,"enemies":"Snecko","floor":28.0,"turns":3.0},{"damage":30.0,"enemies":"Gremlin Leader","floor":29.0,"turns":3.0},{"damage":23.0,"enemies":"Book of Stabbing","floor":31.0,"turns":4.0},{"damage":23.0,"enemies":"Champ","floor":33.0,"turns":5.0},{"damage":20.0,"enemies":"3 Shapes","floor":35.0,"turns":3.0},{"damage":9.0,"enemies":"Orb Walker","floor":36.0,"turns":2.0},{"damage":0.0,"enemies":"Writhing Mass","floor":38.0,"turns":3.0},{"damage":0.0,"enemies":"Giant Head","floor":41.0,"turns":4.0},{"damage":19.0,"enemies":"3 Darklings","floor":42.0,"turns":4.0},{"damage":27.0,"enemies":"Maw","floor":44.0,"turns":5.0},{"damage":3.0,"enemies":"Sphere and 2 Shapes","floor":45.0,"turns":5.0},{"damage":38.0,"enemies":"Reptomancer","floor":48.0,"turns":3.0},{"damage":30,"enemies":"Donu and Deca","floor":50,"turns":2}],"seed_played":"-4067892453605132098","potions_obtained":[{"floor":1.0,"key":"EssenceOfSteel"},{"floor":4.0,"key":"SteroidPotion"},{"floor":7.0,"key":"DistilledChaos"},{"floor":16.0,"key":"Energy Potion"},{"floor":21.0,"key":"Ancient Potion"},{"floor":28.0,"key":"SpeedPotion"},{"floor":33.0,"key":"EssenceOfSteel"},{"floor":35.0,"key":"Dexterity Potion"},{"floor":42.0,"key":"AttackPotion"},{"floor":44.0,"key":"Regen Potion"},{"floor":48.0,"key":"Weak Potion"}],"is_trial":false,"path_per_floor":["M","M","M","M","M","R","E","?","T","R","E","?","?","$","R","B",null,"M","M","?","M","M","R","$","?","T","R","M","E","R","E","R","B",null,"M","M","$","M","$","R","E","M","T","M","M","R","$","E","R","B"],"character_chosen":"IRONCLAD","items_purchased":["Flex","Ice Cream","Dual Wield","Bludgeon"],"campfire_rested":6,"item_purchase_floors":[14,37,39,47],"current_hp_per_floor":[72,64,64,37,32,32,7,27,27,51,42,26,26,26,26,1,58,43,43,43,28,23,23,23,23,23,46,45,17,41,20,44,21,68,48,41,41,43,43,69,69,50,50,23,34,60,60,24,24,0,0],"gold":84,"neow_bonus":"BOSS_RELIC","is_daily":false,"chose_seed":false,"campfire_upgraded":3,"win_rate":0.0,"timestamp":1611431006,"path_taken":["M","M","M","M","M","R","E","?","T","R","E","?","?","$","R","BOSS","M","M","?","?","M","R","$","?","T","R","?","E","R","E","R","BOSS","M","M","$","M","?","R","E","M","T","M","?","R","$","E","R","BOSS"],"items_purchased_type":["Card","Relic","Card","Card"],"build_version":"2020-12-22","purchased_purges":3,"victory":false,"max_hp_per_floor":[80,80,80,80,80,80,80,80,80,80,80,80,77,77,77,77,77,77,77,77,77,79,79,79,79,79,79,79,81,81,83,83,83,83,83,85,85,87,87,87,87,87,87,87,87,87,87,89,89,89,89],"card_choices":[{"not_picked":["Evolve","Sword Boomerang","Wild Strike"],"picked":"SKIP","floor":1.0},{"not_picked":["Thunderclap","Blood for Blood","Iron Wave"],"picked":"SKIP","floor":2.0},{"not_picked":["Iron Wave","Carnage"],"picked":"Sever Soul","floor":3.0},{"not_picked":["Anger","Shrug It Off"],"picked":"Limit Break","floor":4.0},{"not_picked":["Reckless Charge","Pommel Strike","Clothesline"],"picked":"SKIP","floor":5.0},{"not_picked":["Thunderclap","Fire Breathing"],"picked":"Demon Form","floor":7.0},{"not_picked":["Warcry","Armaments"],"picked":"Corruption","floor":11.0},{"not_picked":["Immolate","Berserk"],"picked":"Demon Form","floor":16.0},{"not_picked":["Shrug It Off","Havoc","Twin Strike"],"picked":"SKIP","floor":18.0},{"not_picked":["Second Wind+1","Entrench"],"picked":"Inflame","floor":19.0},{"not_picked":["Entrench","Clothesline"],"picked":"Inflame+1","floor":21.0},{"not_picked":["Cleave","Anger+1","Disarm"],"picked":"Singing Bowl","floor":22.0},{"not_picked":["Searing Blow+1","Second Wind"],"picked":"Clothesline+1","floor":28.0},{"not_picked":["Dual Wield","Immolate","Fiend Fire"],"picked":"Singing Bowl","floor":29.0},{"not_picked":["Anger","Bloodletting","Entrench"],"picked":"Singing Bowl","floor":31.0},{"not_picked":["Berserk+1","Immolate"],"picked":"Exhume","floor":33.0},{"not_picked":["Uppercut","Sword Boomerang+1"],"picked":"Heavy Blade","floor":35.0},{"not_picked":["Fire Breathing+1","Havoc+1","Perfected Strike"],"picked":"Singing Bowl","floor":36.0},{"not_picked":["Warcry","Corruption+1","Flex"],"picked":"Singing Bowl","floor":38.0},{"not_picked":["Shrug It Off+1","Wild Strike+1"],"picked":"Impervious","floor":41.0},{"not_picked":["Body Slam","Feel No Pain+1"],"picked":"Heavy Blade","floor":42.0},{"not_picked":["Shockwave+1","Warcry+1"],"picked":"Feel No Pain+1","floor":44.0},{"not_picked":["Carnage","Twin Strike+1"],"picked":"Heavy Blade+1","floor":45.0},{"not_picked":["Body Slam+1","Offering","Ghostly Armor"],"picked":"Singing Bowl","floor":48.0}],"player_experience":464092,"relics_obtained":[{"floor":7.0,"key":"Paper Frog"},{"floor":9.0,"key":"Sundial"},{"floor":11.0,"key":"Self Forming Clay"},{"floor":26.0,"key":"Frozen Egg 2"},{"floor":29.0,"key":"Ornamental Fan"},{"floor":31.0,"key":"Whetstone"},{"floor":41.0,"key":"Omamori"},{"floor":48.0,"key":"Red Skull"}],"event_choices":[{"damage_healed":20.0,"max_hp_gain":0.0,"max_hp_loss":0.0,"gold_gain":0.0,"event_name":"Mushrooms","player_choice":"Healed and dodged fight","floor":8.0,"gold_loss":0.0,"damage_taken":0.0,"cards_obtained":["Parasite"]},{"damage_healed":0.0,"max_hp_gain":0.0,"max_hp_loss":0.0,"gold_gain":0.0,"event_name":"Shining Light","player_choice":"Entered Light","floor":12.0,"gold_loss":0.0,"damage_taken":16.0,"cards_upgraded":["Sever Soul","Defend_R"]},{"cards_removed":["Parasite"],"damage_healed":0.0,"max_hp_gain":0.0,"max_hp_loss":0.0,"gold_gain":0.0,"event_name":"Purifier","player_choice":"Purged","floor":13.0,"gold_loss":0.0,"damage_taken":0.0},{"damage_healed":0.0,"max_hp_gain":0.0,"max_hp_loss":0.0,"gold_gain":0.0,"event_name":"WeMeetAgain","player_choice":"Paid Gold","floor":20.0,"gold_loss":129.0,"damage_taken":0.0,"relics_obtained":["Singing Bowl"]},{"damage_healed":0.0,"max_hp_gain":0.0,"max_hp_loss":0.0,"gold_gain":275.0,"event_name":"Golden Shrine","player_choice":"Desecrate","floor":25.0,"gold_loss":0.0,"damage_taken":0.0,"cards_obtained":["Regret"]}],"is_beta":false,"boss_relics":[{"not_picked":["Cursed Key","Velvet Choker"],"picked":"Snecko Eye"},{"not_picked":["Coffee Dripper","Runic Cube"],"picked":"Fusion Hammer"}],"items_purged_floors":[14,24,37],"is_endless":false,"potions_floor_spawned":[1,4,7,16,21,28,33,35,42,44,48],"killed_by":"Donu and Deca","ascension_level":8}}