{"host":"n6qxj7a4gnapjcui","time":1611392879,"event":{"mods":["2.2 Compatiblity","AchievementEnabler","BaseMod","Colored Map","Minty Spire (QoL Compilation)"],"gold_per_floor":[114,128,143,153,164,191,208,283,283,283,283],"floor_reached":10,"language":"POL","playtime":627,"items_purged":[],"score":94,"play_id":"55e496e2-8d2e-4af6-8a52-df865460941d","local_time":"20210123100759","is_ascension_mode":true,"campfire_choices":[],"circlet_count":0,"master_deck":["Strike_R","Strike_R","Strike_R","Strike_R","Strike_R","Defend_R","Defend_R","Defend_R","Defend_R","Bash","Wild Strike","Flame Barrier","Warcry","Cleave","Headbutt","Fiend Fire","Infernal Blade"],"relics":["Burning Blood","MealTicket","Tiny Chest","Smiling Mask"],"acts_visited":["Exordium"],"potions_floor_usage":[10],"damage_taken":[{"damage":4.0,"enemies":"Small Slimes","floor":1.0,"turns":4.0},{"damage":0.0,"enemies":"2 Louse","floor":2.0,"turns":2.0},{"damage":1.0,"enemies":"Cultist","floor":3.0,"turns":3.0},{"damage":15.0,"enemies":"Lots of Slimes","floor":4.0,"turns":4.0},{"damage":16.0,"enemies":"Exordium Wildlife","floor":5.0,"turns":7.0},{"damage":20.0,"enemies":"3 Sentries","floor":6.0,"turns":5.0},{"damage":9.0,"enemies":"Blue Slaver","floor":7.0,"turns":3.0},{"damage":42,"enemies":"Lagavulin","floor":10,"turns":6}],"seed_played":"2906267552472392665","potions_obtained":[{"floor":3.0,"key":"AttackPotion"},{"floor":4.0,"key":"Weak Potion"},{"floor":6.0,"key":"Fruit Juice"},{"floor":7.0,"key":"DuplicationPotion"}],"is_trial":false,"path_per_floor":["M","M","M","M","M","E","M","?","T","E"],"character_chosen":"IRONCLAD","items_purchased":[],"campfire_rested":0,"item_purchase_floors":[],"current_hp_per_floor":[74,80,80,71,61,52,49,38,38,0,0],"gold":283,"neow_bonus":"RANDOM_COMMON_RELIC","is_daily":false,"chose_seed":false,"campfire_upgraded":0,"win_rate":0.0,"timestamp":1611392879,"path_taken":["M","M","M","M","M","E","M","?","T","E"],"items_purchased_type":[],"build_version":"2020-12-22","purchased_purges":0,"victory":false,"max_hp_per_floor":[80,80,80,80,80,85,85,85,85,85,85],"card_choices":[{"not_picked":["Armaments","Sentinel"],"picked":"Wild Strike","floor":1.0},{"not_picked":["Flex","Pummel"],"picked":"Flame Barrier","floor":2.0},{"not_picked":["Twin Strike","Clothesline"],"picked":"Warcry","floor":3.0},{"not_picked":["Entrench","Searing Blow"],"picked":"Cleave","floor":4.0},{"not_picked":["Dark Embrace","Sever Soul"],"picked":"Headbutt","floor":5.0},{"not_picked":["Body Slam","Sentinel"],"picked":"Fiend Fire","floor":6.0},{"not_picked":["Clothesline","Clash"],"picked":"Infernal Blade","floor":7.0}],"player_experience":298458,"relics_obtained":[{"floor":6.0,"key":"Tiny Chest"},{"floor":9.0,"key":"Smiling Mask"}],"event_choices":[{"damage_healed":0.0,"max_hp_gain":0.0,"max_hp_loss":0.0,"gold_gain":75.0,"event_name":"World of Goop","player_choice":"Gather Gold","floor":8.0,"gold_loss":0.0,"damage_taken":11.0}],"is_beta":false,"boss_relics":[],"items_purged_floors":[],"is_endless":false,"potions_floor_spawned":[3,4,6,7],"killed_by":"Lagavulin","ascension_level":6}}