{"host":"jrmqsbok61y7b34d","time":1611411503,"event":{"mods":["BaseMod","Better Skull","Challenge The Spire","Colored Map","Colored Powertips","Emptier Cage","Minty Spire (QoL Compilation)","Permanent Neow","Quick Restart","Relic Stats","StSLib","Unceasing Turn Reminder"],"gold_per_floor":[112,12,12,25,45,45,72,89,115,140,150,150,168,183,183,260,260,276,289,302,302,227,257,257,82,82,82,82,110,110,120,120,195,195,209,209,54,68,81,81,115,115,115,125,150,150,161,181,181,181],"floor_reached":51,"language":"ENG","playtime":5323,"items_purged":["Strike_P","Strike_P"],"score":1422,"play_id":"77518cad-8848-44c6-8e5b-1458d9629be1","local_time":"20210123141823","is_ascension_mode":true,"campfire_choices":[{"data":"Eruption","floor":6.0,"key":"SMITH"},{"data":"BowlingBash","floor":12.0,"key":"SMITH"},{"data":"TalkToTheHand","floor":15.0,"key":"SMITH"},{"data":"Defend_P","floor":27.0,"key":"PURGE"},{"data":"Defend_P","floor":30.0,"key":"PURGE"},{"floor":32.0,"key":"REST"},{"data":"Defend_P","floor":40.0,"key":"PURGE"},{"floor":42.0,"key":"REST"},{"floor":46.0,"key":"REST"},{"floor":49,"key":"REST"}],"circlet_count":0,"master_deck":["AscendersBane","Defend_P","Eruption+1","Vigilance","Consecrate","BowlingBash+1","FlurryOfBlows+1","CutThroughFate","SandsOfTime+1","Tantrum","Protect+1","TalkToTheHand+1","TalkToTheHand","LessonLearned","ThirdEye","FearNoEvil+1","Omniscience","Meditate","FlyingSleeves+1","BattleHymn","FlurryOfBlows","Blasphemy","Fasting2","Evaluate+1","ThirdEye","ThirdEye","TalkToTheHand+1"],"relics":["PureWater","NeowsBlessing","Vajra","Oddly Smooth Stone","Juzu Bracelet","Fusion Hammer","Peace Pipe","InkBottle","Nilry\u0027s Codex","Omamori","Busted Crown","Sundial","Gremlin Horn","Girya"],"acts_visited":["Exordium","TheCity","TheBeyond"],"potions_floor_usage":[50,50],"damage_taken":[{"damage":0.0,"enemies":"Cultist","floor":1.0,"turns":1.0},{"damage":0.0,"enemies":"Small Slimes","floor":4.0,"turns":1.0},{"damage":0.0,"enemies":"Jaw Worm","floor":5.0,"turns":1.0},{"damage":3.0,"enemies":"Gremlin Nob","floor":7.0,"turns":3.0},{"damage":13.0,"enemies":"3 Louse","floor":8.0,"turns":2.0},{"damage":1.0,"enemies":"3 Sentries","floor":10.0,"turns":3.0},{"damage":0.0,"enemies":"Large Slime","floor":11.0,"turns":2.0},{"damage":0.0,"enemies":"2 Fungi Beasts","floor":13.0,"turns":2.0},{"damage":0.0,"enemies":"Looter","floor":14.0,"turns":3.0},{"damage":0.0,"enemies":"The Guardian","floor":16.0,"turns":7.0},{"damage":0.0,"enemies":"Spheric Guardian","floor":18.0,"turns":3.0},{"damage":4.0,"enemies":"2 Thieves","floor":19.0,"turns":3.0},{"damage":0.0,"enemies":"Cultist and Chosen","floor":20.0,"turns":3.0},{"damage":26.0,"enemies":"Slavers","floor":23.0,"turns":3.0},{"damage":6.0,"enemies":"Book of Stabbing","floor":29.0,"turns":3.0},{"damage":3.0,"enemies":"Snecko","floor":31.0,"turns":5.0},{"damage":18.0,"enemies":"Collector","floor":33.0,"turns":5.0},{"damage":0.0,"enemies":"Orb Walker","floor":35.0,"turns":2.0},{"damage":11.0,"enemies":"3 Shapes","floor":38.0,"turns":6.0},{"damage":5.0,"enemies":"Writhing Mass","floor":39.0,"turns":4.0},{"damage":34.0,"enemies":"Reptomancer","floor":41.0,"turns":4.0},{"damage":0.0,"enemies":"Spire Growth","floor":44.0,"turns":3.0},{"damage":2.0,"enemies":"Mind Bloom Boss Battle","floor":45.0,"turns":7.0},{"damage":0.0,"enemies":"Transient","floor":47.0,"turns":6.0},{"damage":0,"enemies":"Writhing Mass","floor":48,"turns":1},{"damage":32,"enemies":"Awakened One","floor":50,"turns":7}],"seed_played":"-5235211621455616137","potions_obtained":[{"floor":1.0,"key":"SkillPotion"},{"floor":7.0,"key":"LiquidMemories"},{"floor":11.0,"key":"EntropicBrew"},{"floor":19.0,"key":"EntropicBrew"},{"floor":29.0,"key":"AttackPotion"},{"floor":31.0,"key":"Regen Potion"},{"floor":35.0,"key":"Energy Potion"},{"floor":44.0,"key":"BlessingOfTheForge"},{"floor":47.0,"key":"Energy Potion"}],"is_trial":false,"path_per_floor":["M","$","?","M","M","R","E","M","T","E","M","R","M","M","R","B",null,"M","M","M","?","?","E","?","$","T","R","?","E","R","M","R","B",null,"M","?","$","M","M","R","E","R","T","M","?","R","M","M","R","B",null],"character_chosen":"WATCHER","items_purchased":["Consecrate","BattleHymn","Fasting2","Evaluate","ThirdEye"],"campfire_rested":4,"item_purchase_floors":[2,25,37,37,37],"current_hp_per_floor":[61,61,61,61,61,61,58,45,45,44,44,44,44,44,44,44,62,62,58,58,58,58,41,41,41,41,41,20,23,23,20,40,36,60,60,60,60,49,44,44,10,30,30,30,28,48,48,48,68,36],"gold":181,"neow_bonus":"THREE_ENEMY_KILL","is_daily":false,"chose_seed":false,"campfire_upgraded":3,"win_rate":0.0,"timestamp":1611411503,"path_taken":["M","$","?","M","?","R","E","?","T","E","M","R","M","M","R","BOSS","M","M","M","?","?","E","?","$","T","R","?","E","R","M","R","BOSS","M","?","$","M","M","R","E","R","T","M","?","R","M","M","R","BOSS"],"items_purchased_type":["Card","Card","Card","Card","Card"],"build_version":"2020-12-22","purchased_purges":2,"victory":true,"max_hp_per_floor":[68,68,68,68,68,68,68,68,68,68,68,68,68,68,68,68,68,68,68,68,68,68,68,68,68,68,68,68,68,68,68,68,68,68,68,68,68,68,68,68,68,68,68,68,68,68,68,68,68,68],"relic_stats":{"Peace Pipe":3,"Busted Crown":16,"Gremlin Horn":[3,3],"counters":[26,90],"Sundial":[2],"Juzu Bracelet":1,"obtain_stats":[{"Girya":45,"NeowsBlessing":0,"Gremlin Horn":43,"Nilry\u0027s Codex":28,"Vajra":7,"Oddly Smooth Stone":9,"Juzu Bracelet":10,"Omamori":29,"Peace Pipe":23,"Busted Crown":34,"Sundial":41,"Fusion Hammer":17,"PureWater":0,"InkBottle":26},{"Girya":23,"NeowsBlessing":0,"Gremlin Horn":21,"Nilry\u0027s Codex":14,"Vajra":4,"Oddly Smooth Stone":5,"Juzu Bracelet":6,"Omamori":15,"Peace Pipe":14,"Busted Crown":17,"Sundial":21,"Fusion Hammer":10,"PureWater":0,"InkBottle":14},{"Girya":76,"NeowsBlessing":0,"Gremlin Horn":66,"Nilry\u0027s Codex":37,"Vajra":6,"Oddly Smooth Stone":8,"Juzu Bracelet":11,"Omamori":40,"Peace Pipe":37,"Busted Crown":50,"Sundial":66,"Fusion Hammer":25,"PureWater":0,"InkBottle":37}],"InkBottle":[29]},"card_choices":[{"not_picked":["ForeignInfluence","FollowUp","Worship"],"picked":"SKIP","floor":1.0},{"not_picked":["Protect","ThirdEye"],"picked":"BowlingBash","floor":4.0},{"not_picked":["SignatureMove","Adaptation"],"picked":"FlurryOfBlows","floor":5.0},{"not_picked":["Collect","FollowUp"],"picked":"CutThroughFate","floor":7.0},{"not_picked":["ForeignInfluence","CarveReality"],"picked":"SandsOfTime","floor":8.0},{"not_picked":["Prostrate","LikeWater"],"picked":"Tantrum","floor":10.0},{"not_picked":["BowlingBash","InnerPeace"],"picked":"Protect","floor":11.0},{"not_picked":["ThirdEye","Consecrate"],"picked":"TalkToTheHand","floor":13.0},{"not_picked":["Swivel","DeceiveReality"],"picked":"TalkToTheHand","floor":14.0},{"not_picked":["Wish","Devotion"],"picked":"LessonLearned","floor":16.0},{"not_picked":["InnerPeace","BowlingBash"],"picked":"ThirdEye","floor":18.0},{"not_picked":["Pray+1","Prostrate"],"picked":"FearNoEvil","floor":19.0},{"not_picked":["JustLucky","PathToVictory"],"picked":"Omniscience","floor":20.0},{"not_picked":["EmptyMind","Study"],"picked":"FlyingSleeves","floor":23.0},{"not_picked":["LikeWater","CrushJoints"],"picked":"FlurryOfBlows","floor":29.0},{"not_picked":["LikeWater","Nirvana","BowlingBash"],"picked":"SKIP","floor":31.0},{"not_picked":["Omniscience","LessonLearned"],"picked":"Blasphemy","floor":33.0},{"not_picked":["SashWhip"],"picked":"SKIP","floor":35.0},{"not_picked":[],"picked":"ThirdEye","floor":38.0},{"not_picked":["Nirvana+1"],"picked":"SKIP","floor":39.0},{"not_picked":[],"picked":"TalkToTheHand+1","floor":41.0},{"not_picked":["Crescendo+1"],"picked":"SKIP","floor":44.0},{"not_picked":["FlurryOfBlows"],"picked":"SKIP","floor":47.0},{"not_picked":["Indignation"],"picked":"SKIP","floor":48}],"player_experience":1044795,"relics_obtained":[{"floor":7.0,"key":"Vajra"},{"floor":9.0,"key":"Oddly Smooth Stone"},{"floor":10.0,"key":"Juzu Bracelet"},{"floor":23.0,"key":"Peace Pipe"},{"floor":26.0,"key":"InkBottle"},{"floor":28.0,"key":"Nilry\u0027s Codex"},{"floor":29.0,"key":"Omamori"},{"floor":41.0,"key":"Sundial"},{"floor":43.0,"key":"Gremlin Horn"},{"floor":45.0,"key":"Girya"}],"event_choices":[{"cards_removed":["Strike_P"],"damage_healed":0.0,"max_hp_gain":0.0,"max_hp_loss":0.0,"gold_gain":0.0,"event_name":"Purifier","player_choice":"Purged","floor":3.0,"gold_loss":0.0,"damage_taken":0.0},{"damage_healed":0.0,"max_hp_gain":0.0,"max_hp_loss":0.0,"gold_gain":0.0,"event_name":"The Library","player_choice":"Read","floor":21.0,"gold_loss":0.0,"damage_taken":0.0,"cards_obtained":["Meditate"]},{"cards_removed":["Strike_P"],"damage_healed":0.0,"max_hp_gain":0.0,"max_hp_loss":0.0,"gold_gain":0.0,"event_name":"Beggar","player_choice":"Gave Gold","floor":22.0,"gold_loss":75.0,"damage_taken":0.0},{"damage_healed":0.0,"max_hp_gain":0.0,"max_hp_loss":0.0,"gold_gain":0.0,"event_name":"Ghosts","player_choice":"Ignored","floor":24.0,"gold_loss":0.0,"damage_taken":0.0},{"damage_healed":0.0,"max_hp_gain":0.0,"max_hp_loss":0.0,"gold_gain":0.0,"event_name":"Cursed Tome","player_choice":"Obtained Book","floor":28.0,"gold_loss":0.0,"damage_taken":21.0},{"damage_healed":0.0,"max_hp_gain":0.0,"max_hp_loss":0.0,"gold_gain":0.0,"event_name":"Tomb of Lord Red Mask","player_choice":"Ignored","floor":36.0,"gold_loss":0.0,"damage_taken":0.0},{"damage_healed":0.0,"max_hp_gain":0.0,"max_hp_loss":0.0,"gold_gain":0.0,"event_name":"MindBloom","player_choice":"Fight","floor":45.0,"gold_loss":0.0,"damage_taken":0.0}],"is_beta":false,"boss_relics":[{"not_picked":["Runic Dome","Pandora\u0027s Box"],"picked":"Fusion Hammer"},{"not_picked":["Snecko Eye","Black Star"],"picked":"Busted Crown"}],"items_purged_floors":[2,25],"is_endless":false,"potions_floor_spawned":[1,7,11,13,14,16,18,19,29,31,35,44,47,48],"ascension_level":19}}