{"host":"3jpwrwmmgyabjceh","time":1611400328,"event":{"mods":["AchievementEnabler","BaseMod","Colored Map","Colored Powertips","Highlight Path","Minty Spire (QoL Compilation)","Quick Restart","Relic Stats","StSLib","SuperFastMode"],"gold_per_floor":[113,132,132,144,160,160,189,189,212,242,256,28,56,75,75,180,180,196,178,178,178,178],"floor_reached":21,"language":"ENG","playtime":588,"items_purged":[],"score":251,"play_id":"086d99a4-8031-4251-940a-63fa25865603","local_time":"20210123141208","is_ascension_mode":true,"campfire_choices":[{"data":"Bash","floor":6.0,"key":"SMITH"},{"data":"Twin Strike","floor":8.0,"key":"SMITH"},{"floor":15.0,"key":"REST"}],"circlet_count":0,"master_deck":["Strike_R","Strike_R","Strike_R","Strike_R","Defend_R","Defend_R","Defend_R","Defend_R","Bash+1","Cleave","Twin Strike+1","Feel No Pain","Combust","Fiend Fire","Shrug It Off+1","True Grit"],"relics":["Busted Crown","Ancient Tea Set","Potion Belt","Art of War","Torii","Strange Spoon","Happy Flower","Black Star"],"acts_visited":["Exordium","TheCity"],"potions_floor_usage":[19,19],"damage_taken":[{"damage":2.0,"enemies":"2 Louse","floor":1.0,"turns":3.0},{"damage":7.0,"enemies":"Small Slimes","floor":2.0,"turns":3.0},{"damage":2.0,"enemies":"Jaw Worm","floor":4.0,"turns":2.0},{"damage":11.0,"enemies":"Blue Slaver","floor":5.0,"turns":3.0},{"damage":14.0,"enemies":"3 Sentries","floor":7.0,"turns":8.0},{"damage":10.0,"enemies":"Gremlin Nob","floor":10.0,"turns":3.0},{"damage":0.0,"enemies":"Exordium Wildlife","floor":11.0,"turns":3.0},{"damage":6.0,"enemies":"3 Sentries","floor":13.0,"turns":4.0},{"damage":7.0,"enemies":"Looter","floor":14.0,"turns":3.0},{"damage":25.0,"enemies":"Hexaghost","floor":16.0,"turns":9.0},{"damage":27,"enemies":"Spheric Guardian","floor":18,"turns":4},{"damage":23,"enemies":"2 Thieves","floor":19,"turns":4},{"damage":33,"enemies":"Centurion and Healer","floor":21,"turns":3}],"seed_played":"9052039174809016819","potions_obtained":[{"floor":1.0,"key":"DuplicationPotion"},{"floor":5.0,"key":"ElixirPotion"},{"floor":11.0,"key":"Block Potion"},{"floor":13.0,"key":"BloodPotion"},{"floor":16.0,"key":"ColorlessPotion"}],"is_trial":false,"path_per_floor":["M","M","?","M","M","R","E","R","T","E","M","$","E","M","R","B",null,"M","M","?","M"],"character_chosen":"IRONCLAD","items_purchased":["Combust","Strange Spoon"],"campfire_rested":1,"item_purchase_floors":[12,12],"current_hp_per_floor":[78,71,64,62,51,51,37,37,37,27,27,27,21,14,38,13,63,36,29,29,0,0],"gold":178,"neow_bonus":"BOSS_RELIC","is_daily":false,"chose_seed":false,"campfire_upgraded":2,"win_rate":0.0,"timestamp":1611400328,"path_taken":["M","M","?","M","M","R","E","R","T","E","M","$","E","M","R","BOSS","M","M","?","M"],"items_purchased_type":["Card","Relic"],"build_version":"2020-12-22","purchased_purges":0,"victory":false,"max_hp_per_floor":[80,80,80,80,80,80,80,80,80,80,80,80,80,80,80,80,80,80,80,80,80,80],"relic_stats":{"Strange Spoon":[2],"Busted Crown":24,"Torii":12,"Happy Flower":[7],"counters":[13,52],"Art of War":[0],"Black Star":0,"obtain_stats":[{"Potion Belt":7,"Strange Spoon":12,"Busted Crown":0,"Torii":10,"Happy Flower":13,"Art of War":9,"Black Star":17,"Ancient Tea Set":3,"Burning Blood":0},{"Potion Belt":5,"Strange Spoon":7,"Busted Crown":0,"Torii":6,"Happy Flower":8,"Art of War":5,"Black Star":10,"Ancient Tea Set":2,"Burning Blood":0},{"Potion Belt":19,"Strange Spoon":25,"Busted Crown":0,"Torii":22,"Happy Flower":29,"Art of War":19,"Black Star":41,"Ancient Tea Set":6,"Burning Blood":0}]},"card_choices":[{"not_picked":[],"picked":"Cleave","floor":1.0},{"not_picked":[],"picked":"Twin Strike","floor":2.0},{"not_picked":[],"picked":"Feel No Pain","floor":4.0},{"not_picked":["Flex"],"picked":"SKIP","floor":5.0},{"not_picked":["Second Wind"],"picked":"SKIP","floor":7.0},{"not_picked":["Headbutt"],"picked":"SKIP","floor":10.0},{"not_picked":["Body Slam"],"picked":"SKIP","floor":11.0},{"not_picked":["Armaments"],"picked":"SKIP","floor":13.0},{"not_picked":["Warcry"],"picked":"SKIP","floor":14.0},{"not_picked":[],"picked":"Fiend Fire","floor":16.0},{"not_picked":[],"picked":"Shrug It Off+1","floor":18},{"not_picked":[],"picked":"True Grit","floor":19}],"player_experience":264074,"relics_obtained":[{"floor":7.0,"key":"Potion Belt"},{"floor":9.0,"key":"Art of War"},{"floor":10.0,"key":"Torii"},{"floor":13.0,"key":"Happy Flower"}],"event_choices":[{"damage_healed":0.0,"max_hp_gain":0.0,"max_hp_loss":0.0,"gold_gain":0.0,"event_name":"Scrap Ooze","player_choice":"Success","floor":3.0,"gold_loss":0.0,"damage_taken":7.0,"relics_obtained":["Ancient Tea Set"]},{"cards_removed":["Strike_R"],"damage_healed":0,"gold_gain":0,"player_choice":"Elegance","damage_taken":0,"max_hp_gain":0,"max_hp_loss":0,"event_name":"Back to Basics","floor":20,"gold_loss":0}],"is_beta":false,"boss_relics":[{"not_picked":["Velvet Choker","SacredBark"],"picked":"Black Star"}],"items_purged_floors":[],"is_endless":false,"potions_floor_spawned":[1,5,11,13,16],"killed_by":"Centurion and Healer","ascension_level":5}}