{"host":"yn1175etg9ni8l0q","time":1611368337,"event":{"mods":["AchievementEnabler","BaseMod","Colored Map","Colored Powertips","DeckTracker","Minty Spire (QoL Compilation)","Rare Cards Sparkle","Relic Stats","SuperFastMode","everything is the same but u backflip on backflip"],"gold_per_floor":[116,126,126,141,141,174,174,174,200,225,237,256,269,281,281,377,377,388,11,11,25,25,25,36,36,111,111,125,144,44,62,62,159,159,179,179,194,194,213,213,245,261,261,261,275,275,290,304,304,304,304,304,14,48,48],"floor_reached":56,"language":"KOR","playtime":2073,"items_purged":["Metallicize","Headbutt","Whirlwind"],"score":1335,"play_id":"c1b3e10b-7f12-4bd9-b10d-660a8638cfa5","local_time":"20210123111857","is_ascension_mode":false,"campfire_choices":[{"floor":8,"key":"REST"},{"data":"Uppercut","floor":15,"key":"SMITH"},{"data":"Barricade","floor":23,"key":"SMITH"},{"data":"Armaments","floor":25,"key":"SMITH"},{"data":"Seeing Red","floor":27,"key":"SMITH"},{"data":"Offering","floor":32,"key":"SMITH"},{"data":"Body Slam","floor":40,"key":"SMITH"},{"floor":44,"key":"REST"},{"floor":49,"key":"RECALL"},{"data":"Offering","floor":52,"key":"SMITH"}],"circlet_count":0,"master_deck":["Bash","Blood for Blood","Shrug It Off","Body Slam+1","Uppercut+1","Seeing Red+1","Offering+1","Shrug It Off","Barricade+1","Armaments+1","Disarm","Reaper","Reaper","Spot Weakness","Pommel Strike+1","Battle Trance","Bloodletting+1","Offering+1","Body Slam+1","Madness","Madness","Purity","Power Through+1","Evolve+1","Seeing Red+1","Secret Technique"],"relics":["Burning Blood","NeowsBlessing","Dream Catcher","Anchor","Odd Mushroom","Pandora\u0027s Box","Oddly Smooth Stone","Vajra","Nilry\u0027s Codex","SlaversCollar","Ancient Tea Set","Ornamental Fan","Centennial Puzzle"],"acts_visited":["Exordium","TheCity","TheBeyond","TheEnding"],"potions_floor_usage":[6,18,33,55,55],"damage_taken":[{"damage":0.0,"enemies":"Cultist","floor":1.0,"turns":1.0},{"damage":0,"enemies":"Jaw Worm","floor":2,"turns":1},{"damage":0,"enemies":"Small Slimes","floor":4,"turns":1},{"damage":23,"enemies":"Lagavulin","floor":6,"turns":6},{"damage":12,"enemies":"The Mushroom Lair","floor":10,"turns":5},{"damage":0,"enemies":"2 Fungi Beasts","floor":11,"turns":3},{"damage":23,"enemies":"Large Slime","floor":12,"turns":9},{"damage":0,"enemies":"Exordium Wildlife","floor":13,"turns":2},{"damage":0,"enemies":"3 Louse","floor":14,"turns":5},{"damage":31,"enemies":"Hexaghost","floor":16,"turns":10},{"damage":6,"enemies":"2 Thieves","floor":18,"turns":4},{"damage":41,"enemies":"3 Byrds","floor":21,"turns":6},{"damage":13,"enemies":"Snecko","floor":24,"turns":6},{"damage":26,"enemies":"Sentry and Sphere","floor":28,"turns":4},{"damage":9,"enemies":"Snake Plant","floor":29,"turns":3},{"damage":3,"enemies":"Snecko","floor":31,"turns":4},{"damage":40,"enemies":"Automaton","floor":33,"turns":6},{"damage":15,"enemies":"Orb Walker","floor":35,"turns":3},{"damage":65,"enemies":"3 Darklings","floor":37,"turns":4},{"damage":15,"enemies":"Sphere and 2 Shapes","floor":39,"turns":2},{"damage":18,"enemies":"Giant Head","floor":41,"turns":3},{"damage":47,"enemies":"Spire Growth","floor":42,"turns":4},{"damage":41,"enemies":"4 Shapes","floor":45,"turns":5},{"damage":38,"enemies":"Writhing Mass","floor":47,"turns":4},{"damage":23,"enemies":"Jaw Worm Horde","floor":48,"turns":3},{"damage":15,"enemies":"Time Eater","floor":50,"turns":7},{"damage":18,"enemies":"Shield and Spear","floor":54,"turns":3},{"damage":24,"enemies":"The Heart","floor":55,"turns":5}],"seed_played":"4000139296289250746","potions_obtained":[{"floor":1.0,"key":"SteroidPotion"},{"floor":4,"key":"PowerPotion"},{"floor":6,"key":"EssenceOfSteel"},{"floor":16,"key":"CultistPotion"},{"floor":28,"key":"SpeedPotion"},{"floor":29,"key":"ElixirPotion"},{"floor":33,"key":"ElixirPotion"},{"floor":39,"key":"Swift Potion"}],"is_trial":false,"path_per_floor":["M","M","?","M","?","E","?","R","T","?","M","M","M","M","R","B",null,"M","$","?","M","?","R","M","R","T","R","M","M","$","M","R","B",null,"M","?","M","?","M","R","E","M","T","R","M","?","M","M","R","B",null,"R","$","E","B",null],"character_chosen":"IRONCLAD","items_purchased":["Oddly Smooth Stone","Vajra","Secret Technique"],"campfire_rested":2,"item_purchase_floors":[19,19,53],"current_hp_per_floor":[80,80,73,79,79,62,46,70,70,64,70,53,59,65,65,40,80,80,80,64,45,45,45,57,57,57,57,37,43,43,60,60,71,80,71,61,44,34,49,49,80,51,51,75,69,69,45,38,38,34,80,80,80,68,64],"gold":48,"neow_bonus":"THREE_ENEMY_KILL","is_daily":false,"chose_seed":false,"campfire_upgraded":7,"win_rate":0.0,"timestamp":1611368337,"path_taken":["M","?","?","M","?","E","?","R","T","?","M","M","M","M","R","BOSS","M","$","?","M","?","R","M","R","T","R","M","M","?","M","R","BOSS","M","?","M","?","M","R","E","M","T","R","M","?","?","M","R","BOSS","R","$","E","BOSS"],"items_purchased_type":["Relic","Relic","Card"],"build_version":"2020-12-22","purchased_purges":3,"victory":true,"max_hp_per_floor":[80,80,80,80,80,80,80,80,80,80,80,80,80,80,80,80,80,80,80,80,80,80,80,80,80,80,80,80,80,80,80,80,80,80,80,80,80,80,80,80,80,80,80,80,80,80,80,80,80,80,80,80,80,80,80],"relic_stats":{"Dream Catcher":2,"Centennial Puzzle":[3],"counters":[28,119],"Ornamental Fan":[44],"Pandora\u0027s Box":["Armaments","Metallicize","Disarm","Reaper","Reaper","Spot Weakness","Whirlwind","Headbutt"],"obtain_stats":[{"NeowsBlessing":0,"Nilry\u0027s Codex":20,"Oddly Smooth Stone":19,"Vajra":19,"Odd Mushroom":10,"Ancient Tea Set":41,"Burning Blood":0,"SlaversCollar":34,"Dream Catcher":6,"Anchor":9,"Centennial Puzzle":54,"Ornamental Fan":43,"Pandora\u0027s Box":17},{"NeowsBlessing":0,"Nilry\u0027s Codex":11,"Oddly Smooth Stone":11,"Vajra":11,"Odd Mushroom":5,"Ancient Tea Set":21,"Burning Blood":0,"SlaversCollar":17,"Dream Catcher":4,"Anchor":4,"Centennial Puzzle":27,"Ornamental Fan":22,"Pandora\u0027s Box":10},{"NeowsBlessing":0,"Nilry\u0027s Codex":47,"Oddly Smooth Stone":47,"Vajra":47,"Odd Mushroom":14,"Ancient Tea Set":88,"Burning Blood":0,"SlaversCollar":76,"Dream Catcher":9,"Anchor":9,"Centennial Puzzle":114,"Ornamental Fan":92,"Pandora\u0027s Box":43}],"Burning Blood":150},"card_choices":[{"not_picked":["Shockwave","Sword Boomerang"],"picked":"Blood for Blood","floor":1.0},{"not_picked":["Armaments","Headbutt","Heavy Blade"],"picked":"SKIP","floor":2},{"not_picked":["Iron Wave","Headbutt"],"picked":"Shrug It Off","floor":4},{"not_picked":["Perfected Strike","Sever Soul"],"picked":"Body Slam","floor":6},{"not_picked":["Clothesline","Evolve"],"picked":"Uppercut","floor":8},{"not_picked":["Sever Soul","Carnage"],"picked":"Seeing Red","floor":11},{"not_picked":["Whirlwind","Havoc","Warcry"],"picked":"SKIP","floor":12},{"not_picked":["Clothesline","True Grit"],"picked":"Offering","floor":13},{"not_picked":["Flex","Havoc"],"picked":"Shrug It Off","floor":14},{"not_picked":["Impervious","Reaper"],"picked":"Barricade","floor":16},{"not_picked":["Flex","Fire Breathing+1"],"picked":"Pommel Strike+1","floor":18},{"not_picked":["Thunderclap","Clothesline","Headbutt"],"picked":"SKIP","floor":21},{"not_picked":["Armaments","Iron Wave+1"],"picked":"Bloodletting+1","floor":24},{"not_picked":["Pummel","Pommel Strike+1","Barricade"],"picked":"SKIP","floor":28},{"not_picked":["Entrench","Dropkick+1","Shrug It Off+1"],"picked":"SKIP","floor":29},{"not_picked":["Perfected Strike","Combust","Reckless Charge+1"],"picked":"SKIP","floor":31},{"not_picked":["Juggernaut","Feed"],"picked":"Offering","floor":33},{"not_picked":["Headbutt+1","Twin Strike"],"picked":"Body Slam","floor":35},{"not_picked":["Shrug It Off","True Grit","Pommel Strike+1"],"picked":"SKIP","floor":37},{"not_picked":["Blind","Swift Strike"],"picked":"Purity","floor":38},{"not_picked":["Iron Wave+1","Twin Strike"],"picked":"Power Through+1","floor":39},{"not_picked":["Limit Break","Hemokinesis+1"],"picked":"Evolve+1","floor":41},{"not_picked":["Iron Wave","Havoc+1","Flex+1"],"picked":"SKIP","floor":42},{"not_picked":["Iron Wave+1","Sword Boomerang","Shrug It Off+1"],"picked":"SKIP","floor":45},{"not_picked":["Iron Wave","Rage"],"picked":"Seeing Red+1","floor":47},{"not_picked":["Clash+1","Thunderclap+1","Wild Strike+1"],"picked":"SKIP","floor":48},{"not_picked":["Dual Wield+1","Havoc+1","Wild Strike"],"picked":"SKIP","floor":54}],"player_experience":344361,"relics_obtained":[{"floor":6,"key":"Dream Catcher"},{"floor":9,"key":"Anchor"},{"floor":10,"key":"Odd Mushroom"},{"floor":20,"key":"Nilry\u0027s Codex"},{"floor":41,"key":"Ancient Tea Set"},{"floor":43,"key":"Ornamental Fan"},{"floor":54,"key":"Centennial Puzzle"}],"event_choices":[{"cards_removed":["Strike_R"],"damage_healed":0,"gold_gain":0,"player_choice":"Card Removal","damage_taken":7,"max_hp_gain":0,"max_hp_loss":0,"event_name":"Golden Wing","floor":3,"gold_loss":0},{"damage_healed":0,"gold_gain":0,"player_choice":"Ignored","damage_taken":0,"max_hp_gain":0,"max_hp_loss":0,"event_name":"Liars Game","floor":5,"gold_loss":0},{"damage_healed":0,"gold_gain":0,"player_choice":"Entered Light","damage_taken":16,"max_hp_gain":0,"max_hp_loss":0,"event_name":"Shining Light","floor":7,"gold_loss":0,"cards_upgraded":["Body Slam","Strike_R"]},{"damage_healed":0,"gold_gain":0,"player_choice":"Fought Mushrooms","damage_taken":0,"max_hp_gain":0,"max_hp_loss":0,"event_name":"Mushrooms","floor":10,"gold_loss":0},{"damage_healed":0,"gold_gain":0,"player_choice":"Obtained Book","damage_taken":16,"max_hp_gain":0,"max_hp_loss":0,"event_name":"Cursed Tome","floor":20,"gold_loss":0},{"damage_healed":0,"gold_gain":0,"player_choice":"Read","damage_taken":0,"max_hp_gain":0,"max_hp_loss":0,"event_name":"The Library","floor":22,"gold_loss":0,"cards_obtained":["Battle Trance"]},{"damage_healed":0,"gold_gain":0,"player_choice":"Embrace Madness","damage_taken":10,"max_hp_gain":0,"max_hp_loss":0,"event_name":"Winding Halls","floor":36,"gold_loss":0,"cards_obtained":["Madness","Madness"]},{"damage_healed":0,"gold_gain":0,"player_choice":"Memory 3","damage_taken":10,"max_hp_gain":0,"max_hp_loss":0,"event_name":"SensoryStone","floor":38,"gold_loss":0},{"damage_healed":0,"gold_gain":0,"player_choice":"Ignored","damage_taken":0,"max_hp_gain":0,"max_hp_loss":0,"event_name":"Tomb of Lord Red Mask","floor":46,"gold_loss":0}],"is_beta":false,"boss_relics":[{"not_picked":["Runic Dome","Empty Cage"],"picked":"Pandora\u0027s Box"},{"not_picked":["Tiny House","Runic Cube"],"picked":"SlaversCollar"}],"items_purged_floors":[19,30,53],"is_endless":false,"potions_floor_spawned":[1,4,6,16,28,29,33,39,45],"ascension_level":0}}