{"host":"njo8qgvy2a57fcny","time":1611409486,"event":{"mods":["Ascension Unlocker","Aspiration","BaseMod","BetterRewards","CCEM","Colored Map","Colored Powertips","Conspire","Custom Start","Downfall","GifTheSpireLib","Halation","Hermit","Hubris","Infinite Spire","Jedi Mod","Mimic Mod","Minty Spire (QoL Compilation)","Quick Restart","Random Character Button","Random Character Mod","Rare Cards Sparkle","Relic Sorter","Replay The Spire","Shop Mod","StSLib","Stuff the Spire","The Animator","The Jungle","The Runesmith","The Servant 0.9.4","vexMod"],"gold_per_floor":[117,130,143,143,8,8,8],"floor_reached":6,"language":"ENG","playtime":373,"items_purged":[],"score":122,"play_id":"bc5a087d-935b-43d3-9aed-566bd8f98f29","local_time":"20210124004446","is_ascension_mode":true,"campfire_choices":[],"circlet_count":0,"master_deck":["AscendersBane","conspire:GhostlyStrike","conspire:GhostlyStrike","conspire:GhostlyStrike","conspire:GhostlyStrike","conspire:GhostlyDefend","conspire:GhostlyDefend","conspire:GhostlyDefend","conspire:GhostlyDefend","KidneyShot","Exchange","Sabotage","Luminosity","ReplayTheSpireMod:Necrogeddon","Panacea","ReplayUltimateDefense"],"relics":["Uniform","aspiration:Nostalgia","m_DevilBlood","ReplayTheSpireMod:ShopPack"],"acts_visited":["Exordium"],"potions_floor_usage":[3,3],"damage_taken":[{"damage":4,"enemies":"Cultist","floor":1,"turns":5},{"damage":6,"enemies":"2 Louse","floor":2,"turns":2},{"damage":1,"enemies":"Jaw Worm","floor":3,"turns":4},{"damage":54,"enemies":"Lagavulin","floor":6,"turns":8}],"seed_played":"-8312642303959774027","potions_obtained":[{"floor":1,"key":"LiquidBronze"},{"floor":2,"key":"Languid Potion"}],"is_trial":false,"path_per_floor":["M","M","M","?","$","E"],"character_chosen":"THE_SERVANT","items_purchased":["ReplayTheSpireMod:ShopPack"],"campfire_rested":0,"item_purchase_floors":[5],"current_hp_per_floor":[50,44,43,43,43,0,0],"gold":8,"neow_bonus":"NOSTALGIA","is_daily":false,"chose_seed":false,"campfire_upgraded":0,"win_rate":0.0,"timestamp":1611409486,"path_taken":["M","?","M","?","$","E"],"items_purchased_type":["Relic"],"build_version":"2020-12-22","purchased_purges":0,"victory":false,"max_hp_per_floor":[60,60,60,60,60,60,60],"card_choices":[{"not_picked":["Revamp","hexamod:NightmareGuise"],"picked":"Sabotage","floor":1},{"not_picked":["BottledTime","ShatteredReality"],"picked":"Luminosity","floor":2},{"not_picked":["Warcry","hexamod:GhostShield","Abandon"],"picked":"SKIP","floor":3},{"not_picked":["Chrysalis","jedi:cleanse"],"picked":"ReplayTheSpireMod:Necrogeddon","floor":5},{"not_picked":["Trip","Forethought"],"picked":"Panacea","floor":5},{"not_picked":["jedi:cleanse","Panache"],"picked":"ReplayUltimateDefense","floor":5}],"player_experience":674001,"relics_obtained":[],"event_choices":[{"damage_healed":0,"gold_gain":0,"player_choice":"Agree","damage_taken":0,"max_hp_gain":0,"max_hp_loss":0,"event_name":"conspire:LoneGhost","floor":4,"gold_loss":0}],"is_beta":false,"boss_relics":[],"items_purged_floors":[],"is_endless":false,"potions_floor_spawned":[1,2],"killed_by":"Lagavulin","ascension_level":20}}