{"host":"ucrubczzhd6ttfof","time":1611437263,"event":{"mods":["100% Spire Juice","Aspiration","BaseMod","Better Match","Better Note","Booster Modes","CapriCore","Card Forge","Conspire","Downfall","Energized Spire","GifTheSpireLib","Glutton Mod","Halation","Hermit","Hubris","Jorbs\u0027s Wanderer Trilogy","Koishi","Marisa????????","Marked Mod","Minty Spire (QoL Compilation)","Permanent Neow","Reimu??????","Remove Card Discount Mod","Replay The Spire","Retaliation","Reworked Bosses","Spicy Shops","Spikes Relics","StSLib","Stuff the Spire","Td1madao Mod","The Animator","The Blue Laboratory","The Bug Knight","The Caster","The Cursed","The Hierophant","The Immortal","The Marked","The Mystic","The Valiant","TheBandit","TheSwordswoman","TheVacant","vexMod"],"gold_per_floor":[117,117,117,130,140,140,175,190,215,232,232,263,4,23,23,122,122,140,140,140,140,157,157,176,176,230,155,167,193,209,220,220,319,319,330,346,111,131,144,171,187,187,187,214,214,267,267,5,5,5],"floor_reached":51,"language":"ENG","playtime":4346,"items_purged":["Decay","Parasite"],"score":1039,"play_id":"664ed3f4-d122-4cc3-84ef-f652400151f5","local_time":"20210123132743","daily_mods":["SealedDeck","Heirloom"],"is_ascension_mode":false,"campfire_choices":[{"data":"champ:SetATrap","floor":6.0,"key":"SMITH"},{"data":"champ:HoldFirm","floor":15.0,"key":"SMITH"},{"data":"champ:GladiatorForm","floor":23,"key":"SMITH"},{"data":"champ:ShieldWall","floor":32,"key":"SMITH"},{"data":"champ:HoldFirm","floor":42,"key":"SMITH"},{"data":"champ:FalseCounter","floor":45,"key":"SMITH"},{"data":"champ:Improvising","floor":49,"key":"SMITH"}],"circlet_count":0,"master_deck":["BlessedFruit","BlessedFruit","champ:PreciseThrust+1","champ:Circumvent","champ:PreemptiveStrike","champ:HoldFirm+1","champ:SetATrap+1","champ:FlashCut","champ:PreciseThrust","champ:BringItOn","champ:EnGarde","champ:EnGarde","champ:ShieldWall+1","champ:SkillfulDodge","champ:HoldFirm+1","champ:FlashCut","champ:Parry","champ:GladiatorForm+1","HollowMod:MantisMark","StuffTheSpire:Rapture","Feint","champ:Improvising+1","champ:LastStand","champ:ShieldWall+1","champ:HoldFirm+1","champ:ShieldWall+1","Impatience","champ:FalseCounter+1","champ:FalseCounter+1"],"relics":["champ:ChampionCrown","Hammer of Thor","Seething Fire","Anvil of the Gods","HeavenlyBonsai","halation:EternalFortune","Unceasing Top","Gremlin Food","Ancient Tea Set","vexMod:InvisibilityCloak","ClockworkSouvenir","Runic Dome","Replay:Wax Seal","bronze:BronzeIdol","halation:SmartPhone","halation:LettersToHer","vexMod:BarristanHead","Oddly Smooth Stone","champ:DefensiveTrainingManual","hubris:Teleporter","hubris:Towel","ShockBauble"],"acts_visited":["Exordium","TheCity","TheBeyond"],"potions_floor_usage":[46,50],"damage_taken":[{"damage":0.0,"enemies":"Cultist","floor":1.0,"turns":4.0},{"damage":0.0,"enemies":"Small Slimes","floor":4.0,"turns":5.0},{"damage":0.0,"enemies":"Jaw Worm","floor":5.0,"turns":3.0},{"damage":4.0,"enemies":"3 Sentries","floor":7.0,"turns":8.0},{"damage":0.0,"enemies":"Looter","floor":8.0,"turns":3.0},{"damage":0.0,"enemies":"Exordium Thugs","floor":10.0,"turns":6.0},{"damage":0.0,"enemies":"Replay:BlueRogue","floor":12.0,"turns":5.0},{"damage":0.0,"enemies":"Blue Slaver","floor":14.0,"turns":3.0},{"damage":0.0,"enemies":"Fading Forest","floor":16.0,"turns":11.0},{"damage":0.0,"enemies":"Chosen","floor":18.0,"turns":5.0},{"damage":0.0,"enemies":"3 Byrds","floor":22.0,"turns":5.0},{"damage":0,"enemies":"Snecko","floor":24,"turns":4},{"damage":3,"enemies":"Centurion and Healer","floor":28,"turns":6},{"damage":0,"enemies":"Book of Stabbing","floor":29,"turns":6},{"damage":6,"enemies":"Snake Plant","floor":30,"turns":4},{"damage":4,"enemies":"conspire:HollyBat","floor":31,"turns":6},{"damage":0,"enemies":"bossMod:newChamp","floor":33,"turns":10},{"damage":0,"enemies":"Orb Walker","floor":35,"turns":4},{"damage":6,"enemies":"3 Shapes","floor":36,"turns":3},{"damage":0,"enemies":"3 Darklings","floor":38,"turns":5},{"damage":0,"enemies":"Maw","floor":39,"turns":8},{"damage":17,"enemies":"Reptomancer","floor":40,"turns":9},{"damage":9,"enemies":"Writhing Mass","floor":41,"turns":6},{"damage":0,"enemies":"Giant Head","floor":44,"turns":8},{"damage":0,"enemies":"2 Orb Walkers","floor":46,"turns":5},{"damage":0,"enemies":"bossMod:newAwakened","floor":50,"turns":24}],"seed_played":"3943941688640998585","potions_obtained":[{"floor":7.0,"key":"Strength Potion"},{"floor":10.0,"key":"Explosive Potion"},{"floor":14.0,"key":"blueLaboratory:PhilterOfMotion"},{"floor":16.0,"key":"Milkshake"},{"floor":30,"key":"DDmod:CleansePotion"},{"floor":39,"key":"champ:TechniquePotion"},{"floor":40,"key":"Energy Potion"}],"is_trial":true,"path_per_floor":["M","?","?","M","M","R","E","M","T","M","?","E","$","M","R","B",null,"M","?","$","?","M","R","M","?","T","?","M","E","M","M","R","B",null,"M","M","$","M","M","E","M","R","T","E","R","?","?","$","R","B",null],"character_chosen":"THE_CHAMP","items_purchased":["vexMod:InvisibilityCloak","ClockworkSouvenir","Impatience","halation:LettersToHer","ShockBauble"],"campfire_rested":0,"item_purchase_floors":[13,13,37,37,48],"current_hp_per_floor":[92,95,95,97,99,99,97,99,99,101,91,93,93,95,95,107,111,113,113,113,85,87,87,88,88,88,88,87,89,85,83,83,85,126,127,123,123,124,126,111,104,104,104,106,106,108,108,108,108,110],"gold":5,"neow_bonus":"","is_daily":false,"chose_seed":false,"campfire_upgraded":7,"win_rate":0.0,"timestamp":1611437263,"path_taken":["M","?","?","M","M","R","E","M","T","M","?","E","$","M","R","BOSS","M","?","$","?","M","R","?","?","T","?","?","E","M","M","R","BOSS","M","M","$","M","M","E","M","R","T","E","R","?","?","$","R","BOSS"],"items_purchased_type":["Relic","Relic","Card","Relic","Relic"],"build_version":"2020-12-22","purchased_purges":2,"victory":true,"max_hp_per_floor":[92,95,95,97,99,99,101,103,103,105,105,107,107,109,109,111,111,113,113,113,113,115,115,116,116,116,116,118,120,122,124,124,126,126,127,129,129,130,132,134,136,136,136,138,138,140,140,137,137,139],"card_choices":[{"not_picked":["champ:Duel","champ:GutPunch"],"picked":"champ:EnGarde","floor":1.0},{"not_picked":["champ:AdrenalArmor","champ:RapidStrikes"],"picked":"champ:ShieldWall","floor":4.0},{"not_picked":["champ:BerserkersShout","champ:PerfectedStrike"],"picked":"champ:SkillfulDodge","floor":5.0},{"not_picked":["champ:PreciseThrust","champ:DefensiveShout"],"picked":"champ:HoldFirm","floor":7.0},{"not_picked":["champ:BerserkersShout","champ:DefensiveShout","champ:PreciseThrust"],"picked":"SKIP","floor":8.0},{"not_picked":["champ:CrownThrow","champ:CalledShot","champ:EnGarde"],"picked":"SKIP","floor":10.0},{"not_picked":["champ:FancyFootwork","champ:BladeFlurry"],"picked":"champ:FlashCut","floor":12.0},{"not_picked":["champ:Circumvent","champ:SetATrap"],"picked":"champ:Parry","floor":14.0},{"not_picked":["champ:HeavySlash","champ:HoldFirm"],"picked":"champ:GladiatorForm","floor":16.0},{"not_picked":["champ:DefensiveShout","champ:HeartStrike","champ:Shatter"],"picked":"SKIP","floor":18.0},{"not_picked":["champ:SkillfulDodge","champ:RisingSlash","champ:BladeFlurry"],"picked":"SKIP","floor":22.0},{"not_picked":["champ:StanceDance","champ:FlashCut","champ:FanOfKnives+1"],"picked":"SKIP","floor":24},{"not_picked":["Thinking Ahead","StuffTheSpire:Recharge"],"picked":"Feint","floor":27},{"not_picked":["champ:TripleStrike","champ:GladiatorForm"],"picked":"champ:Improvising","floor":27},{"not_picked":["champ:PreemptiveStrike","champ:SkillfulDodge","champ:DeathBlow"],"picked":"SKIP","floor":28},{"not_picked":["champ:FanOfKnives","champ:FlashCut"],"picked":"champ:LastStand","floor":29},{"not_picked":["champ:Lariat","champ:BladeFlurry"],"picked":"champ:ShieldWall+1","floor":30},{"not_picked":["champ:PreciseThrust","champ:StanceDance","champ:Parry"],"picked":"SKIP","floor":31},{"not_picked":["champ:VampiricStrike","champ:MurderStrike"],"picked":"champ:HoldFirm","floor":33},{"not_picked":["champ:BerserkersShout+1","champ:DeathBlow"],"picked":"champ:ShieldWall+1","floor":35},{"not_picked":["champ:TornadoPunch","champ:SkillfulDodge+1","champ:ShieldSlam+1"],"picked":"SKIP","floor":36},{"not_picked":["champ:Encircle+1","champ:Circumvent+1"],"picked":"champ:FalseCounter","floor":38},{"not_picked":["champ:FocusedBerserking+1","champ:Circumvent+1","champ:CrownThrow"],"picked":"SKIP","floor":39},{"not_picked":["champ:AdrenalArmor","champ:StanceDance+1","champ:Duel"],"picked":"SKIP","floor":40},{"not_picked":["champ:BerserkersShout+1","champ:DancingMaster","champ:Encircle"],"picked":"SKIP","floor":41},{"not_picked":["champ:TornadoPunch","champ:PerfectedStrike+1"],"picked":"champ:FalseCounter+1","floor":44}],"player_experience":755695,"relics_obtained":[{"floor":7.0,"key":"Unceasing Top"},{"floor":9.0,"key":"Gremlin Food"},{"floor":12.0,"key":"Ancient Tea Set"},{"floor":26,"key":"Replay:Wax Seal"},{"floor":29,"key":"bronze:BronzeIdol"},{"floor":40,"key":"vexMod:BarristanHead"},{"floor":43,"key":"halation:LettersToHer"},{"floor":43,"key":"Oddly Smooth Stone"},{"floor":44,"key":"champ:DefensiveTrainingManual"},{"floor":46,"key":"hubris:Teleporter"}],"event_choices":[{"cards_removed":["champ:HoldFirm"],"damage_healed":0.0,"max_hp_gain":0.0,"max_hp_loss":0.0,"gold_gain":0.0,"event_name":"betterNote:BetterNote","player_choice":"Take \u0026 Give","floor":19.0,"gold_loss":0.0,"damage_taken":0.0,"cards_obtained":["HollowMod:MantisMark"]},{"damage_healed":0,"gold_gain":0,"player_choice":"Ignored","damage_taken":0,"max_hp_gain":0,"max_hp_loss":0,"event_name":"Vampires","floor":25,"gold_loss":0},{"damage_healed":0,"gold_gain":0,"player_choice":"1","damage_taken":0,"max_hp_gain":0,"max_hp_loss":0,"event_name":"betterMatch:BetterMatch","floor":27,"gold_loss":0,"cards_obtained":["betterMatch:ColorlessRareCard","betterMatch:RareCard"]},{"damage_healed":0,"gold_gain":0,"player_choice":"Fight","damage_taken":0,"max_hp_gain":0,"max_hp_loss":0,"event_name":"Mysterious Sphere","floor":46,"gold_loss":0}],"is_beta":false,"boss_relics":[{"not_picked":["bronze:MakeshiftBattery","Kintsugi"],"picked":"Runic Dome"},{"not_picked":["Snecko Heart","hubris:VirtuousBlindfold"],"picked":"halation:SmartPhone"}],"items_purged_floors":[13,48],"is_endless":false,"potions_floor_spawned":[7,10,14,16,18,30,31,38,39,40,44],"ascension_level":0}}