{"host":"Jackie","time":1611392154,"event":{"mods":["BaseMod","Highlight Path","Jorbs\u0027s Wanderer Trilogy","Minty Spire (QoL Compilation)","Relic Stats","Slay the Relics Exporter","StSLib","Twitch Decklist"],"gold_per_floor":[14,14,34,56,6,34,34,67,93,93,93,145,163,199,199,323,323,346,17,17,37,62,62,75,126,126,126,170,170,170,195,195,195,195],"floor_reached":33,"language":"ENG","playtime":3428,"items_purged":["stsjorbsmod:Strike_Wanderer"],"score":510,"play_id":"aa7fba3b-b455-4a6c-a434-fccf9626259c","local_time":"20210123005554","is_ascension_mode":true,"campfire_choices":[{"data":"stsjorbsmod:Hurt","floor":7.0,"key":"SMITH"},{"floor":10.0,"key":"REST"},{"data":"stsjorbsmod:FreshAdventure","floor":15.0,"key":"SMITH"},{"data":"stsjorbsmod:Inferno","floor":23.0,"key":"SMITH"},{"floor":27.0,"key":"REST"},{"floor":29.0,"key":"REST"},{"data":"stsjorbsmod:MagicMissiles","floor":32,"key":"SMITH"}],"circlet_count":0,"master_deck":["stsjorbsmod:ForbiddenGrimoire+1","stsjorbsmod:Strike_Wanderer+1","stsjorbsmod:Strike_Wanderer+1","stsjorbsmod:Defend_Wanderer+1","stsjorbsmod:Defend_Wanderer+1","stsjorbsmod:Defend_Wanderer+1","stsjorbsmod:FreshAdventure+1","stsjorbsmod:EyeOfTheStorm","stsjorbsmod:WeightOfMemory","stsjorbsmod:Index","stsjorbsmod:Hurt+1","stsjorbsmod:FlameWard","stsjorbsmod:Counterspell","stsjorbsmod:Message","stsjorbsmod:Fireball","stsjorbsmod:ArcaneWeapon","RitualDagger","stsjorbsmod:FlameWard","stsjorbsmod:Inferno+1","stsjorbsmod:SchoolsOfMagic+1","stsjorbsmod:Channel","stsjorbsmod:MagicMissiles+1"],"relics":["stsjorbsmod:GrimoireRelic","Calipers","Orichalcum","Centennial Puzzle","Lantern","Golden Idol","Blood Vial","Boot","Philosopher\u0027s Stone","stsjorbsmod:AlchemistsFireRelic","Bottled Lightning","Nunchaku","Potion Belt"],"acts_visited":["Exordium","TheCity"],"potions_floor_usage":[],"damage_taken":[{"damage":9.0,"enemies":"Small Slimes","floor":1.0,"turns":5.0},{"damage":0.0,"enemies":"Cultist","floor":3.0,"turns":4.0},{"damage":0.0,"enemies":"2 Louse","floor":4.0,"turns":3.0},{"damage":16.0,"enemies":"Lagavulin","floor":6.0,"turns":7.0},{"damage":17.0,"enemies":"3 Sentries","floor":8.0,"turns":7.0},{"damage":1.0,"enemies":"Looter","floor":13.0,"turns":3.0},{"damage":1.0,"enemies":"Gremlin Nob","floor":14.0,"turns":3.0},{"damage":12.0,"enemies":"Slime Boss","floor":16.0,"turns":7.0},{"damage":9.0,"enemies":"2 Thieves","floor":18.0,"turns":3.0},{"damage":4.0,"enemies":"Spheric Guardian","floor":21.0,"turns":4.0},{"damage":13.0,"enemies":"Snecko","floor":22.0,"turns":4.0},{"damage":10.0,"enemies":"Chosen and Byrds","floor":24.0,"turns":5.0},{"damage":27.0,"enemies":"Gremlin Leader","floor":25.0,"turns":5.0},{"damage":30.0,"enemies":"Book of Stabbing","floor":28.0,"turns":4.0},{"damage":2,"enemies":"Cultist and Chosen","floor":31,"turns":5},{"damage":44,"enemies":"Collector","floor":33,"turns":2}],"seed_played":"-5546371008216498224","potions_obtained":[{"floor":1.0,"key":"GamblersBrew"},{"floor":4.0,"key":"Block Potion"},{"floor":8.0,"key":"EssenceOfSteel"},{"floor":18.0,"key":"stsjorbsmod:BurningPotion"},{"floor":24.0,"key":"stsjorbsmod:LiquidClarity"},{"floor":28.0,"key":"Ancient Potion"},{"floor":31,"key":"FearPotion"}],"is_trial":false,"path_per_floor":["M","?","M","M","?","E","R","E","T","R","?","T","M","E","R","B",null,"M","$","?","M","M","R","M","E","T","R","E","R","?","M","R","B"],"character_chosen":"WANDERER","items_purchased":["stsjorbsmod:AlchemistsFireRelic"],"campfire_rested":3,"item_purchase_floors":[19],"current_hp_per_floor":[55,55,58,60,60,48,48,31,31,51,51,51,53,55,55,45,59,54,54,48,51,42,42,38,15,15,35,9,29,29,36,36,0,0],"gold":195,"neow_bonus":"ONE_RARE_RELIC","is_daily":false,"chose_seed":false,"campfire_upgraded":4,"win_rate":0.0,"timestamp":1611392154,"path_taken":["M","?","?","M","?","E","R","E","T","R","?","?","M","E","R","BOSS","M","$","?","M","M","R","M","E","T","R","E","R","?","M","R","BOSS"],"items_purchased_type":["Relic"],"build_version":"2020-12-18","purchased_purges":1,"victory":false,"max_hp_per_floor":[68,68,68,68,68,68,68,68,68,68,63,63,63,63,63,63,63,63,63,63,65,65,65,67,67,67,67,67,67,67,71,71,71,71],"relic_stats":{"Blood Vial":22,"Centennial Puzzle":[33],"Nunchaku":[1],"counters":[16,71],"Golden Idol":80,"Orichalcum":[114],"Boot":[10],"obtain_stats":[{"Potion Belt":28,"Lantern":9,"Calipers":0,"Golden Idol":11,"stsjorbsmod:GrimoireRelic":0,"stsjorbsmod:AlchemistsFireRelic":19,"Orichalcum":6,"Boot":14,"Blood Vial":12,"Centennial Puzzle":8,"Nunchaku":26,"Philosopher\u0027s Stone":17,"Bottled Lightning":25},{"Potion Belt":14,"Lantern":5,"Calipers":0,"Golden Idol":5,"stsjorbsmod:GrimoireRelic":0,"stsjorbsmod:AlchemistsFireRelic":9,"Orichalcum":4,"Boot":7,"Blood Vial":5,"Centennial Puzzle":5,"Nunchaku":13,"Philosopher\u0027s Stone":8,"Bottled Lightning":13},{"Potion Belt":64,"Lantern":26,"Calipers":0,"Golden Idol":26,"stsjorbsmod:GrimoireRelic":0,"stsjorbsmod:AlchemistsFireRelic":42,"Orichalcum":19,"Boot":32,"Blood Vial":26,"Centennial Puzzle":26,"Nunchaku":60,"Philosopher\u0027s Stone":39,"Bottled Lightning":60}]},"card_choices":[{"not_picked":["stsjorbsmod:Rest","stsjorbsmod:FindFamiliar"],"picked":"stsjorbsmod:WeightOfMemory","floor":1.0},{"not_picked":["stsjorbsmod:HedgeWizard","stsjorbsmod:Aid"],"picked":"stsjorbsmod:Hurt","floor":3.0},{"not_picked":["stsjorbsmod:Index","stsjorbsmod:Firebolt","stsjorbsmod:FracturedMind"],"picked":"SKIP","floor":4.0},{"not_picked":["stsjorbsmod:TrueStrike","stsjorbsmod:Prepare"],"picked":"stsjorbsmod:FlameWard","floor":6.0},{"not_picked":["stsjorbsmod:ParryingBlow","stsjorbsmod:ThirstingSword","stsjorbsmod:WeightOfMemory"],"picked":"SKIP","floor":8.0},{"not_picked":["stsjorbsmod:Inferno","stsjorbsmod:MagicMissiles"],"picked":"stsjorbsmod:Counterspell","floor":13.0},{"not_picked":["stsjorbsmod:WeightOfMemory","stsjorbsmod:OldPocket"],"picked":"stsjorbsmod:Message","floor":14.0},{"not_picked":["stsjorbsmod:MirrorImage","stsjorbsmod:ArcaneForm"],"picked":"stsjorbsmod:Fireball","floor":16.0},{"not_picked":["stsjorbsmod:DoubleCheck","stsjorbsmod:ParryingBlow"],"picked":"stsjorbsmod:ArcaneWeapon","floor":18.0},{"not_picked":["stsjorbsmod:Channel","stsjorbsmod:DoubleCheck"],"picked":"stsjorbsmod:FlameWard","floor":21.0},{"not_picked":["stsjorbsmod:FaerieFire+1","stsjorbsmod:ScorchingRay+1"],"picked":"stsjorbsmod:Inferno","floor":22.0},{"not_picked":["stsjorbsmod:ScorchingRay","stsjorbsmod:ChainLightning"],"picked":"stsjorbsmod:SchoolsOfMagic+1","floor":24.0},{"not_picked":["stsjorbsmod:Prepare+1","stsjorbsmod:FranticSearch","stsjorbsmod:Mindworm"],"picked":"SKIP","floor":25.0},{"not_picked":["stsjorbsmod:ParryingBlow","stsjorbsmod:FindFamiliar"],"picked":"stsjorbsmod:Channel","floor":28.0},{"not_picked":["stsjorbsmod:ChatteringStrike","stsjorbsmod:SchoolsOfMagic"],"picked":"stsjorbsmod:MagicMissiles","floor":31}],"player_experience":2209470,"relics_obtained":[{"floor":6.0,"key":"Orichalcum"},{"floor":8.0,"key":"Centennial Puzzle"},{"floor":9.0,"key":"Lantern"},{"floor":12.0,"key":"Blood Vial"},{"floor":14.0,"key":"Boot"},{"floor":25.0,"key":"Bottled Lightning"},{"floor":26.0,"key":"Nunchaku"},{"floor":28.0,"key":"Potion Belt"}],"event_choices":[{"damage_healed":0.0,"max_hp_gain":0.0,"max_hp_loss":0.0,"gold_gain":0.0,"cards_transformed":["stsjorbsmod:Strike_Wanderer"],"event_name":"Transmorgrifier","player_choice":"Transformed","floor":2.0,"gold_loss":0.0,"damage_taken":0.0,"cards_obtained":["stsjorbsmod:Index"]},{"cards_removed":["stsjorbsmod:Defend_Wanderer"],"damage_healed":0.0,"max_hp_gain":0.0,"max_hp_loss":0.0,"gold_gain":0.0,"event_name":"The Cleric","player_choice":"Card Removal","floor":5.0,"gold_loss":50.0,"damage_taken":0.0},{"damage_healed":0.0,"max_hp_gain":0.0,"max_hp_loss":5.0,"gold_gain":0.0,"event_name":"Golden Idol","player_choice":"Lose Max HP","floor":11.0,"gold_loss":0.0,"damage_taken":0.0,"relics_obtained":["Golden Idol"]},{"damage_healed":0.0,"max_hp_gain":0.0,"max_hp_loss":0.0,"gold_gain":0.0,"event_name":"Nest","player_choice":"Joined the Cult","floor":20.0,"gold_loss":0.0,"damage_taken":6.0,"cards_obtained":["RitualDagger"]},{"damage_healed":0.0,"max_hp_gain":0.0,"max_hp_loss":0.0,"gold_gain":0.0,"event_name":"Back to Basics","player_choice":"Simplicity","floor":30.0,"gold_loss":0.0,"damage_taken":0.0,"cards_upgraded":["stsjorbsmod:Strike_Wanderer","stsjorbsmod:Strike_Wanderer","stsjorbsmod:Defend_Wanderer","stsjorbsmod:Defend_Wanderer","stsjorbsmod:Defend_Wanderer"]}],"is_beta":true,"boss_relics":[{"not_picked":["Busted Crown","Velvet Choker"],"picked":"Philosopher\u0027s Stone"}],"items_purged_floors":[19],"is_endless":false,"potions_floor_spawned":[1,4,8,18,24,28,31],"killed_by":"Collector","ascension_level":7}}