{"host":"0h93apt32h0syxi3","time":1611393086,"event":{"mods":["Act Like it!","BaseMod","Downfall","Gensokyo","Minty Spire (QoL Compilation)","Pale of the Ancients","StSLib","Td1madao Mod","The Administrix","The Gatherer","The Hierophant","Waifu the Spire"],"gold_per_floor":[99,115,135,135,146,146,146,173,173,73,73,89,119,137,153,254,254,54,67,52,70,190,390,444,444,475,475,487,487,487,499,513,611,611,611,628,645,345,362,412,437,468,157,192,192,226,4,36,46,46,46,73,1,1,1,1,1],"floor_reached":55,"language":"ZHS","playtime":3612,"items_purged":["hexamod:Defend","downfall:Haunted","hexamod:Strike","downfall:Bewildered"],"score":1065,"play_id":"6d037ea6-0e6e-40da-aa31-9649555b2f5c","local_time":"20210123171126","is_ascension_mode":false,"campfire_choices":[{"data":"hexamod:Sear","floor":1.0,"key":"SMITH"},{"data":"hexamod:BurningTouch","floor":6.0,"key":"SMITH"},{"floor":10.0,"key":"RECALL"},{"data":"hexamod:RainOfEmbers","floor":18.0,"key":"SMITH"},{"data":"hexamod:NightmareGuise","floor":25.0,"key":"SMITH"},{"data":"hexamod:Float","floor":29.0,"key":"SMITH"},{"data":"hexamod:RetreatToShadows","floor":35.0,"key":"SMITH"},{"data":"hexamod:EmpoweredFlame","floor":54,"key":"SMITH"}],"circlet_count":0,"master_deck":["hexamod:Strike+1","hexamod:Defend","hexamod:Defend","hexamod:Sear+1","hexamod:Float+1","hexamod:Hexaguard","hexamod:NightmareGuise+1","hexamod:BurningTouch+1","hexamod:RetreatToShadows+1","hexamod:RainOfEmbers+1","hexamod:VolcanoVisage","hexamod:VolcanoVisage","hexamod:SoulSteal+1","hexamod:WildfireWeapon","expansioncontent:QuickStudy","hexamod:Hexaguard","hexamod:PhantomCloak+1","expansioncontent:QuickStudy+1","hexamod:Hexaguard+1","hexamod:EmpoweredFlame+1"],"relics":["hexamod:SpiritBrand","Happy Flower","downfall:HeartBlessingBlue","Bag of Preparation","bronze:MakeshiftBattery","downfall:HeartBlessingRed","downfall:HeartBlessingGreen","Membership Card","Dream Catcher","FossilizedHelix","sneckomod:BabySnecko","Coffee Dripper","Medical Kit","PreservedInsect","Lizard Tail","Anchor","Boot","Strange Spoon","Bronze Scales","Whetstone","Nunchaku","hexamod:MatchstickCase","Lee\u0027s Waffle","Bird Faced Urn","hexamod:InflammatoryLetter","Pen Nib"],"acts_visited":["Exordium","TheCity","TheBeyond","TheEnding"],"potions_floor_usage":[50,50,55],"damage_taken":[{"damage":2.0,"enemies":"2 Louse","floor":2.0,"turns":3.0},{"damage":1.0,"enemies":"Cultist","floor":3.0,"turns":3.0},{"damage":0.0,"enemies":"Jaw Worm","floor":5.0,"turns":3.0},{"damage":0.0,"enemies":"Gremlin Nob","floor":8.0,"turns":3.0},{"damage":7.0,"enemies":"Blue Slaver","floor":12.0,"turns":3.0},{"damage":0.0,"enemies":"Lagavulin","floor":13.0,"turns":3.0},{"damage":7.0,"enemies":"3 Louse","floor":14.0,"turns":3.0},{"damage":6.0,"enemies":"Exordium Wildlife","floor":15.0,"turns":3.0},{"damage":43.0,"enemies":"WA_ARCHETYPE_RETAIN","floor":16.0,"turns":7.0},{"damage":0.0,"enemies":"Chosen","floor":19.0,"turns":3.0},{"damage":0.0,"enemies":"downfall:FleeingMerchant","floor":20.0,"turns":4.0},{"damage":17.0,"enemies":"3 Byrds","floor":21.0,"turns":4.0},{"damage":0.0,"enemies":"downfall:FleeingMerchant","floor":22.0,"turns":3.0},{"damage":18.0,"enemies":"Gremlin Leader","floor":26.0,"turns":7.0},{"damage":7.0,"enemies":"Snake Plant","floor":28.0,"turns":3.0},{"damage":0.0,"enemies":"Snecko","floor":31.0,"turns":4.0},{"damage":0.0,"enemies":"Cultist and Chosen","floor":32.0,"turns":4.0},{"damage":22.0,"enemies":"DF_ARCHETYPE_CLAW","floor":33.0,"turns":6.0},{"damage":12.0,"enemies":"3 Shapes","floor":36.0,"turns":4.0},{"damage":24.0,"enemies":"3 Darklings","floor":37.0,"turns":4.0},{"damage":1.0,"enemies":"4 Shapes","floor":39.0,"turns":3.0},{"damage":0.0,"enemies":"4 Shapes","floor":40.0,"turns":6.0},{"damage":0.0,"enemies":"Nemesis","floor":42.0,"turns":5.0},{"damage":0.0,"enemies":"Giant Head","floor":44.0,"turns":6.0},{"damage":8,"enemies":"Reptomancer","floor":46,"turns":4},{"damage":0,"enemies":"Nemesis","floor":48,"turns":3},{"damage":0,"enemies":"Transient","floor":49,"turns":5},{"damage":46,"enemies":"SI_POISON_ARCHETYPE","floor":50,"turns":7},{"damage":28,"enemies":"downfall:CharBossMerchant","floor":52,"turns":6},{"damage":248,"enemies":"downfall:NeowBoss","floor":55,"turns":21}],"seed_played":"-437320948142696286","potions_obtained":[{"floor":2.0,"key":"Swift Potion"},{"floor":5.0,"key":"Energy Potion"},{"floor":12.0,"key":"GamblersBrew"},{"floor":13.0,"key":"LiquidMemories"},{"floor":19.0,"key":"Fire Potion"},{"floor":21.0,"key":"Energy Potion"},{"floor":31.0,"key":"Block Potion"},{"floor":32.0,"key":"SteroidPotion"},{"floor":37.0,"key":"Slimebound:ThreeZeroPotion"},{"floor":40.0,"key":"PowerPotion"},{"floor":42.0,"key":"LiquidMemories"},{"floor":46,"key":"Swift Potion"},{"floor":49,"key":"DuplicationPotion"}],"is_trial":false,"path_per_floor":["R","M","M","?","M","R","T","E","?","R","?","M","E","M","M","B",null,"R","M","$","M","$","?","T","R","E","?","M","R","?","M","M","B",null,"R","M","M","$","M","?","T","E","$","E","?","E","$","E","M","B",null,"E","$","R","B"],"character_chosen":"THE_SPIRIT","items_purchased":["Membership Card","Medical Kit","PreservedInsect","expansioncontent:QuickStudy","Strange Spoon","expansioncontent:QuickStudy+1","Bronze Scales","hexamod:MatchstickCase","Lee\u0027s Waffle","Pen Nib"],"campfire_rested":0,"item_purchase_floors":[22,38,38,38,43,43,43,47,47,53],"current_hp_per_floor":[77,75,74,74,74,74,74,74,79,89,89,82,82,75,69,26,92,92,92,92,75,75,75,75,75,59,59,52,52,52,52,52,30,92,92,80,56,56,55,55,55,57,57,57,57,49,99,99,99,55,99,71,71,71,0,0,0],"gold":1,"neow_bonus":"TEN_PERCENT_HP_BONUS","is_daily":false,"chose_seed":false,"campfire_upgraded":7,"win_rate":0.0,"timestamp":1611393086,"path_taken":["R","M","M","?","?","R","T","E","?","R","?","M","E","M","M","BOSS","R","M","$","M","$","?","T","R","E","?","M","R","?","M","M","BOSS","R","M","M","$","M","?","T","E","?","E","?","E","$","E","M","BOSS","E","$","R","BOSS"],"items_purchased_type":["Relic","Relic","Relic","Card","Relic","Card","Relic","Relic","Relic","Relic"],"build_version":"2020-12-22","purchased_purges":4,"victory":false,"max_hp_per_floor":[77,77,77,77,77,77,77,77,82,92,92,92,92,92,92,92,92,92,92,92,92,92,92,92,92,92,92,92,92,92,92,92,92,92,92,92,92,92,92,92,92,92,92,92,92,92,99,99,99,99,99,99,99,99,97,97,97],"card_choices":[{"not_picked":["hexamod:ThirdSeal","hexamod:SwordOfDarkness"],"picked":"hexamod:Hexaguard","floor":2.0},{"not_picked":["hexamod:FastForward","hexamod:HauntingEcho"],"picked":"hexamod:NightmareGuise","floor":3.0},{"not_picked":["hexamod:RadiantFlame","hexamod:ExtraCrispy"],"picked":"hexamod:BurningTouch","floor":5.0},{"not_picked":["hexamod:BurningTouch","hexamod:InspiringFlames"],"picked":"hexamod:RetreatToShadows","floor":8.0},{"not_picked":["hexamod:Firestarter","hexamod:SwordOfDarkness"],"picked":"hexamod:RainOfEmbers","floor":12.0},{"not_picked":["hexamod:RadiantFlame","hexamod:GhostOfSpirePast","hexamod:ShieldOfDarkness"],"picked":"SKIP","floor":13.0},{"not_picked":["hexamod:FastForward","hexamod:ChargedBarrage","hexamod:HeatMetal"],"picked":"SKIP","floor":14.0},{"not_picked":["hexamod:StepThrough","hexamod:SpectersWail","hexamod:EmpoweredFlame"],"picked":"SKIP","floor":15.0},{"not_picked":["hexamod:WildfireWeapon","hexamod:ParanormalForm"],"picked":"hexamod:VolcanoVisage","floor":16.0},{"not_picked":["hexamod:BurningTouch","hexamod:RadiantFlame","hexamod:ThermalTransfer+1"],"picked":"SKIP","floor":19.0},{"not_picked":["hexamod:FastForward","hexamod:NightmareGuise"],"picked":"hexamod:VolcanoVisage","floor":20.0},{"not_picked":["hexamod:Hexaguard","hexamod:BacktrackSmack+1","hexamod:ChargedBarrage+1"],"picked":"SKIP","floor":21.0},{"not_picked":["hexamod:ThirdSeal","hexamod:GhostflameBarrier","hexamod:SpectralAdrenaline"],"picked":"SKIP","floor":22.0},{"not_picked":["hexamod:GhostflameBarrier","hexamod:GhostLash","hexamod:Hexaguard"],"picked":"SKIP","floor":26.0},{"not_picked":["hexamod:BacktrackSmack","hexamod:RadiantFlame","hexamod:BurningTouch"],"picked":"SKIP","floor":28.0},{"not_picked":["hexamod:HauntingEcho","hexamod:GhostShield","hexamod:HeatShield"],"picked":"SKIP","floor":31.0},{"not_picked":["hexamod:BurningTouch","hexamod:Hexaguard"],"picked":"hexamod:SoulSteal+1","floor":32.0},{"not_picked":["hexamod:VolcanoVisage","hexamod:UnleashSpirits"],"picked":"hexamod:WildfireWeapon","floor":33.0},{"not_picked":["hexamod:ShieldOfDarkness","hexamod:InspiringFlames+1","hexamod:ThermalTransfer"],"picked":"SKIP","floor":36.0},{"not_picked":["hexamod:BacktrackSmack","hexamod:SpectersWail","hexamod:StepThrough+1"],"picked":"SKIP","floor":37.0},{"not_picked":["hexamod:NightmareStrike","hexamod:Firestarter"],"picked":"hexamod:Hexaguard","floor":39.0},{"not_picked":["hexamod:SkipABeat+1","hexamod:ThirdSeal"],"picked":"hexamod:PhantomCloak+1","floor":40.0},{"not_picked":["hexamod:Firestarter+1","hexamod:NightmareGuise","hexamod:PhantomFireball+1"],"picked":"SKIP","floor":42.0},{"not_picked":["hexamod:SpectersWail+1","hexamod:UnleashSpirits"],"picked":"hexamod:Hexaguard+1","floor":44.0},{"not_picked":["hexamod:SpectersWail","hexamod:ThermalTransfer+1","hexamod:WildfireWeapon"],"picked":"SKIP","floor":46},{"not_picked":["hexamod:ThermalTransfer+1","hexamod:SpectersWail","hexamod:Haunt+1"],"picked":"SKIP","floor":48},{"not_picked":["hexamod:AdvancingGuard","hexamod:Haunt","hexamod:DynamicBlow"],"picked":"SKIP","floor":49},{"not_picked":["hexamod:AdvancingGuard","hexamod:Haunt","hexamod:DynamicBlow"],"picked":"SKIP","floor":49},{"not_picked":["hexamod:GhostOfSpirePast+1","hexamod:HeatShield","hexamod:Rewind"],"picked":"SKIP","floor":52}],"player_experience":19745,"relics_obtained":[{"floor":8.0,"key":"Happy Flower"},{"floor":13.0,"key":"Bag of Preparation"},{"floor":24.0,"key":"Dream Catcher"},{"floor":26.0,"key":"FossilizedHelix"},{"floor":40.0,"key":"Lizard Tail"},{"floor":41.0,"key":"Anchor"},{"floor":42.0,"key":"Boot"},{"floor":44.0,"key":"Whetstone"},{"floor":46,"key":"Nunchaku"},{"floor":48,"key":"Bird Faced Urn"},{"floor":52,"key":"hexamod:InflammatoryLetter"}],"event_choices":[{"cards_removed":["hexamod:Strike"],"damage_healed":0.0,"max_hp_gain":0.0,"max_hp_loss":0.0,"gold_gain":0.0,"event_name":"Bonfire Elementals","player_choice":"Offered Basic","floor":4.0,"gold_loss":0.0,"damage_taken":0.0},{"damage_healed":0.0,"max_hp_gain":5.0,"max_hp_loss":0.0,"gold_gain":0.0,"event_name":"Big Fish","player_choice":"Donut","floor":9.0,"gold_loss":0.0,"damage_taken":0.0}],"is_beta":false,"boss_relics":[{"not_picked":["Calling Bell","hexamod:UnbrokenSoul"],"picked":"bronze:MakeshiftBattery"},{"not_picked":["Runic Dome","SacredBark"],"picked":"Coffee Dripper"}],"items_purged_floors":[22,38,43,47],"is_endless":false,"potions_floor_spawned":[2,5,12,13,19,21,31,32,37,40,42,46,49],"killed_by":"downfall:NeowBoss","ascension_level":0}}