{"host":"urvvf8749ekcxo1a","time":1611366287,"event":{"mods":["AchievementEnabler","BaseMod","Better Sensory Stone","BetterRewards","Colored Powertips","Evolution","Gold Saver","Marisa????????","Minty Spire (QoL Compilation)","Quick Restart","StSLib","SuperFastMode","The Cursed","The Hierophant","The Saiyan","The Servant 0.9.4","The Wild Card"],"gold_per_floor":[1942,2017,1751,1751,1811,1811,1858,1705,1705,1735,1610,1688,1688,1739,1739,2024,2024,2072,1800,1800,1562,1562,1574,1664,1736,1748,1586,1586,1586,1473,1515,1515,1830,1830,1881,1881,1926,2076,2076,2076,2157,2259,2311,2365,2165,2027,2063,1836,1836,1836,1836,1836,1511,1601,1601],"floor_reached":56,"language":"ENG","playtime":1016,"items_purged":["Thunderclap","Defend_R","Defend_R","Defend_R","Defend_R","Writhe","Thunderclap","Burning Pact","Jack Of All Trades+1","Bash","Strike_R"],"score":1565,"play_id":"3fb1d590-9153-4867-bbc9-3fad805bfc94","local_time":"20210122204447","daily_mods":["Vintage","Heirloom","Time Dilation","Flight","Midas"],"is_ascension_mode":false,"campfire_choices":[{"floor":6,"key":"RECALL"},{"floor":13,"key":"REST"},{"floor":15,"key":"REST"},{"floor":23,"key":"REST"},{"floor":28,"key":"REST"},{"floor":32,"key":"REST"},{"floor":40,"key":"REST"},{"floor":49,"key":"REST"},{"floor":52,"key":"REST"}],"circlet_count":0,"master_deck":["Thunderclap+1","Strike_R+1","Flex+1","Feed","Clash","Finesse+1","Rage+1"],"relics":["Unceasing Top","EVO:Axolotl","Champion Belt","Calipers","Regal Pillow","StoneCalendar","Shuriken","Whetstone","Vajra","White Beast Statue","Gambling Chip","Turnip","Membership Card","MutagenicStrength","Lizard Tail","MawBank","Ice Cream","Meat on the Bone","Ornamental Fan","Lee\u0027s Waffle","Bottled Flame","Philosopher\u0027s Stone","Darkstone Periapt","Toy Ornithopter","Magic Flower","Singing Bowl","Omamori","Lantern","Blood Vial","War Paint","Sundial","Medical Kit","Kunai","Pen Nib"],"acts_visited":["Exordium","TheCity","TheBeyond","TheEnding"],"potions_floor_usage":[14,16,16,25,25,33,42,42,50,54,55,55],"damage_taken":[{"damage":4,"enemies":"Cultist","floor":1,"turns":3},{"damage":5,"enemies":"Small Slimes","floor":5,"turns":3},{"damage":8,"enemies":"Jaw Worm","floor":10,"turns":2},{"damage":17,"enemies":"3 Sentries","floor":12,"turns":6},{"damage":5,"enemies":"Exordium Thugs","floor":14,"turns":3},{"damage":37,"enemies":"Hexaghost","floor":16,"turns":6},{"damage":14,"enemies":"2 Thieves","floor":18,"turns":2},{"damage":50,"enemies":"Slavers","floor":24,"turns":5},{"damage":0,"enemies":"Spheric Guardian","floor":25,"turns":2},{"damage":2,"enemies":"Cultist and Chosen","floor":31,"turns":2},{"damage":8,"enemies":"Champ","floor":33,"turns":3},{"damage":0,"enemies":"3 Shapes","floor":35,"turns":1},{"damage":2,"enemies":"3 Darklings","floor":37,"turns":2},{"damage":0,"enemies":"Mind Bloom Boss Battle","floor":38,"turns":2},{"damage":35,"enemies":"Giant Head","floor":41,"turns":6},{"damage":0,"enemies":"Reptomancer","floor":42,"turns":1},{"damage":0,"enemies":"Spire Growth","floor":47,"turns":1},{"damage":19,"enemies":"Awakened One","floor":50,"turns":4},{"damage":0,"enemies":"Shield and Spear","floor":54,"turns":2},{"damage":0,"enemies":"The Heart","floor":55,"turns":4}],"seed_played":"-4368546638199049151","potions_obtained":[{"floor":5,"key":"AttackPotion"},{"floor":12,"key":"Block Potion"},{"floor":14,"key":"CultistPotion"},{"floor":16,"key":"DistilledChaos"},{"floor":18,"key":"Energy Potion"},{"floor":24,"key":"Fire Potion"},{"floor":25,"key":"Energy Potion"},{"floor":31,"key":"SpeedPotion"},{"floor":33,"key":"Weak Potion"},{"floor":35,"key":"AttackPotion"},{"floor":36,"key":"FairyPotion"},{"floor":42,"key":"PowerPotion"},{"floor":47,"key":"ElixirPotion"},{"floor":54,"key":"SpeedPotion"}],"is_trial":true,"path_per_floor":["M","?","$","?","M","R","T","$","T","M","$","E","R","M","R","B",null,"M","$","?","$","?","R","E","M","T","$","R","?","$","M","R","B",null,"M","?","M","?","?","R","E","E","T","T","$","$","M","$","R","B",null,"R","$","E","B",null],"character_chosen":"IRONCLAD","items_purchased":["Regal Pillow","Clash","Flex","Membership Card","Burning Pact","Lizard Tail","Lee\u0027s Waffle","War Paint","Medical Kit","Kunai","EssenceOfSteel"],"campfire_rested":8,"item_purchase_floors":[3,3,8,19,19,21,27,45,48,53,53],"current_hp_per_floor":[76,65,65,65,60,60,60,60,60,52,52,35,74,69,80,43,80,69,69,69,69,69,83,36,36,36,93,93,93,93,94,96,88,96,99,99,97,97,97,99,66,84,84,84,84,84,92,92,106,90,109,109,109,109,109],"gold":1601,"neow_bonus":"","is_daily":false,"chose_seed":false,"campfire_upgraded":0,"win_rate":0.0,"timestamp":1611366287,"path_taken":["M","?","$","?","?","R","?","?","T","M","$","E","R","?","R","BOSS","M","$","?","$","?","R","E","?","T","?","R","?","$","M","R","BOSS","M","?","?","?","?","R","E","E","T","?","$","$","?","?","R","BOSS","R","$","E","BOSS"],"items_purchased_type":["Relic","Card","Card","Relic","Card","Relic","Relic","Relic","Relic","Relic","Potion"],"build_version":"2020-12-22","purchased_purges":11,"victory":true,"max_hp_per_floor":[80,80,80,80,80,80,80,80,80,80,80,80,80,80,80,80,80,83,83,83,83,83,83,86,86,86,93,93,93,93,96,96,96,96,99,99,99,99,99,99,101,103,103,103,103,103,106,106,106,109,109,109,109,109,109],"card_choices":[{"not_picked":["Body Slam","Sentinel","Pommel Strike"],"picked":"SKIP","floor":12},{"not_picked":["Bludgeon","Offering"],"picked":"Feed","floor":16},{"not_picked":["Wild Strike+1","Power Through"],"picked":"Clash","floor":24},{"not_picked":["Mayhem","Master of Strategy"],"picked":"Jack Of All Trades","floor":39},{"not_picked":["Panacea","Madness"],"picked":"Finesse","floor":39},{"not_picked":["Metallicize","Armaments+1","Thunderclap+1"],"picked":"Singing Bowl","floor":41},{"not_picked":["Entrench+1","Clash","Ghostly Armor"],"picked":"Singing Bowl","floor":42},{"not_picked":["Shrug It Off","Clothesline+1"],"picked":"Rage+1","floor":54}],"player_experience":145861,"relics_obtained":[{"floor":1,"key":"Calipers"},{"floor":5,"key":"Shuriken"},{"floor":7,"key":"Whetstone"},{"floor":10,"key":"Vajra"},{"floor":12,"key":"White Beast Statue"},{"floor":14,"key":"Gambling Chip"},{"floor":18,"key":"Turnip"},{"floor":24,"key":"Ice Cream"},{"floor":25,"key":"Meat on the Bone"},{"floor":26,"key":"Ornamental Fan"},{"floor":31,"key":"Bottled Flame"},{"floor":35,"key":"Darkstone Periapt"},{"floor":37,"key":"Toy Ornithopter"},{"floor":38,"key":"Magic Flower"},{"floor":41,"key":"Singing Bowl"},{"floor":42,"key":"Omamori"},{"floor":43,"key":"Lantern"},{"floor":44,"key":"Blood Vial"},{"floor":47,"key":"Sundial"},{"floor":54,"key":"Pen Nib"}],"event_choices":[{"damage_healed":0,"gold_gain":75,"player_choice":"Gather Gold","damage_taken":11,"max_hp_gain":0,"max_hp_loss":0,"event_name":"World of Goop","floor":2,"gold_loss":0},{"cards_removed":["Clash"],"damage_healed":0,"gold_gain":0,"player_choice":"Gave Card","damage_taken":0,"relics_obtained":["StoneCalendar"],"max_hp_gain":0,"max_hp_loss":0,"event_name":"WeMeetAgain","floor":4,"gold_loss":0},{"damage_healed":0,"gold_gain":0,"player_choice":"Inject Mutagens","damage_taken":0,"relics_obtained":["MutagenicStrength"],"max_hp_gain":0,"max_hp_loss":0,"event_name":"Drug Dealer","floor":20,"gold_loss":0},{"damage_healed":0,"gold_gain":0,"player_choice":"Opened","damage_taken":0,"relics_obtained":["MawBank"],"max_hp_gain":0,"max_hp_loss":0,"event_name":"The Mausoleum","floor":22,"gold_loss":0,"cards_obtained":["Writhe"]},{"damage_healed":0,"gold_gain":0,"player_choice":"Forge","damage_taken":0,"max_hp_gain":0,"max_hp_loss":0,"event_name":"Accursed Blacksmith","floor":29,"gold_loss":0,"cards_upgraded":["Flex"]},{"damage_healed":0,"gold_gain":0,"player_choice":"Got Potions","damage_taken":0,"max_hp_gain":0,"max_hp_loss":0,"event_name":"Lab","floor":36,"gold_loss":0},{"damage_healed":0,"gold_gain":0,"player_choice":"Fight","damage_taken":0,"max_hp_gain":0,"max_hp_loss":0,"event_name":"MindBloom","floor":38,"gold_loss":0},{"damage_healed":0,"gold_gain":3,"player_choice":"1","damage_taken":0,"max_hp_gain":0,"max_hp_loss":0,"event_name":"betterStone:BetterStone","floor":39,"gold_loss":0}],"is_beta":false,"boss_relics":[{"not_picked":["Runic Dome","Runic Pyramid","Pandora\u0027s Box"]},{"not_picked":["Busted Crown","SacredBark"],"picked":"Philosopher\u0027s Stone"}],"items_purged_floors":[3,8,11,19,21,27,30,45,46,48,53],"is_endless":false,"potions_floor_spawned":[5,12,14,16,18,24,25,31,33,35,37,38,41,42,47,54],"ascension_level":0}}