{"host":"22ezjknwheybwqtz","time":1611394659,"event":{"mods":["BaseMod","Minty Spire (QoL Compilation)","Replay The Spire","Shop Mod","StSLib"],"gold_per_floor":[116,291,291,251,269,302,302,318,318,336,347,227,227,251,251,371,371,371,9,9,9,9,9,9,9,9,9,9,9,9,9,9,9,9,9,9,9,9,9,9,9,9,9,9,9,9,9,9,9,9],"floor_reached":49,"language":"ENG","playtime":3330,"items_purged":["Doubt","Strike_G"],"score":776,"play_id":"24de1672-0c5c-4ee1-bcab-d97205a105da","local_time":"20210123173739","is_ascension_mode":true,"campfire_choices":[{"data":"Cloak And Dagger","floor":7,"key":"SMITH"},{"floor":15,"key":"REST"},{"data":"Replay:Bag of Tricks","floor":23,"key":"SMITH"},{"data":"ReplayTheSpireMod:Scrap Shanks","floor":25,"key":"SMITH"},{"data":"Quick Slash","floor":27,"key":"SMITH"},{"data":"Quick Slash","floor":32,"key":"SMITH"},{"data":"Midas Touch","floor":42,"key":"SMITH"}],"circlet_count":0,"master_deck":["Strike_G","Strike_G+1","Defend_G","Defend_G+1","Survivor","Neutralize","Quick Slash+1","Cloak And Dagger+1","ReplayTheSpireMod:Scrap Shanks+1","Quick Slash+1","Backflip","Replay:Bag of Tricks+1","Voices","ReplayTheSpireMod:Scrap Shanks+1","Tools of the Trade","Hallucinations","Acrobatics+1","Cloak And Dagger+1","Quick Slash+1","Panache","Midas Touch+1","Regret","Storm of Steel","Doppelganger"],"relics":["Runic Pyramid","HornCleat","Paper Crane","Golden Idol","Replay:Grab Bag","Ectoplasm","Painkiller Herb","WristBlade","Kunai","Ring of Panic","Ring of Fangs","Replay:Mystery Machine","PreservedInsect","Kintsugi","Ornamental Fan","MawBank","Anchor","Gremlin Food"],"acts_visited":["Exordium","TheCity","TheBeyond"],"potions_floor_usage":[16,16,16,33,37,44,48,48,49,49],"damage_taken":[{"damage":7,"enemies":"2 Louse","floor":1,"turns":4},{"damage":0,"enemies":"Small Slimes","floor":5,"turns":3},{"damage":24,"enemies":"Lagavulin","floor":6,"turns":6},{"damage":0,"enemies":"Cultist","floor":8,"turns":4},{"damage":4,"enemies":"Lots of Slimes","floor":10,"turns":4},{"damage":7,"enemies":"Exordium Wildlife","floor":11,"turns":3},{"damage":2,"enemies":"Blue Slaver","floor":14,"turns":5},{"damage":43,"enemies":"Hexaghost","floor":16,"turns":15},{"damage":4,"enemies":"3 Byrds","floor":18,"turns":5},{"damage":0,"enemies":"Spheric Guardian","floor":22,"turns":3},{"damage":0,"enemies":"Snecko","floor":30,"turns":3},{"damage":6,"enemies":"Slavers","floor":31,"turns":7},{"damage":27,"enemies":"Pondfish","floor":33,"turns":9},{"damage":0,"enemies":"3 Shapes","floor":35,"turns":3},{"damage":16,"enemies":"3 Darklings","floor":37,"turns":5},{"damage":0,"enemies":"R_Hoarder","floor":40,"turns":4},{"damage":34,"enemies":"Nemesis","floor":44,"turns":3},{"damage":4,"enemies":"Transient","floor":45,"turns":5},{"damage":0,"enemies":"Giant Head","floor":48,"turns":4},{"damage":6,"enemies":"Maw","floor":49,"turns":4}],"seed_played":"-9157920068592004599","potions_obtained":[{"floor":4,"key":"Dexterity Potion"},{"floor":4,"key":"Swift Potion"},{"floor":4,"key":"Regen Potion"},{"floor":5,"key":"LifebloodPotion"},{"floor":6,"key":"DuplicationPotion"},{"floor":30,"key":"Weak Potion"},{"floor":31,"key":"Cursed Concoction"},{"floor":33,"key":"Fruit Juice"},{"floor":37,"key":"Milkshake"},{"floor":40,"key":"FearPotion"},{"floor":44,"key":"Strength Potion"},{"floor":48,"key":"PowerPotion"}],"is_trial":false,"path_per_floor":["M","?","?","?","M","E","R","M","T","M","M","$","?","M","R","B",null,"?","T","?","T","?","T","T","T","T","T","?","?","?","E","T","B",null,"?","?","?","?","T","E","?","T","T","E","?","PTL","PTL","E","?"],"character_chosen":"THE_SILENT","items_purchased":["Backflip","Kunai"],"campfire_rested":1,"item_purchase_floors":[12,19],"current_hp_per_floor":[63,63,49,49,49,25,25,25,25,21,14,14,14,12,31,3,65,61,61,61,61,61,61,61,61,61,61,61,61,61,55,55,28,65,65,65,54,44,44,44,44,44,44,10,6,6,6,6,0,0],"gold":9,"neow_bonus":"BOSS_RELIC","is_daily":false,"chose_seed":false,"campfire_upgraded":6,"win_rate":0.0,"timestamp":1611394659,"path_taken":["M","?","?","?","M","E","R","M","T","M","?","?","?","M","R","BOSS","?","T","?","T","?","T","T","T","T","T","?","?","?","E","T","BOSS","?","?","?","?","T","E","?","T","T","E","?","PTL","PTL","E","?"],"items_purchased_type":["Card","Relic"],"build_version":"2020-12-22","purchased_purges":2,"victory":false,"max_hp_per_floor":[70,70,70,70,70,70,70,70,70,70,70,70,65,65,65,65,65,65,65,65,65,65,65,65,65,65,65,65,65,65,65,65,65,65,65,65,70,70,70,70,70,70,70,70,70,70,70,70,70,70],"card_choices":[{"not_picked":["Quick Slash","Dodge and Roll"],"picked":"Deadly Poison","floor":1},{"not_picked":["Backstab","Flying Knee"],"picked":"Quick Slash","floor":5},{"not_picked":["Escape Plan","Outmaneuver"],"picked":"Cloak And Dagger","floor":6},{"not_picked":["Footwork","Caltrops","Terror"],"picked":"SKIP","floor":8},{"not_picked":["Backstab","Escape Plan"],"picked":"ReplayTheSpireMod:Scrap Shanks","floor":10},{"not_picked":["Poisoned Stab","Riddle With Holes"],"picked":"Quick Slash","floor":11},{"not_picked":["Leg Sweep","Noxious Fumes","Slice"],"picked":"SKIP","floor":14},{"not_picked":["Poison Darts","Phantasmal Killer"],"picked":"Replay:Bag of Tricks","floor":16},{"not_picked":["Flying Knee","Draining Mist","Noxious Fumes+1"],"picked":"SKIP","floor":18},{"not_picked":["Fluid Movement","Dagger Throw","Acrobatics"],"picked":"SKIP","floor":22},{"not_picked":["Poisoned Stab","Expertise","Deflect"],"picked":"SKIP","floor":30},{"not_picked":["Slice+1","Backflip"],"picked":"ReplayTheSpireMod:Scrap Shanks+1","floor":31},{"not_picked":["Venomology","Adrenaline"],"picked":"Tools of the Trade","floor":33},{"not_picked":["Deflect","Fluid Movement"],"picked":"Acrobatics+1","floor":35},{"not_picked":["Expertise","ReplayTheSpireMod:The Works+1"],"picked":"Quick Slash+1","floor":37},{"not_picked":["Enlightenment","ReplayTheSpireMod:Trickstab"],"picked":"Panache","floor":38},{"not_picked":["Sadistic Nature","ReplayTheSpireMod:Brewmster"],"picked":"Midas Touch","floor":38},{"not_picked":["Deadly Poison+1","Dagger Spray+1","Footwork"],"picked":"SKIP","floor":40},{"not_picked":["Malaise","Flying Knee+1"],"picked":"Storm of Steel","floor":44},{"not_picked":["Sucker Punch+1","Dodge and Roll","Acrobatics"],"picked":"SKIP","floor":45},{"not_picked":["PiercingWail","Poisoned Stab+1"],"picked":"Doppelganger","floor":48}],"player_experience":70059,"relics_obtained":[{"floor":6,"key":"HornCleat"},{"floor":9,"key":"Paper Crane"},{"floor":28,"key":"Ring of Panic"},{"floor":28,"key":"Ring of Fangs"},{"floor":31,"key":"PreservedInsect"},{"floor":40,"key":"Ornamental Fan"},{"floor":43,"key":"MawBank"},{"floor":44,"key":"Anchor"},{"floor":48,"key":"Gremlin Food"}],"event_choices":[{"damage_healed":0,"gold_gain":175,"player_choice":"AGREE","damage_taken":0,"max_hp_gain":0,"max_hp_loss":0,"event_name":"Liars Game","floor":2,"gold_loss":0,"cards_obtained":["Doubt"]},{"damage_healed":0,"gold_gain":0,"player_choice":"Entered Light","damage_taken":14,"max_hp_gain":0,"max_hp_loss":0,"event_name":"Shining Light","floor":3,"gold_loss":0,"cards_upgraded":["Strike_G","Defend_G"]},{"damage_healed":0,"gold_gain":0,"player_choice":"Bought 3 Potions","damage_taken":0,"max_hp_gain":0,"max_hp_loss":0,"event_name":"The Woman in Blue","floor":4,"gold_loss":0},{"damage_healed":0,"gold_gain":0,"player_choice":"Lose Max HP","damage_taken":0,"relics_obtained":["Golden Idol"],"max_hp_gain":0,"max_hp_loss":5,"event_name":"Golden Idol","floor":13,"gold_loss":0},{"cards_removed":["Strike_G"],"damage_healed":0,"gold_gain":0,"player_choice":"Elegance","damage_taken":0,"max_hp_gain":0,"max_hp_loss":0,"event_name":"Back to Basics","floor":20,"gold_loss":0},{"cards_removed":["Deadly Poison"],"damage_healed":0,"gold_gain":0,"player_choice":"Gave Card","damage_taken":0,"relics_obtained":["Replay:Mystery Machine"],"max_hp_gain":0,"max_hp_loss":0,"event_name":"WeMeetAgain","floor":29,"gold_loss":0},{"damage_healed":0,"gold_gain":0,"player_choice":"Copied","damage_taken":0,"max_hp_gain":0,"max_hp_loss":0,"event_name":"Duplicator","floor":36,"gold_loss":0,"cards_obtained":["Cloak And Dagger"]},{"damage_healed":0,"gold_gain":0,"player_choice":"Memory 3","damage_taken":10,"max_hp_gain":0,"max_hp_loss":0,"event_name":"SensoryStone","floor":38,"gold_loss":0},{"damage_healed":0,"gold_gain":0,"cards_transformed":["Looming Evil"],"player_choice":"Transformed","damage_taken":0,"max_hp_gain":0,"max_hp_loss":0,"event_name":"Transmorgrifier","floor":41,"gold_loss":0,"cards_obtained":["Regret"]}],"is_beta":false,"boss_relics":[{"not_picked":["Empty Cage","Runic Dome"],"picked":"Replay:Grab Bag"},{"not_picked":["ReplayTheSpireMod:Onyx Gauntlets","Philosopher\u0027s Stone"],"picked":"Ectoplasm"},{"not_picked":["Cursed Key","Sozu"],"picked":"Painkiller Herb"},{"not_picked":["Astrolabe","Calling Bell"],"picked":"WristBlade"},{"not_picked":["Snecko Eye","Ring of Chaos"],"picked":"Kintsugi"}],"items_purged_floors":[12,19],"is_endless":false,"potions_floor_spawned":[5,6,8,14,30,31,33,37,40,44,48],"killed_by":"Maw","ascension_level":1}}