{"host":"jfbo3eu2ui08ej1u","time":1611382543,"event":{"mods":["2.2 Compatiblity","AchievementEnabler","Act Like it!","Aspiration","BaseMod","Better Altar","Better Match","Better Note","Better Sensory Stone","Better Skull","Better Third Choice","Block Reminder","Colored Map","Colored Powertips","Conspire","DeckTracker","Displayed Cursed Tome","Energized Spire","Fox Events","GifTheSpireLib","Hubris","Infinite Spire","Marked Mod","Minty Spire (QoL Compilation)","Pale of the Ancients","Poor People Problems","Quick Restart","Relic Filter","Reorder Act Four","Replay The Spire","Shop Mod","Spicy Shops","Spire Arcade","StSLib","Stuff the Spire","The Blue Laboratory","The Disciple","The Forsaken","The Hierophant","The Marked","Uncapped","Unceasing Turn Reminder","Wandering Minibosses"],"gold_per_floor":[111,111,129,129,129,129,161,161,187,187,187],"floor_reached":10,"language":"ENG","playtime":239,"items_purged":[],"score":128,"play_id":"d87b6f80-eabe-4ffc-98a9-beeee1f57139","local_time":"20210123011543","is_ascension_mode":true,"campfire_choices":[{"floor":6,"key":"REST"},{"floor":8,"key":"REST"}],"circlet_count":0,"master_deck":["AscendersBane","Strike_P","Strike_P","Strike_P","Strike_P","Defend_P","Defend_P+1","Defend_P","Defend_P","Eruption+1","Vigilance","TalkToTheHand","PathToVictory","Replay:DivineShield"],"relics":["PureWater","Blood Vial","Mummified Hand","Regal Pillow"],"acts_visited":["Exordium"],"potions_floor_usage":[7,7],"damage_taken":[{"damage":9,"enemies":"Jaw Worm","floor":1,"turns":7},{"damage":4,"enemies":"2 Louse","floor":3,"turns":2},{"damage":41,"enemies":"3 Sentries","floor":7,"turns":7},{"damage":27,"enemies":"Lagavulin","floor":10,"turns":8}],"seed_played":"-8770159628808432229","potions_obtained":[{"floor":1,"key":"Explosive Potion"},{"floor":3,"key":"blueLaboratory:AlphaPotion"}],"is_trial":false,"path_per_floor":["M","?","M","?","?","R","E","R","T","E"],"character_chosen":"WATCHER","items_purchased":[],"campfire_rested":2,"item_purchase_floors":[],"current_hp_per_floor":[58,58,54,19,19,41,2,24,24,0,0],"gold":187,"neow_bonus":"TEN_PERCENT_HP_BONUS","is_daily":false,"chose_seed":false,"campfire_upgraded":0,"win_rate":0.0,"timestamp":1611382543,"path_taken":["M","?","M","?","?","R","E","R","T","E"],"items_purchased_type":[],"build_version":"2020-12-22","purchased_purges":0,"victory":false,"max_hp_per_floor":[74,74,74,74,74,74,74,74,74,74,74],"card_choices":[{"not_picked":["Halt","MarkedMod:Acupuncture"],"picked":"TalkToTheHand","floor":1},{"not_picked":["EmptyBody","Tantrum"],"picked":"PathToVictory","floor":3},{"not_picked":["ClearTheMind","FlyingSleeves"],"picked":"Replay:DivineShield","floor":7}],"player_experience":1216146,"relics_obtained":[{"floor":7,"key":"Mummified Hand"},{"floor":9,"key":"Regal Pillow"}],"event_choices":[{"damage_healed":0,"gold_gain":0,"player_choice":"Grow","damage_taken":0,"max_hp_gain":0,"max_hp_loss":0,"event_name":"Living Wall","floor":2,"gold_loss":0,"cards_upgraded":["Eruption"]},{"damage_healed":0,"gold_gain":0,"player_choice":"Relic ","damage_taken":35,"max_hp_gain":0,"max_hp_loss":0,"event_name":"betterThird:BetterScrap","floor":4,"gold_loss":0,"cards_obtained":["Inflame"]}],"is_beta":false,"boss_relics":[],"items_purged_floors":[],"is_endless":false,"potions_floor_spawned":[1,3],"killed_by":"Lagavulin","ascension_level":20}}