{"host":"20e88t9rzopateec","time":1611416534,"event":{"mods":["ATMod(°¢èªMod)","Aspiration","BaseMod","Colored Map","Dota2Spire","Downfall","Marked Mod","Minty Spire (QoL Compilation)","MostiFishMod","Quick Restart","Replay The Spire","Shop Mod","Spicy Shops","StSLib","noobMod","¡¾ÒÅÎï¿¨ÅÆ¡¿REMEMod","óô»ðÖ¸ÄÏ"],"gold_per_floor":[6782,6782,6782,6782,6795,6808,6808,6840,5997,5997,5997,4891,4928,4952,4972,5087,5087,4209,4235,4235,4259,4287,3667,3667,3594,3623,2694,2736,2338,2376,2376,2403,2522,2522,1981,1998,2031,2056,2056,2101,2101,2156,1671,1690,1738,1772,1772,1772,1796,1818,1818,1870,1424,952,984,1012],"floor_reached":57,"language":"ZHS","playtime":1916,"items_purged":["champ:Strike+1","champ:Defend+1","champ:Strike+1","champ:Defend+1","champ:GutPunch+1"],"score":1758,"play_id":"be70e29a-245b-412a-897c-8283b8296151","local_time":"20210123234214","is_ascension_mode":false,"campfire_choices":[{"floor":10,"key":"RECALL"}],"circlet_count":0,"master_deck":["champ:Execute+1","champ:Taunt+1","Seek+1","champ:Shatter+1","champ:GladiatorStyle+1","expansioncontent:StudyTheSpire+1","champ:CrownThrow+1","champ:CrookedStrike+1","champ:FocusedBerserking+1","champ:HeavySlash+1","champ:FanOfKnives+1","champ:RecklessLeap+1","champ:RecklessLeap+1","champ:DefensiveShout+1","expansioncontent:DashGenerateEvil+1"],"relics":["champ:ChampionCrown","AT_ATBox","DaveBox","REME_ComplimentaryCards","ice","Frozen Egg 2","Molten Egg 2","Toxic Egg 2","SynthV:MejaisSoulstealer","downfall:HeartsMalice","TheAbacus","Omamori","aspiration:HummingbirdHeart","Dota2Spire:PhaseBoots","Tiny Chest","MerchantsRug","Counterbalance","Onion Ring","MostiFishMod:AdaptiveDefenses","Lee\u0027s Waffle","ReplayTheSpireMod:Lightbulb","Replay:Rubber Ducky","Replay:Bandana","downfall:HeartBlessingRed","downfall:HeartBlessingGreen","Sling","Vajra","Anchor","Shuriken","Oddly Smooth Stone","REME_LowDesire","Smiling Mask","AT_RedTearstoneRing","Civilization","Nunchaku","Question Card","Singing Bowl","Pet Ghost","BargainBundle","Replay:WaspNest","Dota2Spire:BattleFury","Bottled Tornado","OrangePellets","downfall:HeartBlessingBlue","REME_LimitBreaker","AT_RedNoBalance","aspiration:FetidBarrel","Ancient Tea Set","Dota2Spire:BladeMail","Dota2Spire:AghanimScepter","aspiration:ChemicalBlood","Lizard Tail","downfall:KnowingSkull","Membership Card","Sundial","Bronze Scales","Bottled Flame","Bag of Marbles","Gremlin Horn","Mercury Hourglass","Dota2Spire:AssaultCuirass","aspiration:FrozenJewel","Boot","Blue Doll","Dodecahedron","TimeFreeze","Dota2Spire:LinkenSphere","Replay:Bottled Snecko","Replay:Wax Seal","BrkXgEgg","champ:BerserkersGuideToSlaughter","Toy Ornithopter","champ:DefensiveTrainingManual","Dota2Spire:HeartOfTarrasque","Strawberry","Bag of Preparation","REME_HourglassOfDeath","Replay:Mystery Machine","AT_SilvercatRing","ChiLing","Chi","Ling"],"acts_visited":["Exordium","TheCity","TheBeyond","TheEnding"],"potions_floor_usage":[33,55,55],"damage_taken":[{"damage":0,"enemies":"2 Louse","floor":2,"turns":1},{"damage":0,"enemies":"Small Slimes","floor":3,"turns":1},{"damage":0,"enemies":"Jaw Worm","floor":4,"turns":1},{"damage":0,"enemies":"3 Louse","floor":5,"turns":1},{"damage":16,"enemies":"Blue Slaver","floor":6,"turns":2},{"damage":35,"enemies":"Gremlin Nob","floor":8,"turns":2},{"damage":30,"enemies":"downfall:FleeingMerchant","floor":9,"turns":4},{"damage":0,"enemies":"Lagavulin","floor":13,"turns":1},{"damage":0,"enemies":"2 Fungi Beasts","floor":14,"turns":2},{"damage":10,"enemies":"Red Slaver","floor":15,"turns":1},{"damage":10,"enemies":"WA_ARCHETYPE_RETAIN","floor":16,"turns":2},{"damage":0,"enemies":"Chosen","floor":19,"turns":2},{"damage":10,"enemies":"Spheric Guardian","floor":21,"turns":1},{"damage":20,"enemies":"Centurion and Healer","floor":22,"turns":1},{"damage":20,"enemies":"downfall:FleeingMerchant","floor":23,"turns":2},{"damage":30,"enemies":"Chosen and Byrds","floor":26,"turns":2},{"damage":0,"enemies":"Slavers","floor":28,"turns":2},{"damage":5,"enemies":"REME_1_Revenger","floor":30,"turns":2},{"damage":1,"enemies":"Snake Plant","floor":32,"turns":1},{"damage":0,"enemies":"DF_ARCHETYPE_CLAW","floor":33,"turns":3},{"damage":0,"enemies":"3 Shapes","floor":36,"turns":1},{"damage":0,"enemies":"3 Darklings","floor":37,"turns":1},{"damage":10,"enemies":"R_Hoarder","floor":40,"turns":3},{"damage":0,"enemies":"2 Orb Walkers","floor":42,"turns":1},{"damage":0,"enemies":"Sphere and 2 Shapes","floor":44,"turns":1},{"damage":20,"enemies":"Giant Head","floor":45,"turns":2},{"damage":10,"enemies":"Maw","floor":46,"turns":2},{"damage":0,"enemies":"4 Shapes","floor":49,"turns":1},{"damage":5,"enemies":"IC_BLOCK_ARCHETYPE","floor":50,"turns":2},{"damage":21,"enemies":"downfall:CharBossMerchant","floor":52,"turns":3},{"damage":22,"enemies":"downfall:NeowBoss","floor":55,"turns":4},{"damage":43,"enemies":"downfall:NeowBossFinal","floor":56,"turns":4}],"seed_played":"1192416442204544512","potions_obtained":[],"is_trial":false,"path_per_floor":["R_BF","M","M","M","M","M","T","E","$","R","?","R","E","M","M","B",null,"R_BF","M","?","M","M","$","T","$","M","R","E","$","E","?","M","B",null,"R","M","M","T","?","E","T","?","?","M","E","M","T","?","M","B",null,"E","$","R","B","B",null],"character_chosen":"THE_CHAMP","items_purchased":["TheAbacus","Omamori","aspiration:HummingbirdHeart","Dota2Spire:PhaseBoots","Tiny Chest","champ:Shatter+1","champ:GladiatorStyle+1","champ:UltimateStancePotion","champ:CounterPotion","champ:CounterPotion","MerchantsRug","expansioncontent:StudyTheSpire","MostiFishMod:AdaptiveDefenses","Lee\u0027s Waffle","ReplayTheSpireMod:Lightbulb","Replay:Rubber Ducky","champ:FanOfKnives+1","Sling","Vajra","Anchor","Shuriken","champ:RecklessLeap+1","Civilization","Nunchaku","Question Card","Singing Bowl","Pet Ghost","BargainBundle","Replay:WaspNest","Dota2Spire:BattleFury","Bottled Tornado","OrangePellets","REME_LimitBreaker","AT_SilverBalance","aspiration:FetidBarrel","Ancient Tea Set","Dota2Spire:AghanimScepter","aspiration:ChemicalBlood","Membership Card","Sundial","Bronze Scales","expansioncontent:DashGenerateEvil","Bottled Flame","aspiration:FrozenJewel","Boot","Blue Doll","Dodecahedron","TimeFreeze","BrkXgEgg","champ:BerserkersGuideToSlaughter","Toy Ornithopter","champ:DefensiveTrainingManual","Dota2Spire:HeartOfTarrasque","Strawberry","Bag of Preparation","REME_HourglassOfDeath","Replay:Mystery Machine","AT_SilvercatRing","ChiLing"],"campfire_rested":0,"item_purchase_floors":[1,1,1,1,1,1,1,1,1,1,1,1,9,9,9,9,9,12,12,12,12,12,18,18,18,18,18,23,23,23,23,25,27,27,27,27,29,29,35,35,35,35,35,43,43,43,43,43,53,53,53,53,53,53,54,54,54,54,54],"current_hp_per_floor":[90,90,90,90,90,84,84,84,97,97,79,79,79,79,97,97,97,97,98,98,102,108,115,115,115,122,132,73,73,80,71,77,84,160,160,167,174,174,176,183,183,190,190,197,204,211,211,211,218,223,223,229,244,244,250,255],"gold":1012,"neow_bonus":"THREE_ENEMY_KILL","is_daily":false,"chose_seed":false,"campfire_upgraded":0,"win_rate":0.0,"timestamp":1611416534,"path_taken":["R_BF","M","M","M","M","M","T","E","$","R","?","R","E","M","M","BOSS","R_BF","M","?","M","M","$","T","$","M","R","E","$","E","?","M","BOSS","R","M","M","?","?","E","T","?","?","M","E","M","?","?","M","BOSS","E","$","R","BOSS","BOSS"],"items_purchased_type":["Relic","Relic","Relic","Relic","Relic","Card","Card","Potion","Potion","Potion","Relic","Card","Relic","Relic","Relic","Relic","Card","Relic","Relic","Relic","Relic","Card","Relic","Relic","Relic","Relic","Relic","Relic","Relic","Relic","Relic","Relic","Relic","Relic","Relic","Relic","Relic","Relic","Relic","Relic","Relic","Card","Relic","Relic","Relic","Relic","Relic","Relic","Relic","Relic","Relic","Relic","Relic","Relic","Relic","Relic","Relic","Relic","Relic"],"build_version":"2020-12-22","purchased_purges":5,"victory":true,"max_hp_per_floor":[90,90,90,90,90,90,90,90,97,97,97,97,97,97,97,97,97,97,98,98,102,108,115,115,115,122,132,139,139,146,146,153,160,160,160,167,174,174,176,183,183,190,190,197,204,211,211,211,218,223,223,230,245,245,250,255],"card_choices":[{"not_picked":["champ:FlashCut+1","champ:BladeFlurry+1"],"picked":"champ:GutPunch+1","floor":2},{"not_picked":["champ:PerfectedStrike+1","champ:LastStand+1"],"picked":"champ:CrownThrow+1","floor":3},{"not_picked":["champ:SkillfulDodge+1","champ:FlashCut+1","champ:PerfectedStrike+1"],"picked":"SKIP","floor":4},{"not_picked":["champ:RisingSlash+1","champ:PreciseThrust+1"],"picked":"champ:CrookedStrike+1","floor":5},{"not_picked":["champ:CrookedStrike+1","champ:CrownThrow+1","champ:GutPunch+1"],"picked":"SKIP","floor":6},{"not_picked":["champ:TornadoPunch+1","champ:Circumvent+1"],"picked":"champ:FocusedBerserking+1","floor":8},{"not_picked":["champ:AdrenalArmor+1","champ:BerserkersShout+1"],"picked":"champ:HeavySlash+1","floor":9},{"not_picked":["champ:SwordThrow+1","champ:BerserkersShout+1","champ:Circumvent+1"],"picked":"SKIP","floor":13},{"not_picked":["champ:Shatter+1","champ:FocusedDefense+1","champ:FanOfKnives+1"],"picked":"SKIP","floor":14},{"not_picked":["champ:FocusedDefense+1","champ:RecklessLeap+1","champ:Lariat+1"],"picked":"SKIP","floor":15},{"not_picked":["champ:Encircle+1","champ:GutPunch+1","champ:GladiatorStyle+1","Apotheosis+1"],"picked":"champ:DefensiveShout+1","floor":19},{"not_picked":["champ:CrownThrow+1","champ:SkillfulDodge+1","champ:PreemptiveStrike+1","champ:EnGarde+1","MostiFishMod:PerfectForm+1"],"picked":"Singing Bowl","floor":21},{"not_picked":["champ:CrookedStrike+1","champ:FlashCut+1","champ:CrownThrow+1","champ:FalseCounter+1","ReplayUltimateDefense+1"],"picked":"Singing Bowl","floor":22},{"not_picked":["champ:BerserkersShout+1","champ:AdrenalArmor+1","champ:SkillfulDodge+1","champ:FlashCut+1","REME_AllRoundStrike+1"],"picked":"Singing Bowl","floor":23},{"not_picked":["champ:Circumvent+1","champ:RecklessLeap+1","champ:GutPunch+1","champ:GladiatorForm+1","REME_EyeOfCthun+1"],"picked":"Singing Bowl","floor":26},{"not_picked":["champ:CrownThrow+1","champ:FanOfKnives+1","champ:CrookedStrike+1","champ:PreemptiveStrike+1","REME_BattleFury+1"],"picked":"Singing Bowl","floor":28},{"not_picked":["champ:BerserkersShout+1","champ:Lariat+1","champ:FanOfKnives+1","champ:StanceDance+1","Finesse+1"],"picked":"Singing Bowl","floor":30},{"not_picked":["champ:FlashCut+1","champ:TornadoPunch+1","champ:BerserkersShout+1","champ:Shatter+1","MostiFishMod:ButterFly+1"],"picked":"Singing Bowl","floor":32},{"not_picked":["champ:HoldFirm+1","champ:ShieldThrow+1","champ:DancingMaster+1","champ:CheapShot+1","Replay:BasicMightCard+1"],"picked":"Singing Bowl","floor":33},{"not_picked":["champ:BerserkersShout+1","champ:Backstep+1","champ:TornadoPunch+1","champ:PreciseThrust+1","Blind+1"],"picked":"Singing Bowl","floor":36},{"not_picked":["champ:ShieldWall+1","champ:EnragedBash+1","champ:AdrenalArmor+1","champ:CrookedStrike+1","Jack Of All Trades+1"],"picked":"Singing Bowl","floor":37},{"not_picked":["expansioncontent:PrepareCrush+1","Replay:SS_forest_2+1","expansioncontent:HyperBeam+1","expansioncontent:PolyBeam+1"],"picked":"Singing Bowl","floor":39},{"not_picked":["champ:GutPunch+1","champ:BerserkersShout+1","champ:VampiricStrike+1","champ:Duel+1","Violence+1"],"picked":"Singing Bowl","floor":40},{"not_picked":["champ:PreciseThrust+1","champ:Backstep+1","champ:EndlessRage+1","champ:TornadoPunch+1","Mayhem+1"],"picked":"Singing Bowl","floor":42},{"not_picked":["champ:EnGarde+1","champ:TornadoPunch+1","champ:DancingMaster+1","champ:DefensiveShout+1","Replay:BasicMightCard+1"],"picked":"Singing Bowl","floor":44},{"not_picked":["champ:StanceDance+1","champ:HeavySlash+1","champ:Backstep+1","champ:AdrenalArmor+1","MostiFishMod:StoryBook+1"],"picked":"Singing Bowl","floor":45},{"not_picked":["champ:StanceDance+1","champ:TornadoPunch+1","champ:Endure+1","champ:Haymaker+1","Replay:Sssssssssstrike+1"],"picked":"Singing Bowl","floor":46},{"not_picked":["champ:PreemptiveStrike+1","champ:TornadoPunch+1","champ:LastStand+1","champ:BerserkersShout+1","MostiFishMod:SupremeArchaeology+1"],"picked":"Singing Bowl","floor":49},{"not_picked":["champ:Circumvent+1","champ:CrookedStrike+1","champ:EndlessRage+1","champ:SetATrap+1","AT_TearsDenial+1"],"picked":"Singing Bowl","floor":52}],"player_experience":286034,"relics_obtained":[{"floor":7,"key":"Counterbalance"},{"floor":8,"key":"Onion Ring"},{"floor":13,"key":"Oddly Smooth Stone"},{"floor":17,"key":"Smiling Mask"},{"floor":17,"key":"AT_RedTearstoneRing"},{"floor":28,"key":"Dota2Spire:BladeMail"},{"floor":30,"key":"Lizard Tail"},{"floor":38,"key":"Bag of Marbles"},{"floor":40,"key":"Gremlin Horn"},{"floor":41,"key":"Mercury Hourglass"},{"floor":42,"key":"Dota2Spire:AssaultCuirass"},{"floor":45,"key":"Dota2Spire:LinkenSphere"},{"floor":47,"key":"Replay:Bottled Snecko"},{"floor":52,"key":"Replay:Wax Seal"}],"event_choices":[{"damage_healed":0,"gold_gain":0,"player_choice":"Success","damage_taken":18,"relics_obtained":["Replay:Bandana"],"max_hp_gain":0,"max_hp_loss":0,"event_name":"Scrap Ooze","floor":11,"gold_loss":0},{"damage_healed":0,"gold_gain":0,"player_choice":"Fight","damage_taken":0,"max_hp_gain":0,"max_hp_loss":0,"event_name":"Mysterious Sphere","floor":42,"gold_loss":0}],"is_beta":false,"boss_relics":[{"not_picked":["Transparent","TakeMeEscape"],"picked":"REME_LowDesire"},{"not_picked":["REME_DemonsWealth","Busted Crown","Runic Pyramid"]}],"items_purged_floors":[1,1,9,12,43],"is_endless":false,"potions_floor_spawned":[5,6,8,14,19,21,26,33,36,37,40,49],"ascension_level":0}}