{"host":"3j2m8n0ywf988fwb","time":1611440541,"event":{"mods":["2.2 Compatiblity","AchievementEnabler","Act Like it!","Aspiration","Astrologer","BaseMod","Beaked The Cultist","Better Altar","Better Match","Better Note","Better Sensory Stone","Better Skull","Better Third Choice","CCEM","ChefMod","Colored Map","Colored Powertips","Conspire","Dark Map","Energized Spire","Evolution","Fireblade Mod","GifTheSpireLib","Googly Eyes","Halation","Hallownest","Highlight Path","Hubris","Infinite Spire","Jedi Mod","Marisa????????","Marked Mod","Mimic Mod","Minty Spire (QoL Compilation)","Random Character Button","Relic Stats","Replay The Spire","Robot Space Explorer","Shop Mod","Somnambulant","Spire Arcade","StSLib","Stuff the Spire","The Bug Knight","The Hierophant","The Marked","The Runesmith","TheFirefly","Unceasing Turn Reminder","everything is the same but u backflip on backflip"],"gold_per_floor":[118,118,118,118,133,150,160,160,160,160,160,175,175,201,219,251,251,350,350,370,420,434,434,533,561,574,587,610,610,473,486,486,521,521,618,618,637,637,637,637,386,430,430,430,430,446,373,273,289,289],"floor_reached":49,"language":"ENG","playtime":2729,"items_purged":["Decay","CommonCold","chefmod:Strike"],"score":586,"play_id":"f2075d00-aaca-423f-8b0c-ab7fb63efdb7","local_time":"20210123162221","is_ascension_mode":false,"campfire_choices":[{"data":"chefmod:Cleavers","floor":8,"key":"SMITH"},{"data":"chefmod:TodaysSpecial","floor":10,"key":"SMITH"},{"data":"chefmod:NoSoupForYou","floor":17,"key":"SMITH"},{"floor":29,"key":"REST"},{"data":"chefmod:BananaSplit","floor":34,"key":"SMITH"},{"data":"chefmod:CandyBowl","floor":44,"key":"SMITH"}],"circlet_count":0,"master_deck":["chefmod:FireUp","chefmod:Strike","chefmod:QuickThaw","chefmod:Defend","chefmod:Defend","chefmod:Defend","chefmod:TodaysSpecial+1","chefmod:Defrost","chefmod:Sorbet","chefmod:NoSoupForYou+1","chefmod:ColdSteel","chefmod:Leftovers","chefmod:Granita","chefmod:BananaSplit+1","chefmod:NewMenu","chefmod:NewMenu+1","chefmod:CandyBowl","chefmod:FiveAlarmChili","chefmod:CandyBowl+1","chefmod:Strike","hubris:Compulsion"],"relics":["chefmod:TrustyPot","EVO:Axolotl","hubris:OldNail","ReplayTheSpireMod:Shallot","StuffTheSpire:Rhapsscallions","hubris:MedicalManual","Prayer Wheel","infinitespire:Cupcake","Ring of Panic","Ring of Greed","Membership Card","MealTicket","aspiration:SeaSaltIceCream","HornCleat","Vajra","halation:PromiseList","hubris:PeanutButter","Lantern","energizedSpire:SpiderWeb","conspire:SlowCooker","CCEMRelics:FryingPan","Bottled Lightning","halation:IllGainedPizza","StuffTheSpire:Mouthbags","hubris:DeckOfHolding","MerchantsRug"],"acts_visited":["Exordium","TheCity","TheBeyond"],"potions_floor_usage":[20,35],"damage_taken":[{"damage":0,"enemies":"Small Slimes","floor":1,"turns":2},{"damage":0,"enemies":"Cultist","floor":5,"turns":3},{"damage":0,"enemies":"Jaw Worm","floor":6,"turns":6},{"damage":9,"enemies":"2 Fungi Beasts","floor":7,"turns":3},{"damage":0,"enemies":"Looter","floor":12,"turns":3},{"damage":16,"enemies":"Gremlin Nob","floor":14,"turns":4},{"damage":10,"enemies":"Large Slime","floor":15,"turns":5},{"damage":5,"enemies":"3 Sentries","floor":16,"turns":4},{"damage":11,"enemies":"Hexaghost","floor":18,"turns":10},{"damage":1,"enemies":"2 Thieves","floor":20,"turns":5},{"damage":12,"enemies":"Shell Parasite","floor":22,"turns":4},{"damage":32,"enemies":"Nightmare","floor":25,"turns":9},{"damage":6,"enemies":"Shelled Parasite and Fungi","floor":26,"turns":4},{"damage":19,"enemies":"Centurion and Healer","floor":27,"turns":7},{"damage":0,"enemies":"Snecko","floor":31,"turns":6},{"damage":0,"enemies":"conspire:Head Lice","floor":33,"turns":6},{"damage":31,"enemies":"hubris:MusketHawk","floor":35,"turns":8},{"damage":0,"enemies":"3 Darklings","floor":37,"turns":6},{"damage":41,"enemies":"Nemesis","floor":42,"turns":7},{"damage":0,"enemies":"Orb Walker","floor":46,"turns":3},{"damage":0,"enemies":"hubris:Merchant","floor":47,"turns":1},{"damage":57,"enemies":"Nightmare","floor":49,"turns":6}],"seed_played":"2331410895927744756","potions_obtained":[{"floor":1,"key":"SneckoOil"},{"floor":5,"key":"BlessingOfTheForge"},{"floor":12,"key":"DistilledChaos"},{"floor":18,"key":"LiquidMemories"},{"floor":20,"key":"Weak Potion"},{"floor":27,"key":"Block Potion"},{"floor":35,"key":"Flashbang"}],"is_trial":false,"path_per_floor":["M","?","PTL","PTL","M","M","M","R","?","R","T","M","?","E","M","E","R","B",null,"M","?","M","?","?","NM","M","M","T","R","$","M","T","E","R","B",null,"M","AVR","?","?","$","E","?","R","T","M","$","NS","NM"],"character_chosen":"THE_CHEF","items_purchased":["halation:PromiseList","chefmod:FiveAlarmChili","Bottled Lightning","halation:IllGainedPizza","MerchantsRug"],"campfire_rested":1,"item_purchase_floors":[30,30,41,41,47],"current_hp_per_floor":[76,76,76,76,76,76,67,67,67,67,67,67,71,55,45,40,40,29,80,79,79,67,67,67,35,29,10,10,34,49,49,49,49,49,18,80,80,80,80,80,80,39,39,39,39,39,54,54,0,0],"gold":289,"neow_bonus":"RANDOM_COMMON_RELIC","is_daily":false,"chose_seed":false,"campfire_upgraded":5,"win_rate":0.0,"timestamp":1611440541,"path_taken":["M","?","PTL","PTL","M","M","M","R","?","R","T","?","?","E","M","E","R","BOSS","M","?","M","?","?","NM","M","M","T","R","$","M","?","E","R","BOSS","M","AVR","?","?","$","E","?","R","T","M","$","NS","NM"],"items_purchased_type":["Relic","Card","Relic","Relic","Relic"],"build_version":"2020-12-22","purchased_purges":3,"victory":false,"max_hp_per_floor":[76,76,76,76,76,76,76,76,76,76,76,76,80,80,80,80,80,80,80,80,80,80,80,80,80,80,80,80,80,80,80,80,80,80,80,80,80,80,80,80,80,80,80,80,80,80,80,80,80,80],"relic_stats":{"counters":[22,112],"Prayer Wheel":7,"MealTicket":30,"obtain_stats":[{"Lantern":33,"StuffTheSpire:Rhapsscallions":13,"Vajra":28,"EVO:Axolotl":0,"HornCleat":25,"Prayer Wheel":16,"MealTicket":21,"hubris:DeckOfHolding":45,"halation:PromiseList":30,"Ring of Panic":21,"chefmod:TrustyPot":0,"MerchantsRug":47,"halation:IllGainedPizza":41,"hubris:MedicalManual":14,"conspire:SlowCooker":38,"Ring of Greed":21,"aspiration:SeaSaltIceCream":25,"energizedSpire:SpiderWeb":36,"ReplayTheSpireMod:Shallot":11,"StuffTheSpire:Mouthbags":42,"CCEMRelics:FryingPan":38,"hubris:PeanutButter":32,"Membership Card":21,"Bottled Lightning":41,"hubris:OldNail":0,"infinitespire:Cupcake":19},{"Lantern":16,"StuffTheSpire:Rhapsscallions":5,"Vajra":14,"EVO:Axolotl":0,"HornCleat":12,"Prayer Wheel":8,"MealTicket":10,"hubris:DeckOfHolding":19,"halation:PromiseList":14,"Ring of Panic":10,"chefmod:TrustyPot":0,"MerchantsRug":20,"halation:IllGainedPizza":18,"hubris:MedicalManual":6,"conspire:SlowCooker":18,"Ring of Greed":10,"aspiration:SeaSaltIceCream":12,"energizedSpire:SpiderWeb":17,"ReplayTheSpireMod:Shallot":4,"StuffTheSpire:Mouthbags":19,"CCEMRelics:FryingPan":18,"hubris:PeanutButter":15,"Membership Card":10,"Bottled Lightning":18,"hubris:OldNail":0,"infinitespire:Cupcake":9},{"Lantern":81,"StuffTheSpire:Rhapsscallions":17,"Vajra":69,"EVO:Axolotl":0,"HornCleat":58,"Prayer Wheel":30,"MealTicket":45,"hubris:DeckOfHolding":102,"halation:PromiseList":69,"Ring of Panic":45,"chefmod:TrustyPot":0,"MerchantsRug":105,"halation:IllGainedPizza":95,"hubris:MedicalManual":21,"conspire:SlowCooker":95,"Ring of Greed":45,"aspiration:SeaSaltIceCream":58,"energizedSpire:SpiderWeb":89,"ReplayTheSpireMod:Shallot":14,"StuffTheSpire:Mouthbags":102,"CCEMRelics:FryingPan":95,"hubris:PeanutButter":75,"Membership Card":45,"Bottled Lightning":95,"hubris:OldNail":0,"infinitespire:Cupcake":40}]},"card_choices":[{"not_picked":["chefmod:FreezerBurn","chefmod:IcePick"],"picked":"chefmod:Defrost","floor":1},{"not_picked":["chefmod:Chop","chefmod:Defrost"],"picked":"chefmod:Sorbet","floor":5},{"not_picked":["chefmod:FreezeSolid","chefmod:IcePick"],"picked":"chefmod:Cleavers","floor":6},{"not_picked":["chefmod:Defrost","chefmod:PotatoGratin"],"picked":"chefmod:NoSoupForYou","floor":7},{"not_picked":["chefmod:Chop","chefmod:TastyDistraction"],"picked":"chefmod:ColdSteel","floor":12},{"not_picked":["chefmod:Flambe","chefmod:Cleavers"],"picked":"chefmod:Leftovers","floor":14},{"not_picked":["chefmod:FryPan","chefmod:Chop","chefmod:IcePick"],"picked":"SKIP","floor":15},{"not_picked":["chefmod:HotSoup","chefmod:BaoBuns"],"picked":"chefmod:Granita","floor":16},{"not_picked":["chefmod:OrderUp","chefmod:SushiPlatter"],"picked":"chefmod:BananaSplit","floor":18},{"not_picked":["chefmod:Bruschetta","chefmod:ColdSteel"],"picked":"chefmod:NewMenu","floor":20},{"not_picked":["chefmod:HotSoup","chefmod:IcePick","chefmod:FullBurn"],"picked":"SKIP","floor":20},{"not_picked":["chefmod:Defrost","chefmod:ZaruSoba+1","chefmod:PotatoGratin"],"picked":"SKIP","floor":22},{"not_picked":["chefmod:FullBurn","chefmod:Granita","chefmod:Sorbet+1"],"picked":"SKIP","floor":22},{"not_picked":["chefmod:DinoKale","chefmod:Fillet"],"picked":"chefmod:NewMenu+1","floor":25},{"not_picked":["chefmod:FireUp","chefmod:Gelato"],"picked":"chefmod:CandyBowl","floor":26},{"not_picked":["chefmod:Granita","chefmod:Gelato+1","chefmod:FryPan"],"picked":"SKIP","floor":26},{"not_picked":["chefmod:SpaghettiCarbonara","chefmod:FryPan+1"],"picked":"chefmod:FireUp+1","floor":27},{"not_picked":["chefmod:FreezeSolid","chefmod:Tenderizer","chefmod:QuickChop"],"picked":"SKIP","floor":27},{"not_picked":["chefmod:SliceAndDice","chefmod:FireUp+1","chefmod:SpaghettiCarbonara"],"picked":"SKIP","floor":31},{"not_picked":["chefmod:FireUp","chefmod:DinoKale","chefmod:BaoBuns"],"picked":"SKIP","floor":31},{"not_picked":["chefmod:SliceAndDice","chefmod:FullBurn","chefmod:Leftovers"],"picked":"SKIP","floor":33},{"not_picked":["chefmod:SushiPlatter","chefmod:TastyDistraction"],"picked":"chefmod:CandyBowl","floor":35},{"not_picked":["chefmod:Gelato","chefmod:ZaruSoba","chefmod:Defrost+1"],"picked":"SKIP","floor":37},{"not_picked":["chefmod:HotSoup+1","chefmod:BaoBuns","chefmod:SliceAndDice+1"],"picked":"SKIP","floor":37},{"not_picked":["chefmod:Gelato","chefmod:FryPan+1","chefmod:TwoForOne"],"picked":"SKIP","floor":42},{"not_picked":["chefmod:Sorbet","chefmod:Granita+1","chefmod:HotSoup+1"],"picked":"SKIP","floor":46},{"not_picked":["chefmod:Escargot","chefmod:SliceAndDice+1","chefmod:HotSoup"],"picked":"SKIP","floor":46}],"player_experience":1086495,"relics_obtained":[{"floor":11,"key":"ReplayTheSpireMod:Shallot"},{"floor":14,"key":"hubris:MedicalManual"},{"floor":16,"key":"Prayer Wheel"},{"floor":21,"key":"Ring of Panic"},{"floor":21,"key":"Ring of Greed"},{"floor":21,"key":"Membership Card"},{"floor":21,"key":"MealTicket"},{"floor":25,"key":"aspiration:SeaSaltIceCream"},{"floor":28,"key":"Vajra"},{"floor":32,"key":"hubris:PeanutButter"},{"floor":33,"key":"Lantern"},{"floor":42,"key":"StuffTheSpire:Mouthbags"},{"floor":45,"key":"hubris:DeckOfHolding"}],"event_choices":[{"damage_healed":0,"gold_gain":0,"player_choice":"Ignored","damage_taken":0,"max_hp_gain":0,"max_hp_loss":0,"event_name":"betterNote:BetterNote","floor":9,"gold_loss":0,"cards_obtained":["Zap"]},{"damage_healed":0,"gold_gain":0,"player_choice":"Box","damage_taken":0,"relics_obtained":["StuffTheSpire:Rhapsscallions"],"max_hp_gain":0,"max_hp_loss":0,"event_name":"Big Fish","floor":13,"gold_loss":0,"cards_obtained":["Regret"]},{"damage_healed":0,"gold_gain":99,"player_choice":"Steal","damage_taken":0,"max_hp_gain":0,"max_hp_loss":0,"event_name":"betterThird:BetterNest","floor":24,"gold_loss":0},{"cards_removed":["chefmod:Defend"],"damage_healed":0,"gold_gain":0,"player_choice":"Removed Skill","damage_taken":0,"max_hp_gain":0,"max_hp_loss":0,"event_name":"Falling","floor":39,"gold_loss":0},{"damage_healed":0,"gold_gain":0,"player_choice":"Got Potions","damage_taken":0,"max_hp_gain":0,"max_hp_loss":0,"event_name":"Lab","floor":43,"gold_loss":0}],"is_beta":false,"boss_relics":[{"not_picked":["Fusion Hammer","energizedSpire:HugeHouse"],"picked":"infinitespire:Cupcake"},{"not_picked":["halation:PinkAlligatorPlush","StuffTheSpire:RunicHypercube"],"picked":"energizedSpire:SpiderWeb"}],"items_purged_floors":[30,38,41],"is_endless":true,"potions_floor_spawned":[1,5,12,15,18,20,27,31,35,42,46],"killed_by":"Nightmare","ascension_level":0}}