{"host":"0iuhrgzkozzv273x","time":1611433140,"event":{"mods":["2.2 Compatiblity","BaseMod","Colored Map","Curses Come First","Downfall","Minty Spire (QoL Compilation)","Spire Arcade","StSLib","The Construct","Unceasing Turn Reminder"],"gold_per_floor":[99,109,122,139,49,49,49,67,67,78,103,103,130,142,152,249,249,49,67,67,85,85,120,120,155,169,69,86,100,100,112,132,234,234,234,249,302,402,72,90,172,204,221,221,232,252,96,96,112,112,112,147,22,22,22,22],"floor_reached":57,"language":"ENG","playtime":5481,"items_purged":["bronze:Strike","bronze:Strike","bronze:Defend"],"score":1340,"play_id":"233b4fd4-0608-422a-ada2-de2d27e08908","local_time":"20210123151900","is_ascension_mode":true,"campfire_choices":[{"floor":1,"key":"RECALL"},{"data":"bronze:Optimize","floor":9,"key":"SMITH"},{"floor":18,"key":"REST"},{"data":"1","floor":27,"key":"LIFT"},{"data":"2","floor":30,"key":"LIFT"},{"data":"3","floor":35,"key":"LIFT"},{"floor":54,"key":"REST"}],"circlet_count":0,"master_deck":["bronze:Strike+1","bronze:Defend","bronze:Defend+1","bronze:Defend+1","bronze:Replicate","bronze:Goto","bronze:Repair","bronze:Optimize+1","bronze:Turbo","bronze:Repulsor","bronze:Flail+1","bronze:Iterate","bronze:InfiniteLoop","bronze:Constructor+1","bronze:GetLatest+1","bronze:Overheat+1","bronze:ChosenStrike","bronze:Turbo+1","bronze:Shell+1","bronze:NullPointer","bronze:Virus","bronze:Return+1","bronze:SpaghettiCode","bronze:BuggyMess","bronze:Repulsor+1","expansioncontent:AwakenDeath","expansioncontent:Chronoboost","expansioncontent:PrepareCrush","bronze:Terminator"],"relics":["bronze:BronzeCore","Strawberry","Akabeko","Toy Ornithopter","Blue Candle","PreservedInsect","Fusion Hammer","downfall:HeartBlessingRed","downfall:HeartBlessingGreen","Girya","Whetstone","Bottled Tornado","downfall:HeartBlessingBlue","Black Star","War Paint","Potion Belt","Chemical X","Letter Opener","Omamori","bronze:ProtectiveGoggles","Pantograph","Gremlin Horn","Art of War"],"acts_visited":["Exordium","TheCity","TheBeyond","TheEnding"],"potions_floor_usage":[16,33,42,42,47,50,52,56,56],"damage_taken":[{"damage":6,"enemies":"Jaw Worm","floor":2,"turns":3},{"damage":7,"enemies":"Small Slimes","floor":3,"turns":5},{"damage":2,"enemies":"2 Louse","floor":4,"turns":4},{"damage":2,"enemies":"downfall:FleeingMerchant","floor":5,"turns":4},{"damage":8,"enemies":"Lots of Slimes","floor":8,"turns":6},{"damage":9,"enemies":"Large Slime","floor":10,"turns":8},{"damage":32,"enemies":"3 Sentries","floor":11,"turns":11},{"damage":13,"enemies":"Lagavulin","floor":13,"turns":10},{"damage":0,"enemies":"Exordium Wildlife","floor":14,"turns":3},{"damage":0,"enemies":"2 Fungi Beasts","floor":15,"turns":2},{"damage":64,"enemies":"IC_STATUS_ARCHETYPE","floor":16,"turns":12},{"damage":0,"enemies":"3 Byrds","floor":19,"turns":2},{"damage":0,"enemies":"Spheric Guardian","floor":21,"turns":2},{"damage":0,"enemies":"Slavers","floor":23,"turns":1},{"damage":0,"enemies":"Gremlin Leader","floor":25,"turns":5},{"damage":6,"enemies":"Snake Plant","floor":26,"turns":4},{"damage":0,"enemies":"Sentry and Sphere","floor":28,"turns":3},{"damage":0,"enemies":"3 Cultists","floor":29,"turns":3},{"damage":0,"enemies":"Snake Plant","floor":31,"turns":2},{"damage":0,"enemies":"Snecko","floor":32,"turns":3},{"damage":3,"enemies":"DF_ARCHETYPE_CLAW","floor":33,"turns":4},{"damage":0,"enemies":"Orb Walker","floor":36,"turns":1},{"damage":0,"enemies":"downfall:LadyInBlue","floor":38,"turns":6},{"damage":0,"enemies":"downfall:FleeingMerchant","floor":39,"turns":4},{"damage":21,"enemies":"3 Darklings","floor":40,"turns":3},{"damage":0,"enemies":"Nemesis","floor":42,"turns":3},{"damage":0,"enemies":"Maw","floor":43,"turns":5},{"damage":2,"enemies":"Jaw Worm Horde","floor":45,"turns":6},{"damage":0,"enemies":"3 Darklings","floor":46,"turns":2},{"damage":0,"enemies":"downfall:FleeingMerchant","floor":47,"turns":2},{"damage":16,"enemies":"Writhing Mass","floor":49,"turns":5},{"damage":63,"enemies":"WA_ARCHETYPE_DIVINITY","floor":50,"turns":12},{"damage":61,"enemies":"downfall:CharBossMerchant","floor":52,"turns":6},{"damage":28,"enemies":"downfall:NeowBoss","floor":55,"turns":13},{"damage":48,"enemies":"downfall:NeowBossFinal","floor":56,"turns":10}],"seed_played":"-192677767806364705","potions_obtained":[{"floor":8,"key":"FairyPotion"},{"floor":13,"key":"PowerPotion"},{"floor":16,"key":"Strength Potion"},{"floor":23,"key":"SpeedPotion"},{"floor":26,"key":"sneckomod:MuddlingPotion"},{"floor":31,"key":"Slimebound:ThreeZeroPotion"},{"floor":32,"key":"bronze:CleanCodePotion"},{"floor":36,"key":"Regen Potion"},{"floor":38,"key":"Strength Potion"},{"floor":38,"key":"BlessingOfTheForge"},{"floor":52,"key":"champ:CounterPotion"}],"is_trial":false,"path_per_floor":["R","M","M","M","$","?","T","M","R","M","E","?","E","M","M","B",null,"R","M","?","M","?","E","T","E","M","R","M","M","R","M","M","B",null,"R","M","?","?","$","M","T","E","M","?","M","M","$","?","M","B",null,"E","$","R","B","B",null],"character_chosen":"THE_AUTOMATON","items_purchased":["bronze:SpaghettiCode","Chemical X","Pantograph","Fruit Juice","AttackPotion"],"campfire_rested":2,"item_purchase_floors":[39,39,47,47,47],"current_hp_per_floor":[77,71,64,69,74,67,67,66,66,67,42,37,34,44,44,23,77,77,77,77,77,77,77,77,77,77,87,87,87,87,87,87,87,87,87,87,87,87,87,66,66,85,87,77,75,75,85,77,71,36,92,36,36,63,67,56],"gold":22,"neow_bonus":"RANDOM_COMMON_RELIC","is_daily":false,"chose_seed":false,"campfire_upgraded":1,"win_rate":0.0,"timestamp":1611433140,"path_taken":["R","M","M","M","$","?","T","M","R","M","E","?","E","M","M","BOSS","R","M","?","M","?","E","T","E","M","R","?","M","R","M","M","BOSS","R","M","?","?","$","M","T","E","?","?","M","M","$","?","M","BOSS","E","$","R","BOSS","BOSS"],"items_purchased_type":["Card","Relic","Relic","Potion","Potion"],"build_version":"2020-12-22","purchased_purges":3,"victory":true,"max_hp_per_floor":[77,77,77,77,77,77,77,77,77,77,77,77,77,77,77,77,77,77,77,77,77,77,77,77,77,77,87,87,87,87,87,87,87,87,87,87,87,87,87,87,87,87,87,87,87,87,92,92,92,92,92,92,92,92,92,92],"card_choices":[{"not_picked":["bronze:Frontload","bronze:DelayedGuard","bronze:Shield"],"picked":"SKIP","floor":2},{"not_picked":["bronze:Frontload","bronze:ClassDefault"],"picked":"bronze:Repair","floor":3},{"not_picked":["bronze:Branch","bronze:WildBeam","bronze:Turbo"],"picked":"SKIP","floor":4},{"not_picked":["bronze:Iterate","bronze:Overload","bronze:ItsAFeature"],"picked":"SKIP","floor":5},{"not_picked":["bronze:Shield","bronze:BitShift"],"picked":"bronze:Optimize","floor":8},{"not_picked":["bronze:Branch","bronze:DelayedGuard"],"picked":"bronze:Turbo","floor":10},{"not_picked":["bronze:Shield","bronze:Overload"],"picked":"bronze:Repulsor","floor":11},{"not_picked":["bronze:Safeguard","bronze:Philosophize","bronze:NullPointer"],"picked":"SKIP","floor":13},{"not_picked":["bronze:Separator","bronze:BronzeOrb"],"picked":"bronze:Flail","floor":14},{"not_picked":["bronze:Frontload","bronze:BitShift"],"picked":"bronze:Iterate","floor":15},{"not_picked":["bronze:HyperBeam","bronze:Mutator"],"picked":"bronze:InfiniteLoop","floor":16},{"not_picked":["bronze:FineTuning","bronze:Shield+1"],"picked":"bronze:Constructor","floor":19},{"not_picked":["bronze:BuggyMess","bronze:Shield"],"picked":"bronze:GetLatest+1","floor":21},{"not_picked":["bronze:Frontload","bronze:NullPointer"],"picked":"bronze:Overheat+1","floor":23},{"not_picked":["bronze:ClassDefault","bronze:GetLatest"],"picked":"bronze:ChosenStrike","floor":25},{"not_picked":["bronze:BugBarrage+1","bronze:ForLoop","bronze:Shield"],"picked":"SKIP","floor":26},{"not_picked":["bronze:GetLatest","bronze:BronzeArmor","bronze:OilSpill"],"picked":"SKIP","floor":28},{"not_picked":["bronze:Return+1","bronze:Frontload"],"picked":"bronze:Turbo+1","floor":29},{"not_picked":["bronze:Constructor","bronze:Branch"],"picked":"bronze:Shell+1","floor":31},{"not_picked":["bronze:ChosenStrike","bronze:FollowUp"],"picked":"bronze:NullPointer","floor":32},{"not_picked":["bronze:BurnOut","bronze:HyperBeam"],"picked":"bronze:Virus","floor":33},{"not_picked":["bronze:CutThrough","bronze:Overheat+1","bronze:BronzeArmor"],"picked":"SKIP","floor":36},{"not_picked":["bronze:Separator+1","bronze:MaxOutput+1"],"picked":"bronze:Return+1","floor":38},{"not_picked":["bronze:Allocate","bronze:BugBarrage","bronze:BronzeArmor"],"picked":"SKIP","floor":39},{"not_picked":["bronze:FineTuning+1","bronze:Frontload+1"],"picked":"bronze:BuggyMess","floor":40},{"not_picked":["bronze:BuggyMess+1","bronze:Philosophize+1","bronze:Turbo+1"],"picked":"SKIP","floor":42},{"not_picked":["bronze:WildBeam+1","bronze:OilSpill+1"],"picked":"bronze:Repulsor+1","floor":43},{"not_picked":["expansioncontent:PolyBeam","expansioncontent:LastStand"],"picked":"expansioncontent:AwakenDeath","floor":44},{"not_picked":["expansioncontent:AwakenDeath","expansioncontent:Hexaburn"],"picked":"expansioncontent:Chronoboost","floor":44},{"not_picked":["expansioncontent:Hexaburn","expansioncontent:Chronoboost"],"picked":"expansioncontent:PrepareCrush","floor":44},{"not_picked":["bronze:Repulsor+1","bronze:Shield+1","bronze:Iterate+1"],"picked":"SKIP","floor":45},{"not_picked":["bronze:Frontload+1","bronze:Invalidate","bronze:Branch"],"picked":"SKIP","floor":46},{"not_picked":["bronze:Branch+1","bronze:ForceShield+1","bronze:Invalidate"],"picked":"SKIP","floor":47},{"not_picked":["bronze:BuggyMess+1","bronze:CutThrough+1","bronze:MaxOutput"],"picked":"SKIP","floor":49},{"not_picked":["bronze:Deprecate","bronze:DelayedGuard"],"picked":"bronze:Terminator","floor":52}],"player_experience":755909,"relics_obtained":[{"floor":11,"key":"Toy Ornithopter"},{"floor":13,"key":"PreservedInsect"},{"floor":23,"key":"Girya"},{"floor":24,"key":"Whetstone"},{"floor":25,"key":"Bottled Tornado"},{"floor":37,"key":"War Paint"},{"floor":38,"key":"Potion Belt"},{"floor":41,"key":"Letter Opener"},{"floor":42,"key":"Omamori"},{"floor":42,"key":"bronze:ProtectiveGoggles"},{"floor":52,"key":"Gremlin Horn"},{"floor":52,"key":"Art of War"}],"event_choices":[{"damage_healed":0,"gold_gain":0,"player_choice":"Success","damage_taken":7,"relics_obtained":["Akabeko"],"max_hp_gain":0,"max_hp_loss":0,"event_name":"Scrap Ooze","floor":6,"gold_loss":0}],"is_beta":false,"boss_relics":[{"not_picked":["Runic Pyramid","Tiny House"],"picked":"Fusion Hammer"},{"not_picked":["Velvet Choker","Philosopher\u0027s Stone"],"picked":"Black Star"}],"items_purged_floors":[5,47,53],"is_endless":false,"potions_floor_spawned":[8,13,16,23,26,31,32,36,38,40,52],"ascension_level":1}}