{"host":"TheShotgunBoss","time":1611371504,"event":{"mods":["AchievementEnabler","Always Whale","Aspiration","BaseMod","Beaked The Cultist","Colored Map","Colored Powertips","Colorless Booster Pack","Conspire","Downfall","Energized Spire","FetchMod","GifTheSpireLib","Halation","Hubris","Infinite Spire","Jedi Mod","Minty Spire (QoL Compilation)","Poor People Problems","Quick Restart","RNG!","Relic Sorter","SacredBarkPlus","Shop Mod","Spikes Relics","StSLib","Stuff the Spire","The Blue Laboratory","The Construct","Uncapped","Unceasing Turn Reminder","everything is the same but u backflip on backflip","vexMod","??????REMEMod"],"gold_per_floor":[99,99,99,99,99,99,99,99,116,129,163,73,73,101,112,217,217,117,117,2,18,31,31,31,59,77,103,116,16,29,29,41,146,146,146,162,162,162,175,189,189,189,89,109,120,131,146,164,177,177,177,210,39,39,29,0],"floor_reached":57,"language":"ENG","playtime":4013,"items_purged":["Pain","Guardian:Strike_Guardian","Guardian:Strike_Guardian","Guardian:Strike_Guardian"],"score":1443,"play_id":"9f6281dc-b6c3-4ea2-8513-afa075dc9d6f","local_time":"20210122221144","is_ascension_mode":true,"campfire_choices":[{"data":"Guardian:TwinSlam","floor":1,"key":"SMITH"},{"data":"Guardian:CurlUp","floor":6,"key":"SMITH"},{"data":"Guardian:SpikerProtocol","floor":13,"key":"SMITH"},{"data":"Guardian:DecasProtection","floor":18,"key":"SMITH"},{"data":"Guardian:Repulse","floor":23,"key":"SMITH"},{"data":"Guardian:ArmoredProtocol","floor":29,"key":"SMITH"},{"floor":35,"key":"RECALL"},{"data":"Guardian:ArmoredProtocol","floor":43,"key":"SMITH"},{"data":"Guardian:DonusPower","floor":54,"key":"SMITH"}],"circlet_count":0,"master_deck":["Guardian:Defend_Guardian","Guardian:Defend_Guardian","Guardian:Defend_Guardian","Guardian:Defend_Guardian","Guardian:CurlUp+1","Guardian:TwinSlam+1","Guardian:RevengeProtocol+1","Guardian:PiercingHide","Guardian:ShieldSpikes","Guardian:VentSteam","Guardian:EvasiveProtocol","Guardian:SpikerProtocol+1","Guardian:RollAttack","Guardian:ArmoredProtocol+1","Guardian:DecasProtection+1","Guardian:Repulse+1","Guardian:ArmoredProtocol+1","Guardian:SphericShield","Guardian:DecasProtection+1","Guardian:DonusPower+1","Guardian:Harden+1","Guardian:PrimingBeam"],"relics":["Guardian:ModeShifter","REME_ComplimentaryCards","downfall:HeartsMalice","WarpedTongs","InkBottle","halation:TwoAmDonut","Calipers","aspiration:FutureDiary","downfall:HeartBlessingGreen","Meat on the Bone","infinitespire:CheckeredPen","downfall:HeartBlessingBlue","vexMod:DeviousBotling","jedi:archwizardhat","Guardian:StasisSlotReductionRelic","TungstenRod","halation:EternalFortune","downfall:HeartBlessingRed","Bag of Preparation","halation:BottledLove","vexMod:MemoryStick"],"acts_visited":["Exordium","TheCity","TheBeyond","TheEnding"],"potions_floor_usage":[56,56,56],"damage_taken":[{"damage":0,"enemies":"2 Louse","floor":4,"turns":1},{"damage":0,"enemies":"Jaw Worm","floor":5,"turns":1},{"damage":0,"enemies":"Cultist","floor":8,"turns":1},{"damage":7,"enemies":"Red Slaver","floor":9,"turns":4},{"damage":4,"enemies":"2 Fungi Beasts","floor":10,"turns":5},{"damage":20,"enemies":"3 Sentries","floor":11,"turns":13},{"damage":3,"enemies":"downfall:FleeingMerchant","floor":12,"turns":4},{"damage":10,"enemies":"Lagavulin","floor":14,"turns":7},{"damage":5,"enemies":"Exordium Wildlife","floor":15,"turns":4},{"damage":29,"enemies":"WA_ARCHETYPE_RETAIN","floor":16,"turns":12},{"damage":0,"enemies":"downfall:FleeingMerchant","floor":20,"turns":4},{"damage":7,"enemies":"3 Byrds","floor":21,"turns":2},{"damage":0,"enemies":"Spheric Guardian","floor":22,"turns":6},{"damage":25,"enemies":"Slavers","floor":25,"turns":8},{"damage":0,"enemies":"Centurion and Healer","floor":26,"turns":7},{"damage":6,"enemies":"Book of Stabbing","floor":27,"turns":7},{"damage":6,"enemies":"Cultist and Chosen","floor":28,"turns":7},{"damage":0,"enemies":"Shelled Parasite and Fungi","floor":30,"turns":5},{"damage":0,"enemies":"3 Cultists","floor":32,"turns":5},{"damage":7,"enemies":"IC_MUSHROOM_ARCHETYPE","floor":33,"turns":17},{"damage":1,"enemies":"3 Darklings","floor":36,"turns":6},{"damage":0,"enemies":"3 Shapes","floor":39,"turns":5},{"damage":0,"enemies":"Transient","floor":40,"turns":5},{"damage":0,"enemies":"Giant Head","floor":44,"turns":12},{"damage":0,"enemies":"Spire Growth","floor":45,"turns":8},{"damage":0,"enemies":"Maw","floor":46,"turns":8},{"damage":0,"enemies":"Reptomancer","floor":47,"turns":9},{"damage":0,"enemies":"Sphere and 2 Shapes","floor":48,"turns":6},{"damage":0,"enemies":"4 Shapes","floor":49,"turns":5},{"damage":0,"enemies":"DF_ARCHETYPE_ORBS","floor":50,"turns":15},{"damage":11,"enemies":"downfall:CharBossMerchant","floor":52,"turns":14},{"damage":0,"enemies":"downfall:NeowBoss","floor":55,"turns":28},{"damage":23,"enemies":"downfall:NeowBossFinal","floor":56,"turns":15}],"seed_played":"8485338229293070855","potions_obtained":[{"floor":9,"key":"LiquidBronze"},{"floor":15,"key":"Dexterity Potion"},{"floor":16,"key":"blueLaboratory:StoneskinPotion"},{"floor":22,"key":"Fire Potion"}],"is_trial":false,"path_per_floor":["R","?","?","M","M","R","T","M","M","M","E","$","R","E","M","B",null,"R","?","$","M","M","R","T","E","M","E","M","R","M","?","M","B",null,"R","M","?","AVR","M","M","T","?","R","E","M","M","E","M","M","B",null,"E","$","R","B","B",null],"character_chosen":"GUARDIAN","items_purchased":["Guardian:PrimingBeam"],"campfire_rested":0,"item_purchase_floors":[53],"current_hp_per_floor":[80,80,80,80,80,80,80,80,73,69,49,46,46,36,31,2,80,80,80,80,73,73,73,73,48,48,42,48,58,58,58,58,51,90,90,89,90,90,90,90,90,93,93,93,93,93,93,93,93,93,93,82,82,82,82,59],"gold":0,"neow_bonus":"THREE_ENEMY_KILL","is_daily":false,"chose_seed":false,"campfire_upgraded":8,"win_rate":0.0,"timestamp":1611371504,"path_taken":["R","?","?","?","M","R","T","M","?","M","E","$","R","E","M","BOSS","R","?","?","M","M","R","T","E","?","E","M","R","M","?","M","BOSS","R","M","?","AVR","M","?","T","?","R","E","M","M","E","M","M","BOSS","E","$","R","BOSS","BOSS"],"items_purchased_type":["Card"],"build_version":"2020-12-18","purchased_purges":4,"victory":true,"max_hp_per_floor":[80,80,80,80,80,80,80,80,80,80,80,80,80,80,80,80,80,80,80,80,80,80,80,80,80,80,80,80,90,90,90,90,90,90,90,90,90,90,90,90,90,93,93,93,93,93,93,93,93,93,93,93,93,93,93,93],"card_choices":[{"not_picked":["Guardian:Suspension","Guardian:CrystalBeam"],"picked":"Guardian:PiercingHide","floor":4},{"not_picked":["Guardian:Gem_Blue","Guardian:Gem_Cyan"],"picked":"Guardian:ShieldSpikes","floor":5},{"not_picked":["Guardian:Incinerate","Guardian:Emergency"],"picked":"Guardian:VentSteam","floor":8},{"not_picked":["Guardian:PiercingHide","Guardian:VentSteam"],"picked":"Guardian:EvasiveProtocol","floor":9},{"not_picked":["Guardian:WalkerClaw","Guardian:PrismaticBeam","Guardian:FierceBash"],"picked":"SKIP","floor":10},{"not_picked":["Guardian:PiercingHide","Guardian:Gem_Red"],"picked":"Guardian:SpikerProtocol","floor":11},{"not_picked":["Guardian:Recover","Guardian:VentSteam"],"picked":"Guardian:RollAttack","floor":12},{"not_picked":["Guardian:SentryBeam","Guardian:ChargeUp"],"picked":"Guardian:ArmoredProtocol","floor":14},{"not_picked":["Guardian:PrimingBeam","Guardian:PiercingHide"],"picked":"Guardian:DecasProtection","floor":15},{"not_picked":["Guardian:Incinerate","Guardian:DecasProtection","Guardian:PolyBeam+1"],"picked":"SKIP","floor":20},{"not_picked":["Guardian:Recover","Guardian:Gem_Fragmented"],"picked":"Guardian:Repulse","floor":21},{"not_picked":["Guardian:TimeBomb","Guardian:DecasProtection+1"],"picked":"Guardian:Gem_Purple","floor":22},{"not_picked":["Guardian:Incinerate","Guardian:PrismaticBarrier+1","Guardian:TemporalStrike"],"picked":"SKIP","floor":25},{"not_picked":["Guardian:DonusPower","Guardian:MultiBeam+1","Guardian:Planning"],"picked":"SKIP","floor":26},{"not_picked":["Guardian:DonusPower","Guardian:MultiBeam+1","Guardian:Planning"],"picked":"SKIP","floor":26},{"not_picked":["Guardian:Planning","Guardian:Incinerate","Guardian:Gem_Fragmented"],"picked":"SKIP","floor":27},{"not_picked":["Guardian:TimeBomb","Guardian:Gem_Green"],"picked":"Guardian:ArmoredProtocol","floor":28},{"not_picked":["Guardian:BronzeOrb","Guardian:Gem_Lightblue","Guardian:PrismaticBeam"],"picked":"SKIP","floor":30},{"not_picked":["Guardian:PrismaticBarrier","Guardian:Gem_Yellow"],"picked":"Guardian:SphericShield","floor":32},{"not_picked":["Guardian:Preprogram","Guardian:Gem_Cyan","Guardian:Incinerate+1"],"picked":"SKIP","floor":36},{"not_picked":["Guardian:Incinerate","Guardian:Gem_Green","Guardian:Gem_Crimson"],"picked":"SKIP","floor":39},{"not_picked":["Guardian:TimeCapacitor+1","Guardian:Gem_White"],"picked":"Guardian:DecasProtection+1","floor":40},{"not_picked":["Guardian:ShieldCharger","Guardian:Gem_Fragmented"],"picked":"Guardian:Gem_Orange","floor":44},{"not_picked":["Guardian:RefractedBeam","Guardian:Gem_Red","Guardian:CrystalBeam+1"],"picked":"SKIP","floor":45},{"not_picked":["Guardian:ShieldCharger+1","Guardian:Gem_Fragmented","Guardian:Reroute+1"],"picked":"SKIP","floor":46},{"not_picked":["Guardian:Gem_Fragmented","Guardian:Gem_Lightblue","Guardian:Preprogram"],"picked":"SKIP","floor":47},{"not_picked":["Guardian:Preprogram+1","Guardian:Planning+1"],"picked":"Guardian:DonusPower","floor":48},{"not_picked":["Guardian:ChargeUp+1","Guardian:Gem_Cyan"],"picked":"Guardian:Harden+1","floor":49},{"not_picked":["Guardian:RollAttack","Guardian:Incinerate","Guardian:ChargeCore"],"picked":"SKIP","floor":52}],"player_experience":298298,"relics_obtained":[{"floor":7,"key":"InkBottle"},{"floor":11,"key":"halation:TwoAmDonut"},{"floor":14,"key":"Calipers"},{"floor":25,"key":"Meat on the Bone"},{"floor":27,"key":"infinitespire:CheckeredPen"},{"floor":41,"key":"TungstenRod"},{"floor":44,"key":"Bag of Preparation"},{"floor":47,"key":"halation:BottledLove"},{"floor":52,"key":"vexMod:MemoryStick"}],"event_choices":[{"damage_healed":1,"gold_gain":0,"player_choice":"Full Heal","damage_taken":0,"max_hp_gain":0,"max_hp_loss":0,"event_name":"Wheel of Change","floor":37,"gold_loss":0}],"is_beta":true,"boss_relics":[{"not_picked":["construct:ClawGrip","halation:Prosthetics"],"picked":"aspiration:FutureDiary"},{"not_picked":["StuffTheSpire:Kangaroo","vexMod:MysteryBossChallenge"],"picked":"vexMod:DeviousBotling"}],"items_purged_floors":[12,20,38,53],"is_endless":false,"potions_floor_spawned":[9,15,16,22,26,28,30,40,44,46,47,49],"ascension_level":3}}