{"host":"jksa5rawk3m4gilz","time":1611423719,"event":{"mods":["BaseMod","Colored Map","Highlight Path","Minty Spire (QoL Compilation)","Quick Restart"],"gold_per_floor":[112,112,112,64,77,108,108,108,108,108,138,151,170,189,189,189,189],"floor_reached":16,"language":"ENG","playtime":653,"items_purged":[],"score":187,"play_id":"0b2680e1-e71e-40e7-88ca-cf8bd39d060e","local_time":"20210123184159","is_ascension_mode":true,"campfire_choices":[{"floor":7,"key":"REST"},{"data":"Body Slam","floor":15,"key":"SMITH"}],"circlet_count":0,"master_deck":["AscendersBane","Strike_R","Strike_R","Defend_R","Defend_R+1","Defend_R","Bash","Iron Wave","Anger","Iron Wave","Fiend Fire+1","Body Slam+1","Cleave","Rage"],"relics":["Burning Blood","Eternal Feather","Sundial","Torii"],"acts_visited":["Exordium"],"potions_floor_usage":[6,16],"damage_taken":[{"damage":9,"enemies":"Jaw Worm","floor":1,"turns":7},{"damage":0,"enemies":"Cultist","floor":5,"turns":3},{"damage":30,"enemies":"3 Sentries","floor":6,"turns":9},{"damage":25,"enemies":"Lagavulin","floor":11,"turns":6},{"damage":0,"enemies":"Small Slimes","floor":12,"turns":2},{"damage":8,"enemies":"Blue Slaver","floor":13,"turns":4},{"damage":1,"enemies":"Red Slaver","floor":14,"turns":2},{"damage":31,"enemies":"The Guardian","floor":16,"turns":13}],"seed_played":"169202018782580536","potions_obtained":[{"floor":5,"key":"Swift Potion"},{"floor":12,"key":"Block Potion"}],"is_trial":false,"path_per_floor":["M","?","?","$","M","E","R","?","T","$","E","M","M","M","R","B"],"character_chosen":"IRONCLAD","items_purchased":["Anger"],"campfire_rested":1,"item_purchase_floors":[4],"current_hp_per_floor":[47,40,40,40,46,22,50,35,35,35,16,22,20,25,31,0,0],"gold":189,"neow_bonus":"REMOVE_TWO","is_daily":false,"chose_seed":false,"campfire_upgraded":1,"win_rate":0.0,"timestamp":1611423719,"path_taken":["M","?","?","$","?","E","R","?","T","$","E","M","M","M","R","BOSS"],"items_purchased_type":["Card"],"build_version":"2020-12-22","purchased_purges":0,"victory":false,"max_hp_per_floor":[75,75,75,75,75,75,75,75,75,75,75,75,75,75,75,75,75],"card_choices":[{"not_picked":["Sword Boomerang","Twin Strike"],"picked":"Iron Wave","floor":1},{"not_picked":["Wild Strike","Twin Strike"],"picked":"Iron Wave","floor":5},{"not_picked":["Cleave","Warcry"],"picked":"Fiend Fire","floor":6},{"not_picked":["Clash","Cleave"],"picked":"Body Slam","floor":11},{"not_picked":["Infernal Blade","Pommel Strike"],"picked":"Cleave","floor":12},{"not_picked":["Iron Wave","Perfected Strike","Spot Weakness"],"picked":"SKIP","floor":13},{"not_picked":["Brutality","Rupture"],"picked":"Rage","floor":14}],"player_experience":1809726,"relics_obtained":[{"floor":6,"key":"Eternal Feather"},{"floor":9,"key":"Sundial"},{"floor":11,"key":"Torii"}],"event_choices":[{"cards_removed":["Strike_R"],"damage_healed":0,"gold_gain":0,"player_choice":"Card Removal","damage_taken":7,"max_hp_gain":0,"max_hp_loss":0,"event_name":"Golden Wing","floor":2,"gold_loss":0},{"cards_removed":["Defend_R"],"damage_healed":0,"gold_gain":0,"player_choice":"Offered Basic","damage_taken":0,"max_hp_gain":0,"max_hp_loss":0,"event_name":"Bonfire Elementals","floor":3,"gold_loss":0},{"damage_healed":0,"gold_gain":0,"player_choice":"Entered Light","damage_taken":15,"max_hp_gain":0,"max_hp_loss":0,"event_name":"Shining Light","floor":8,"gold_loss":0,"cards_upgraded":["Defend_R","Fiend Fire"]}],"is_beta":false,"boss_relics":[],"items_purged_floors":[],"is_endless":false,"potions_floor_spawned":[5,12],"killed_by":"The Guardian","ascension_level":14}}