{"host":"takgv9cv6xf64vhq","time":1611407788,"event":{"mods":["BaseMod","Colored Powertips","Downfall","Marisa£®ÏF”Í°°ƒß¿Ì…≥£©","Minty Spire (QoL Compilation)","Replay The Spire","StSLib","The Cursed"],"gold_per_floor":[113,113,113,175,230,230,286,56,56,8,8,8,36,96,96,197,197,259,324,13,13,31,31,61,141,141,141,241,241,253,268,268,369,369,388,448,218,315,380,455,514,27,27,27,105,105,122,193,193,193],"floor_reached":51,"language":"ZHS","playtime":4263,"items_purged":["Normality","Writhe"],"score":997,"play_id":"e32ba876-39d9-42bd-ac48-b5d712f84beb","local_time":"20210123211628","is_ascension_mode":false,"campfire_choices":[{"data":"BasicCrystalCard","floor":6.0,"key":"SMITH"},{"data":"BasicCrystalCard","floor":11.0,"key":"SMITH"},{"data":"Heatsinks","floor":15.0,"key":"SMITH"},{"data":"Mirror Shield","floor":23,"key":"SMITH"},{"data":"FIFO Queue","floor":27,"key":"SMITH"},{"floor":32,"key":"DIG"},{"data":"Fission","floor":44,"key":"SMITH"},{"data":"Loop","floor":49,"key":"SMITH"}],"circlet_count":0,"master_deck":["Strike_B","Strike_B+1","Strike_B","Strike_B","Defend_B","Defend_B","Defend_B","Defend_B","Zap+1","Dualcast","Cold Snap","BasicCrystalCard+1","Creative AI+1","Self Repair","Loop+1","BasicCrystalCard+1","Heatsinks+1","Storm","Mirror Shield+1","ReplaySort","Consume+1","Double Energy","FIFO Queue+1","Defragment","Chaos","Darkness","Fission+1","Leap+1","Storm+1","Panic Button","Ball Lightning","Cold Snap","Crystallizer+1","Panic Button+1","Midas Touch","Finesse","Impatience","Capacitor+1","Capacitor+1"],"relics":["Cursed Key","ReplayTheSpireMod:Ring of Challenge","Ring of Panic","Replay:Rubber Ducky","Bottled Flame","Pet Ghost","Inserter","Replay:Towering Pillar of Hats","Happy Flower","Bag of Marbles","Red Mask","Bottled Tornado","StoneCalendar","Frozen Egg 2","Girya","ReplayFunnel","Nuclear Battery","ReplayTheSpireMod:TigerMarble","Bag of Preparation","ReplayTheSpireMod:CursedCoin","Torii","Lantern","Replay:Baseball","Replay:Wax Seal","ReplayTheSpireMod:Ninjato","ReplayTheSpireMod:ShopPack","Bronze Scales","Golden Egg","Bottled Lightning","Bird Faced Urn"],"acts_visited":["Exordium","TheCity","TheBeyond"],"potions_floor_usage":[24,28,31,35,39,47,50,50],"damage_taken":[{"damage":1.0,"enemies":"Jaw Worm","floor":1.0,"turns":3.0},{"damage":19.0,"enemies":"Small Slimes","floor":4.0,"turns":4.0},{"damage":20.0,"enemies":"Cultist","floor":5.0,"turns":8.0},{"damage":10.0,"enemies":"Exordium Wildlife","floor":7.0,"turns":3.0},{"damage":9.0,"enemies":"Large Slime","floor":13.0,"turns":4.0},{"damage":0.0,"enemies":"Blue Slaver","floor":14.0,"turns":6.0},{"damage":0.0,"enemies":"Slime Boss","floor":16.0,"turns":4.0},{"damage":5,"enemies":"Shell Parasite","floor":18,"turns":6},{"damage":1,"enemies":"Spheric Guardian","floor":19,"turns":4},{"damage":0,"enemies":"Centurion and Healer","floor":22,"turns":9},{"damage":0,"enemies":"Book of Stabbing","floor":24,"turns":4},{"damage":19,"enemies":"Masked Bandits","floor":25,"turns":4},{"damage":0,"enemies":"Colosseum Slavers","floor":28,"turns":3},{"damage":0,"enemies":"Colosseum Nobs","floor":28,"turns":3},{"damage":3,"enemies":"Snake Plant","floor":30,"turns":5},{"damage":0,"enemies":"Shelled Parasite and Fungi","floor":31,"turns":4},{"damage":13,"enemies":"Automaton","floor":33,"turns":7},{"damage":1,"enemies":"Orb Walker","floor":35,"turns":5},{"damage":0,"enemies":"3 Shapes","floor":36,"turns":5},{"damage":0,"enemies":"2 Orb Walkers","floor":38,"turns":2},{"damage":3,"enemies":"3 Darklings","floor":39,"turns":3},{"damage":0,"enemies":"Reptomancer","floor":40,"turns":6},{"damage":0,"enemies":"4 Shapes","floor":41,"turns":5},{"damage":0,"enemies":"R_Hoarder","floor":45,"turns":6},{"damage":0,"enemies":"Maw","floor":47,"turns":3},{"damage":53,"enemies":"Nemesis","floor":48,"turns":7},{"damage":0,"enemies":"Donu and Deca","floor":50,"turns":4}],"seed_played":"232444499540385229","potions_obtained":[{"floor":1.0,"key":"DuplicationPotion"},{"floor":13.0,"key":"GamblersBrew"},{"floor":14.0,"key":"BlessingOfTheForge"},{"floor":16.0,"key":"Block Potion"},{"floor":18,"key":"SneckoOil"},{"floor":19,"key":"LifebloodPotion"},{"floor":30,"key":"Fire Potion"},{"floor":33,"key":"Energy Potion"},{"floor":35,"key":"Elixir"},{"floor":38,"key":"Swift Potion"},{"floor":45,"key":"BlessingOfTheForge"},{"floor":47,"key":"Elixir"},{"floor":48,"key":"SkillPotion"}],"is_trial":false,"path_per_floor":["M","?","?","M","M","R","M","$","T","$","R","?","M","M","R","B",null,"M","M","$","?","M","R","E","?","T","R","?","T","M","M","R","B",null,"M","M","$","?","M","E","M","$","T","R","E","?","M","E","R","B",null],"character_chosen":"DEFECT","items_purchased":["Replay:Rubber Ducky","Loop","BasicCrystalCard","Replay:Towering Pillar of Hats","Storm+1","Bag of Preparation","ReplayTheSpireMod:CursedCoin","Panic Button","Ball Lightning","Replay:Wax Seal","ReplayTheSpireMod:Ninjato","ReplayTheSpireMod:ShopPack"],"campfire_rested":0,"item_purchase_floors":[8,8,10,20,37,37,37,37,37,42,42,42],"current_hp_per_floor":[74,74,59,40,20,20,10,10,10,10,10,10,8,15,15,22,75,75,75,75,75,75,75,75,63,63,63,75,75,75,75,75,69,75,75,75,75,75,75,75,75,75,75,75,75,75,75,29,29,72],"gold":193,"neow_bonus":"BOSS_RELIC","is_daily":false,"chose_seed":false,"campfire_upgraded":7,"win_rate":0.0,"timestamp":1611407788,"path_taken":["M","?","?","M","M","R","M","?","T","$","R","?","M","M","R","BOSS","M","M","$","?","?","R","E","?","T","R","?","?","M","M","R","BOSS","M","M","$","?","M","E","M","$","T","R","E","?","?","E","R","BOSS"],"items_purchased_type":["Relic","Card","Card","Relic","Card","Relic","Relic","Card","Card","Relic","Relic","Relic"],"build_version":"2020-12-22","purchased_purges":2,"victory":true,"max_hp_per_floor":[75,75,75,75,75,75,75,75,75,75,75,75,75,75,75,75,75,75,75,75,75,75,75,75,75,75,75,75,75,75,75,75,75,75,75,75,75,75,75,75,75,75,75,75,75,75,75,75,75,75],"card_choices":[{"not_picked":["Redo","Streamline"],"picked":"Cold Snap","floor":1.0},{"not_picked":["Cold Snap","Rebound"],"picked":"BasicCrystalCard","floor":4.0},{"not_picked":["Auto Shields","Ball Lightning"],"picked":"Creative AI","floor":5.0},{"not_picked":["Beam Cell","Hologram"],"picked":"Self Repair","floor":7.0},{"not_picked":["Steam","Gash"],"picked":"Heatsinks","floor":13.0},{"not_picked":["Hologram","Chill"],"picked":"Storm","floor":14.0},{"not_picked":["ReplayTheSpireMod:Omega Cannon","Biased Cognition"],"picked":"Mirror Shield","floor":16.0},{"not_picked":["Hologram","Streamline"],"picked":"ReplaySort","floor":18},{"not_picked":["Redo","Reprogram"],"picked":"Consume+1","floor":19},{"not_picked":["Force Field","Rebound"],"picked":"Double Energy","floor":22},{"not_picked":["Hologram","Force Field"],"picked":"FIFO Queue","floor":24},{"not_picked":["Ball Lightning+1","BootSequence"],"picked":"Defragment","floor":25},{"not_picked":["Stack","Leap"],"picked":"Chaos","floor":28},{"not_picked":["Redo","Compile Driver+1","Steam"],"picked":"SKIP","floor":30},{"not_picked":["Biased Cognition+1","Steam"],"picked":"Darkness","floor":31},{"not_picked":["Amplify","ReplayTheSpireMod:Omega Cannon"],"picked":"Fission","floor":33},{"not_picked":["Gash","Redo","Steam+1"],"picked":"SKIP","floor":35},{"not_picked":["Compile Driver","ReplayTheSpireMod:Omega Cannon"],"picked":"Leap+1","floor":36},{"not_picked":["Streamline+1","BasicCrystalCard"],"picked":"Cold Snap","floor":38},{"not_picked":["Go for the Eyes","Auto Shields+1","Gash+1"],"picked":"SKIP","floor":39},{"not_picked":["ReplayGash","Seek"],"picked":"Crystallizer+1","floor":40},{"not_picked":["Compile Driver","Redo+1"],"picked":"Panic Button+1","floor":41},{"not_picked":["The Bomb","Transmutation"],"picked":"Midas Touch","floor":42},{"not_picked":["Bandage Up","Purity"],"picked":"Finesse","floor":42},{"not_picked":["Bandage Up","Madness"],"picked":"Impatience","floor":42},{"not_picked":["Crystallizer+1","Sweeping Beam","ReplaySolidLightProjector+1"],"picked":"SKIP","floor":45},{"not_picked":["White Noise","Go for the Eyes"],"picked":"Capacitor+1","floor":47},{"not_picked":["Hologram","Steam"],"picked":"Capacitor+1","floor":48}],"player_experience":21382,"relics_obtained":[{"floor":2.0,"key":"ReplayTheSpireMod:Ring of Challenge"},{"floor":2.0,"key":"Ring of Panic"},{"floor":9.0,"key":"Bottled Flame"},{"floor":13.0,"key":"Pet Ghost"},{"floor":24,"key":"Bag of Marbles"},{"floor":25,"key":"Red Mask"},{"floor":26,"key":"Bottled Tornado"},{"floor":28,"key":"StoneCalendar"},{"floor":28,"key":"Frozen Egg 2"},{"floor":29,"key":"Girya"},{"floor":32,"key":"ReplayFunnel"},{"floor":36,"key":"ReplayTheSpireMod:TigerMarble"},{"floor":38,"key":"Torii"},{"floor":40,"key":"Lantern"},{"floor":40,"key":"Replay:Baseball"},{"floor":43,"key":"Bronze Scales"},{"floor":45,"key":"Golden Egg"},{"floor":48,"key":"Bottled Lightning"},{"floor":48,"key":"Bird Faced Urn"}],"event_choices":[{"damage_healed":0.0,"max_hp_gain":0.0,"max_hp_loss":0.0,"gold_gain":0.0,"event_name":"Shining Light","player_choice":"Entered Light","floor":3.0,"gold_loss":0.0,"damage_taken":15.0,"cards_upgraded":["Strike_B","Zap"]},{"damage_healed":0.0,"max_hp_gain":0.0,"max_hp_loss":0.0,"gold_gain":0.0,"event_name":"Living Wall","player_choice":"Grow","floor":12.0,"gold_loss":0.0,"damage_taken":0.0,"cards_upgraded":["Creative AI"]},{"damage_healed":0,"gold_gain":0,"player_choice":"Opened","damage_taken":0,"relics_obtained":["Happy Flower"],"max_hp_gain":0,"max_hp_loss":0,"event_name":"The Mausoleum","floor":21,"gold_loss":0,"cards_obtained":["Writhe"]},{"damage_healed":0,"gold_gain":0,"player_choice":"Fought Bandits","damage_taken":0,"max_hp_gain":0,"max_hp_loss":0,"event_name":"Masked Bandits","floor":25,"gold_loss":0},{"damage_healed":0,"gold_gain":0,"player_choice":"Fight","damage_taken":0,"max_hp_gain":0,"max_hp_loss":0,"event_name":"Colosseum","floor":28,"gold_loss":0},{"damage_healed":0,"gold_gain":0,"player_choice":"Fought Nobs","damage_taken":0,"max_hp_gain":0,"max_hp_loss":0,"event_name":"Colosseum","floor":28,"gold_loss":0},{"damage_healed":0,"gold_gain":0,"player_choice":"Fight","damage_taken":0,"max_hp_gain":0,"max_hp_loss":0,"event_name":"Mysterious Sphere","floor":38,"gold_loss":0},{"cards_removed":["Sickly","Delirium","Sickly","Injury"],"damage_healed":0,"gold_gain":0,"player_choice":"Removed Curses","damage_taken":0,"max_hp_gain":0,"max_hp_loss":0,"event_name":"Fountain of Cleansing","floor":46,"gold_loss":0}],"is_beta":false,"boss_relics":[{"not_picked":["Runic Pyramid","Replay:Grab Bag"],"picked":"Inserter"},{"not_picked":["Fusion Hammer","Ring of Chaos"],"picked":"Nuclear Battery"}],"items_purged_floors":[37,42],"is_endless":false,"potions_floor_spawned":[1,13,14,16,18,19,22,30,33,35,38,45,47,48],"ascension_level":0}}