{"host":"d7fiu2yjkssjxoz6","time":1611441448,"event":{"mods":["AchievementEnabler","BaseMod","Duelist Mod","Minty Spire (QoL Compilation)","StSLib"],"gold_per_floor":[143,158,176,186,198,198,198,198],"floor_reached":7,"language":"ENG","playtime":390,"items_purged":[],"score":65,"play_id":"a3dc20a9-a7ee-4714-a79d-efd77e37766d","local_time":"20210123143728","is_ascension_mode":true,"campfire_choices":[{"data":"theDuelist:FluteKuriboh","floor":6,"key":"SMITH"}],"circlet_count":0,"master_deck":["theDuelist:CastleWalls","theDuelist:CastleWalls","theDuelist:ColossalFighter","theDuelist:CommandKnight","theDuelist:FeedbackWarrior","theDuelist:FeedbackWarrior","theDuelist:MightyWarrior","theDuelist:Sparks","theDuelist:Sparks","theDuelist:SuperheavySoulbuster","theDuelist:FightingSpirit","theDuelist:DarkOccultism","theDuelist:Sogen","theDuelist:FluteKuriboh+1","theDuelist:GoyoDefender"],"relics":["theDuelist:MillenniumPuzzle","theDuelist:CardPoolRelic","theDuelist:CardPoolBasicRelic","theDuelist:BoosterPackPoolRelic","theDuelist:CardPoolAddRelic","theDuelist:CardPoolMinusRelic","theDuelist:CardPoolSaveRelic","theDuelist:CardPoolOptionsRelic"],"acts_visited":["Exordium"],"potions_floor_usage":[],"damage_taken":[{"damage":0,"enemies":"Jaw Worm","floor":1,"turns":2},{"damage":9,"enemies":"Cultist","floor":2,"turns":5},{"damage":12,"enemies":"Small Slimes","floor":3,"turns":3},{"damage":22,"enemies":"Exordium Wildlife","floor":4,"turns":5},{"damage":20,"enemies":"Exordium Thugs","floor":5,"turns":4},{"damage":31,"enemies":"Gremlin Nob","floor":7,"turns":3}],"seed_played":"-8956113069375423290","potions_obtained":[{"floor":2,"key":"theDuelist:BurningPotion"},{"floor":4,"key":"theDuelist:VoidBottle"},{"floor":5,"key":"EntropicBrew"}],"is_trial":false,"path_per_floor":["M","M","M","M","M","R","E"],"character_chosen":"THE_DUELIST","items_purchased":[],"campfire_rested":0,"item_purchase_floors":[],"current_hp_per_floor":[80,71,59,37,17,17,0,0],"gold":198,"neow_bonus":"TEN_PERCENT_HP_BONUS","is_daily":false,"chose_seed":false,"campfire_upgraded":1,"win_rate":0.0,"timestamp":1611441448,"path_taken":["M","M","M","M","M","R","E"],"items_purchased_type":[],"build_version":"2020-12-22","purchased_purges":0,"victory":false,"max_hp_per_floor":[88,88,88,88,88,88,88,88],"card_choices":[{"not_picked":["theDuelist:LightLaser","theDuelist:HiddenArmory","theDuelist:HeroRing","theDuelist:GladiatorReturn"],"picked":"theDuelist:FightingSpirit","floor":1},{"not_picked":["theDuelist:MeteorDestruction","theDuelist:CombinationAttack","theDuelist:ScrapFactory","theDuelist:EgoBoost"],"picked":"theDuelist:DarkOccultism","floor":2},{"not_picked":["theDuelist:Flint","theDuelist:CubicKarma","theDuelist:CommanderSwords","theDuelist:SuperheavySoulshield"],"picked":"theDuelist:Sogen","floor":3},{"not_picked":["theDuelist:LightningVortex","theDuelist:PotAvarice","theDuelist:MillenniumScorpion","theDuelist:PurplePainOni"],"picked":"theDuelist:FluteKuriboh","floor":4},{"not_picked":["theDuelist:MightyWarrior","theDuelist:SuperheavyMagnet","theDuelist:BetaMagnet","theDuelist:PurplePainOni"],"picked":"theDuelist:GoyoDefender","floor":5}],"player_experience":248153,"relics_obtained":[],"event_choices":[],"is_beta":false,"boss_relics":[],"items_purged_floors":[],"is_endless":false,"potions_floor_spawned":[2,4,5],"killed_by":"Gremlin Nob","ascension_level":9}}