{"host":"srk2drlvga69hbot","time":1611411402,"event":{"mods":["BaseMod","Bestiary","Block Reminder","Colored Map","Colored Powertips","Dark Map","DeckTracker","Highlight Path","Minty Spire (QoL Compilation)","Quick Restart","Rare Cards Sparkle","Relic Stats","SuperFastMode","Unceasing Turn Reminder"],"gold_per_floor":[11,11,11,11,11,11,30,50,97,113,128,128,128,153,153,273,273,288,563,488,403,138,181,181,181,181,221,239,258,183,308,308,436,436,454,197,197,220,245,245,283,283,283,296,320,334,350,363,363,363,363,363,29,73,73],"floor_reached":56,"language":"ZHS","playtime":2533,"items_purged":["Regret","Strike_R","Strike_R"],"score":1659,"play_id":"0667b5a9-597d-44ce-a5b6-9f766d9dd37b","local_time":"20210123221642","is_ascension_mode":true,"campfire_choices":[{"data":"1","floor":6,"key":"LIFT"},{"data":"2","floor":12,"key":"LIFT"},{"data":"3","floor":15,"key":"LIFT"},{"floor":25,"key":"REST"},{"floor":32,"key":"REST"},{"floor":40,"key":"RECALL"},{"floor":49,"key":"REST"},{"data":"Fiend Fire","floor":52,"key":"SMITH"}],"circlet_count":0,"master_deck":["Strike_R","Strike_R","Defend_R","Defend_R","Bash","Fiend Fire+1","Reaper","Flex+1","Dark Embrace+1","Panache+1","Ghostly Armor","Ghostly Armor","Sentinel","Havoc","Havoc+1","Corruption+1","Feel No Pain+1","Fire Breathing+1","Bloodletting+1"],"relics":["Burning Blood","Unceasing Top","Golden Idol","Girya","Red Skull","Black Star","Frozen Egg 2","Potion Belt","Gambling Chip","Bottled Tornado","Bottled Lightning","Dead Branch","Ginger","Question Card","Busted Crown","Omamori","Ancient Tea Set","The Courier","Letter Opener","TungstenRod","Boot","Nunchaku"],"acts_visited":["Exordium","TheCity","TheBeyond","TheEnding"],"potions_floor_usage":[16,27,33],"damage_taken":[{"damage":4,"enemies":"Small Slimes","floor":1,"turns":4},{"damage":7,"enemies":"Jaw Worm","floor":7,"turns":3},{"damage":1,"enemies":"Cultist","floor":8,"turns":3},{"damage":4,"enemies":"Large Slime","floor":10,"turns":6},{"damage":22,"enemies":"Exordium Wildlife","floor":11,"turns":4},{"damage":21,"enemies":"Exordium Thugs","floor":14,"turns":4},{"damage":33,"enemies":"Slime Boss","floor":16,"turns":5},{"damage":33,"enemies":"Shell Parasite","floor":18,"turns":3},{"damage":60,"enemies":"Slavers","floor":23,"turns":4},{"damage":40,"enemies":"Gremlin Leader","floor":27,"turns":4},{"damage":12,"enemies":"Chosen","floor":28,"turns":3},{"damage":72,"enemies":"3 Cultists","floor":29,"turns":6},{"damage":23,"enemies":"Colosseum Slavers","floor":31,"turns":7},{"damage":5,"enemies":"Colosseum Nobs","floor":31,"turns":3},{"damage":31,"enemies":"Champ","floor":33,"turns":7},{"damage":11,"enemies":"Orb Walker","floor":35,"turns":4},{"damage":0,"enemies":"3 Darklings","floor":39,"turns":1},{"damage":1,"enemies":"Reptomancer","floor":41,"turns":2},{"damage":13,"enemies":"Spire Growth","floor":44,"turns":3},{"damage":3,"enemies":"Writhing Mass","floor":45,"turns":2},{"damage":0,"enemies":"3 Darklings","floor":46,"turns":1},{"damage":8,"enemies":"4 Shapes","floor":47,"turns":1},{"damage":27,"enemies":"Maw","floor":48,"turns":3},{"damage":0,"enemies":"Awakened One","floor":50,"turns":2},{"damage":7,"enemies":"Shield and Spear","floor":54,"turns":2},{"damage":30,"enemies":"The Heart","floor":55,"turns":5}],"seed_played":"-5313390241281545393","potions_obtained":[{"floor":10,"key":"DuplicationPotion"},{"floor":14,"key":"SmokeBomb"},{"floor":16,"key":"SneckoOil"},{"floor":23,"key":"FearPotion"},{"floor":28,"key":"HeartOfIron"},{"floor":31,"key":"LiquidBronze"},{"floor":39,"key":"GamblersBrew"},{"floor":47,"key":"PowerPotion"},{"floor":54,"key":"DistilledChaos"}],"is_trial":false,"path_per_floor":["M","?","T","?","?","R","M","M","T","M","M","R","?","M","R","B",null,"M","?","$","?","$","E","?","R","T","E","M","M","?","?","R","B",null,"M","$","?","T","M","R","E","?","T","M","M","M","M","M","R","B",null,"R","$","E","B",null],"character_chosen":"IRONCLAD","items_purchased":["Dark Embrace+1","Panache+1","Omamori","TungstenRod"],"campfire_rested":3,"item_purchase_floors":[22,22,36,53],"current_hp_per_floor":[74,54,54,54,80,80,79,80,80,80,64,64,57,42,42,15,64,37,37,37,37,37,13,13,37,37,33,39,15,15,36,60,48,72,80,80,80,80,80,80,80,80,80,80,80,80,80,59,80,80,80,80,80,79,66],"gold":73,"neow_bonus":"ONE_RARE_RELIC","is_daily":false,"chose_seed":false,"campfire_upgraded":1,"win_rate":0.0,"timestamp":1611411402,"path_taken":["M","?","?","?","?","R","M","?","T","M","M","R","?","M","R","BOSS","M","?","$","?","$","E","?","R","T","E","M","?","?","?","R","BOSS","M","$","?","?","M","R","E","?","T","M","M","?","M","M","R","BOSS","R","$","E","BOSS"],"items_purchased_type":["Card","Card","Relic","Relic"],"build_version":"2020-12-22","purchased_purges":3,"victory":true,"max_hp_per_floor":[80,80,80,80,80,80,80,80,80,80,80,80,80,80,80,80,80,80,80,80,80,80,80,80,80,80,80,80,80,80,80,80,80,80,80,80,80,80,80,80,80,80,80,80,80,80,80,80,80,80,80,80,80,80,80],"relic_stats":{"counters":[26,92],"Golden Idol":216,"Dead Branch":[276],"Ginger":[7],"Letter Opener":[250],"Question Card":10,"Boot":[0],"Burning Blood":107,"Nunchaku":[1],"Busted Crown":18,"Gambling Chip":[36],"Black Star":4,"obtain_stats":[{"Potion Belt":23,"Girya":3,"Golden Idol":2,"Dead Branch":27,"The Courier":41,"Omamori":36,"Ginger":31,"Letter Opener":41,"Frozen Egg 2":21,"Bottled Tornado":26,"Question Card":31,"Ancient Tea Set":38,"Boot":54,"Burning Blood":0,"Nunchaku":54,"Busted Crown":34,"Gambling Chip":23,"Black Star":17,"Bottled Lightning":27,"Unceasing Top":0,"Red Skull":9,"TungstenRod":53},{"Potion Belt":9,"Girya":1,"Golden Idol":1,"Dead Branch":10,"The Courier":18,"Omamori":16,"Ginger":14,"Letter Opener":18,"Frozen Egg 2":8,"Bottled Tornado":9,"Question Card":14,"Ancient Tea Set":16,"Boot":25,"Burning Blood":0,"Nunchaku":25,"Busted Crown":15,"Gambling Chip":9,"Black Star":7,"Bottled Lightning":10,"Unceasing Top":0,"Red Skull":3,"TungstenRod":24},{"Potion Belt":36,"Girya":4,"Golden Idol":4,"Dead Branch":40,"The Courier":73,"Omamori":70,"Ginger":59,"Letter Opener":73,"Frozen Egg 2":32,"Bottled Tornado":36,"Question Card":59,"Ancient Tea Set":70,"Boot":87,"Burning Blood":0,"Nunchaku":87,"Busted Crown":66,"Gambling Chip":36,"Black Star":29,"Bottled Lightning":40,"Unceasing Top":0,"Red Skull":10,"TungstenRod":85}],"Unceasing Top":[13],"TungstenRod":23},"card_choices":[{"not_picked":["Twin Strike","Perfected Strike","Clothesline"],"picked":"SKIP","floor":1},{"not_picked":["Anger","Body Slam","Armaments"],"picked":"SKIP","floor":7},{"not_picked":["Hemokinesis","Metallicize","Anger"],"picked":"SKIP","floor":8},{"not_picked":["Clash","Combust","Twin Strike"],"picked":"SKIP","floor":10},{"not_picked":["Reckless Charge","Blood for Blood"],"picked":"Fiend Fire","floor":11},{"not_picked":["Sentinel","Dropkick","True Grit"],"picked":"SKIP","floor":14},{"not_picked":["Fiend Fire","Bludgeon"],"picked":"Reaper","floor":16},{"not_picked":["Wild Strike","Twin Strike"],"picked":"Flex+1","floor":18},{"not_picked":["Uppercut","True Grit+1"],"picked":"Ghostly Armor","floor":23},{"not_picked":["Dropkick","Flex"],"picked":"Ghostly Armor","floor":27},{"not_picked":["Clothesline","Carnage"],"picked":"Sentinel","floor":28},{"not_picked":["Pommel Strike+1","Reckless Charge"],"picked":"Havoc","floor":29},{"not_picked":["Thunderclap+1","Second Wind"],"picked":"Havoc+1","floor":31},{"not_picked":["Feed","Exhume","Offering"],"picked":"Corruption+1","floor":33},{"not_picked":["Evolve+1"],"picked":"Feel No Pain+1","floor":35},{"not_picked":["Shrug It Off"],"picked":"Fire Breathing+1","floor":39},{"not_picked":["Wild Strike","Body Slam"],"picked":"SKIP","floor":41},{"not_picked":["Clash"],"picked":"Bloodletting+1","floor":44},{"not_picked":["Dark Embrace+1","Warcry"],"picked":"SKIP","floor":45},{"not_picked":["Infernal Blade","Dark Embrace+1"],"picked":"SKIP","floor":46},{"not_picked":["True Grit+1","Armaments"],"picked":"SKIP","floor":47},{"not_picked":["Clothesline+1","Fire Breathing+1"],"picked":"SKIP","floor":48},{"not_picked":["Flex","Bloodletting"],"picked":"SKIP","floor":54}],"player_experience":170704,"relics_obtained":[{"floor":3,"key":"Girya"},{"floor":9,"key":"Red Skull"},{"floor":23,"key":"Potion Belt"},{"floor":23,"key":"Gambling Chip"},{"floor":26,"key":"Bottled Tornado"},{"floor":27,"key":"Bottled Lightning"},{"floor":27,"key":"Dead Branch"},{"floor":31,"key":"Ginger"},{"floor":31,"key":"Question Card"},{"floor":38,"key":"Ancient Tea Set"},{"floor":41,"key":"The Courier"},{"floor":41,"key":"Letter Opener"},{"floor":54,"key":"Boot"},{"floor":54,"key":"Nunchaku"}],"event_choices":[{"damage_healed":0,"gold_gain":0,"player_choice":"Take Damage","damage_taken":20,"relics_obtained":["Golden Idol"],"max_hp_gain":0,"max_hp_loss":0,"event_name":"Golden Idol","floor":2,"gold_loss":0},{"cards_removed":["Defend_R"],"damage_healed":0,"gold_gain":0,"player_choice":"Forget","damage_taken":0,"max_hp_gain":0,"max_hp_loss":0,"event_name":"Living Wall","floor":4,"gold_loss":0},{"damage_healed":26,"gold_gain":0,"player_choice":"Full Heal","damage_taken":0,"max_hp_gain":0,"max_hp_loss":0,"event_name":"Wheel of Change","floor":5,"gold_loss":0},{"cards_removed":["Defend_R"],"damage_healed":0,"gold_gain":0,"player_choice":"Card Removal","damage_taken":7,"max_hp_gain":0,"max_hp_loss":0,"event_name":"Golden Wing","floor":13,"gold_loss":0},{"damage_healed":0,"gold_gain":275,"player_choice":"Desecrate","damage_taken":0,"max_hp_gain":0,"max_hp_loss":0,"event_name":"Golden Shrine","floor":19,"gold_loss":0,"cards_obtained":["Regret"]},{"damage_healed":0,"gold_gain":0,"player_choice":"Obtained Relic","damage_taken":0,"relics_obtained":["Frozen Egg 2"],"max_hp_gain":0,"max_hp_loss":0,"event_name":"Addict","floor":21,"gold_loss":85},{"damage_healed":0,"gold_gain":0,"player_choice":"Ignored","damage_taken":0,"max_hp_gain":0,"max_hp_loss":0,"event_name":"N\u0027loth","floor":24,"gold_loss":0},{"cards_removed":["Strike_R"],"damage_healed":0,"gold_gain":0,"player_choice":"Gave Gold","damage_taken":0,"max_hp_gain":0,"max_hp_loss":0,"event_name":"Beggar","floor":30,"gold_loss":75},{"damage_healed":0,"gold_gain":0,"player_choice":"Fight","damage_taken":0,"max_hp_gain":0,"max_hp_loss":0,"event_name":"Colosseum","floor":31,"gold_loss":0},{"damage_healed":0,"gold_gain":0,"player_choice":"Fought Nobs","damage_taken":0,"max_hp_gain":0,"max_hp_loss":0,"event_name":"Colosseum","floor":31,"gold_loss":0},{"damage_healed":0,"gold_gain":0,"player_choice":"Ignored","damage_taken":0,"max_hp_gain":0,"max_hp_loss":0,"event_name":"Tomb of Lord Red Mask","floor":37,"gold_loss":0},{"damage_healed":0,"gold_gain":0,"player_choice":"0 cards matched","damage_taken":0,"max_hp_gain":0,"max_hp_loss":0,"event_name":"Match and Keep!","floor":42,"gold_loss":0,"cards_obtained":[]}],"is_beta":false,"boss_relics":[{"not_picked":["Velvet Choker","Mark of Pain"],"picked":"Black Star"},{"not_picked":["Sozu","Calling Bell"],"picked":"Busted Crown"}],"items_purged_floors":[20,36,53],"is_endless":false,"potions_floor_spawned":[10,14,16,23,28,31,39,47,54],"ascension_level":6}}