{"host":"duxoyu97j36znyap","time":1611376657,"event":{"mods":["AlwaysNeverKeys","BaseMod","Bestiary","BetterRewards","Colored Map","DeckTracker","Filter the Spire","Googly Eyes","Minty Spire (QoL Compilation)","Permanent Neow","Rare Cards Sparkle","Relic Stats","StSLib"],"gold_per_floor":[117,167,167,186,202,227,242,242,268,299,311,336,364,401,413,522,534,559,197,122,141,141,141,166,177,177,177,206,222,257,272,272,374,374,393,405,416,416,427,457,473,501,501,551,585,585,329,340,340,340,340,340,22,53,53],"floor_reached":56,"language":"ENG","playtime":3085,"items_purged":["Zap","Steam"],"score":1812,"play_id":"21eeffa0-f9b4-4360-9be5-e955179d299b","local_time":"20210122233737","is_ascension_mode":true,"campfire_choices":[{"data":"Barrage","floor":8.0,"key":"SMITH"},{"data":"Defragment","floor":11.0,"key":"SMITH"},{"floor":15.0,"key":"REST"},{"data":"Chill","floor":23.0,"key":"SMITH"},{"data":"Fission","floor":27.0,"key":"SMITH"},{"data":"Amplify","floor":32.0,"key":"SMITH"},{"data":"Fission","floor":46.0,"key":"SMITH"},{"data":"Heatsinks","floor":49.0,"key":"SMITH"},{"data":"Barrage","floor":52.0,"key":"SMITH"}],"circlet_count":0,"master_deck":["Doom and Gloom","Storm","Double Energy","Electrodynamics","Capacitor","Doom and Gloom","Chill+1","Turbo","Self Repair","Barrage+1","Defragment+1","Heatsinks+1","Conserve Battery","Storm","Amplify+1","Loop","Buffer","Fission+1","PanicButton","Stack+1","Multi-Cast","Aggregate","Machine Learning","Coolheaded","Force Field","Coolheaded","Conserve Battery","Creative AI","Stack+1","Capacitor+1","Go for the Eyes","White Noise","Fission+1","Tempest","Static Discharge","Barrage+1","Heatsinks","Consume+1"],"relics":["Pandora\u0027s Box","Oddly Smooth Stone","Ancient Tea Set","MawBank","InkBottle","Philosopher\u0027s Stone","Pear","Meat on the Bone","Vajra","Dream Catcher","Runic Pyramid","Art of War","Centennial Puzzle","StrikeDummy","Emotion Chip","Mango","OrangePellets","Boot"],"acts_visited":["Exordium","TheCity","TheBeyond","TheEnding"],"potions_floor_usage":[53,55,55,55],"damage_taken":[{"damage":6.0,"enemies":"Cultist","floor":1.0,"turns":3.0},{"damage":14.0,"enemies":"Small Slimes","floor":4.0,"turns":2.0},{"damage":0.0,"enemies":"Jaw Worm","floor":5.0,"turns":3.0},{"damage":7.0,"enemies":"Gremlin Nob","floor":6.0,"turns":4.0},{"damage":13.0,"enemies":"Looter","floor":7.0,"turns":3.0},{"damage":18.0,"enemies":"Lagavulin","floor":10.0,"turns":5.0},{"damage":0.0,"enemies":"Large Slime","floor":12.0,"turns":2.0},{"damage":0.0,"enemies":"2 Fungi Beasts","floor":13.0,"turns":2.0},{"damage":29.0,"enemies":"Gremlin Nob","floor":14.0,"turns":4.0},{"damage":14.0,"enemies":"Hexaghost","floor":16.0,"turns":5.0},{"damage":14.0,"enemies":"Shell Parasite","floor":18.0,"turns":3.0},{"damage":5.0,"enemies":"3 Byrds","floor":21.0,"turns":3.0},{"damage":9.0,"enemies":"Book of Stabbing","floor":24.0,"turns":5.0},{"damage":0.0,"enemies":"Snecko","floor":25.0,"turns":5.0},{"damage":18.0,"enemies":"Gremlin Leader","floor":28.0,"turns":3.0},{"damage":23.0,"enemies":"Shelled Parasite and Fungi","floor":29.0,"turns":4.0},{"damage":9.0,"enemies":"Book of Stabbing","floor":30.0,"turns":3.0},{"damage":5.0,"enemies":"Chosen and Byrds","floor":31.0,"turns":4.0},{"damage":51.0,"enemies":"Collector","floor":33.0,"turns":7.0},{"damage":0.0,"enemies":"3 Shapes","floor":35.0,"turns":3.0},{"damage":0.0,"enemies":"3 Darklings","floor":36.0,"turns":3.0},{"damage":3.0,"enemies":"Jaw Worm Horde","floor":37.0,"turns":4.0},{"damage":9.0,"enemies":"Sphere and 2 Shapes","floor":39.0,"turns":4.0},{"damage":0.0,"enemies":"Giant Head","floor":40.0,"turns":6.0},{"damage":24.0,"enemies":"3 Darklings","floor":41.0,"turns":4.0},{"damage":10.0,"enemies":"Nemesis","floor":42.0,"turns":7.0},{"damage":0.0,"enemies":"Mind Bloom Boss Battle","floor":44.0,"turns":4.0},{"damage":3.0,"enemies":"Reptomancer","floor":45.0,"turns":4.0},{"damage":0.0,"enemies":"Maw","floor":48.0,"turns":3.0},{"damage":1.0,"enemies":"Donu and Deca","floor":50.0,"turns":4.0},{"damage":10,"enemies":"Shield and Spear","floor":54,"turns":2},{"damage":59,"enemies":"The Heart","floor":55,"turns":5}],"seed_played":"-1403620019626984490","potions_obtained":[{"floor":1.0,"key":"EssenceOfSteel"},{"floor":3.0,"key":"Energy Potion"},{"floor":3.0,"key":"Block Potion"},{"floor":5.0,"key":"Block Potion"},{"floor":7.0,"key":"Swift Potion"},{"floor":14.0,"key":"Swift Potion"},{"floor":16.0,"key":"AttackPotion"},{"floor":21.0,"key":"SkillPotion"},{"floor":24.0,"key":"Energy Potion"},{"floor":25.0,"key":"PowerPotion"},{"floor":30.0,"key":"Explosive Potion"},{"floor":33.0,"key":"LiquidBronze"},{"floor":36.0,"key":"Swift Potion"},{"floor":37.0,"key":"SteroidPotion"},{"floor":40.0,"key":"EssenceOfSteel"},{"floor":45.0,"key":"Fruit Juice"},{"floor":48.0,"key":"LiquidBronze"}],"is_trial":false,"path_per_floor":["M","?","?","M","M","E","M","R","T","E","R","M","M","E","R","B",null,"M","$","?","M","?","R","E","M","T","R","E","M","E","M","R","B",null,"M","M","M","?","M","E","M","E","T","?","E","R","$","M","R","B",null,"R","$","E","B",null],"character_chosen":"DEFECT","items_purchased":["Buffer","Fission","PanicButton","Tempest","Static Discharge","Heatsinks","OrangePellets","CultistPotion"],"campfire_rested":1,"item_purchase_floors":[19,19,19,47,47,53,53,53],"current_hp_per_floor":[62,62,62,48,48,41,35,35,35,24,24,24,31,9,31,24,62,55,55,55,57,57,57,58,65,65,65,54,57,55,57,57,25,70,84,84,85,81,72,79,55,59,59,66,84,84,84,91,91,95,95,95,100,90,43],"gold":53,"neow_bonus":"BOSS_RELIC","is_daily":false,"chose_seed":false,"campfire_upgraded":8,"win_rate":0.0,"timestamp":1611376657,"path_taken":["M","?","?","M","?","E","M","R","T","E","R","?","M","E","R","BOSS","M","$","?","M","?","R","E","M","T","R","E","M","E","M","R","BOSS","M","M","M","?","M","E","M","E","T","?","E","R","$","M","R","BOSS","R","$","E","BOSS"],"items_purchased_type":["Card","Card","Card","Card","Card","Card","Relic","Potion"],"build_version":"2020-12-22","purchased_purges":2,"victory":true,"max_hp_per_floor":[75,75,75,75,75,75,75,75,75,75,75,75,75,75,75,75,75,75,75,75,75,75,75,85,85,85,85,85,85,85,85,85,85,85,85,85,85,81,81,81,81,81,81,81,95,95,95,95,95,95,95,95,100,100,100],"relic_stats":{"OrangePellets":[4],"Dream Catcher":0,"Centennial Puzzle":[12],"Emotion Chip":[30,26,4,0,0],"counters":[32,121],"Pandora\u0027s Box":["Hologram","Doom and Gloom","Redo","Storm","Double Energy","Electrodynamics","Capacitor","Doom and Gloom"],"Art of War":[9],"MawBank":108,"Boot":[0],"obtain_stats":[{"Pear":24,"Oddly Smooth Stone":6,"Vajra":28,"Mango":45,"Ancient Tea Set":9,"MawBank":10,"Boot":54,"OrangePellets":53,"Dream Catcher":30,"Centennial Puzzle":42,"Emotion Chip":44,"Pandora\u0027s Box":0,"Philosopher\u0027s Stone":17,"Art of War":40,"Cracked Core":0,"StrikeDummy":43,"InkBottle":14,"Meat on the Bone":26,"Runic Pyramid":34},{"Pear":13,"Oddly Smooth Stone":4,"Vajra":15,"Mango":28,"Ancient Tea Set":5,"MawBank":6,"Boot":31,"OrangePellets":30,"Dream Catcher":17,"Centennial Puzzle":26,"Emotion Chip":27,"Pandora\u0027s Box":0,"Philosopher\u0027s Stone":10,"Art of War":24,"Cracked Core":0,"StrikeDummy":26,"InkBottle":9,"Meat on the Bone":14,"Runic Pyramid":19},{"Pear":43,"Oddly Smooth Stone":12,"Vajra":51,"Mango":107,"Ancient Tea Set":15,"MawBank":20,"Boot":116,"OrangePellets":114,"Dream Catcher":58,"Centennial Puzzle":99,"Emotion Chip":103,"Pandora\u0027s Box":0,"Philosopher\u0027s Stone":33,"Art of War":88,"Cracked Core":0,"StrikeDummy":99,"InkBottle":28,"Meat on the Bone":48,"Runic Pyramid":68}],"InkBottle":[50],"Meat on the Bone":36},"card_choices":[{"not_picked":["Capacitor","Sweeping Beam"],"picked":"Chill","floor":1.0},{"not_picked":["Coolheaded","Streamline"],"picked":"Steam","floor":4.0},{"not_picked":["Rebound","Recycle"],"picked":"Turbo","floor":5.0},{"not_picked":["Rebound","All For One"],"picked":"Self Repair","floor":6.0},{"not_picked":["Tempest","Sweeping Beam"],"picked":"Barrage","floor":7.0},{"not_picked":["Static Discharge","Aggregate"],"picked":"Defragment","floor":10.0},{"not_picked":["Turbo","Ball Lightning"],"picked":"Heatsinks","floor":12.0},{"not_picked":["Beam Cell","Coolheaded"],"picked":"Conserve Battery","floor":13.0},{"not_picked":["Amplify","Darkness"],"picked":"Storm","floor":14.0},{"not_picked":["Hyperbeam","Machine Learning"],"picked":"Amplify","floor":16.0},{"not_picked":["Chill","Steam"],"picked":"Loop","floor":18.0},{"not_picked":["Hologram","Gash"],"picked":"Stack+1","floor":21.0},{"not_picked":["Ball Lightning","Fusion"],"picked":"Machine Learning","floor":24.0},{"not_picked":["Stack","Auto Shields"],"picked":"Coolheaded","floor":25.0},{"not_picked":["Beam Cell","Blizzard"],"picked":"Force Field","floor":28.0},{"not_picked":["Sweeping Beam","Aggregate"],"picked":"Coolheaded","floor":29.0},{"not_picked":["Redo","Sweeping Beam","Blizzard"],"picked":"SKIP","floor":30.0},{"not_picked":["Rebound","Chill+1"],"picked":"Conserve Battery","floor":31.0},{"not_picked":["Electrodynamics","Core Surge"],"picked":"Creative AI","floor":33.0},{"not_picked":["FTL+1","Aggregate+1"],"picked":"Stack+1","floor":35.0},{"not_picked":["Barrage","Ball Lightning"],"picked":"Capacitor+1","floor":36.0},{"not_picked":["Auto Shields","Undo"],"picked":"Go for the Eyes","floor":37.0},{"not_picked":["Hologram","Compile Driver+1","Steam Power+1"],"picked":"SKIP","floor":39.0},{"not_picked":["Self Repair","Force Field+1","Steam+1"],"picked":"SKIP","floor":40.0},{"not_picked":["BootSequence","Hologram+1","Ball Lightning"],"picked":"SKIP","floor":41.0},{"not_picked":["Reprogram+1","Hello World","Stack+1"],"picked":"SKIP","floor":42.0},{"not_picked":["Gash","Go for the Eyes"],"picked":"White Noise","floor":44.0},{"not_picked":["Reboot","Rebound+1"],"picked":"Fission","floor":45.0},{"not_picked":["Rebound+1","Gash"],"picked":"Barrage","floor":48.0},{"not_picked":["Turbo","Gash+1"],"picked":"Consume+1","floor":54}],"player_experience":560783,"relics_obtained":[{"floor":6.0,"key":"Oddly Smooth Stone"},{"floor":9.0,"key":"Ancient Tea Set"},{"floor":10.0,"key":"MawBank"},{"floor":14.0,"key":"InkBottle"},{"floor":24.0,"key":"Pear"},{"floor":26.0,"key":"Meat on the Bone"},{"floor":28.0,"key":"Vajra"},{"floor":30.0,"key":"Dream Catcher"},{"floor":40.0,"key":"Art of War"},{"floor":42.0,"key":"Centennial Puzzle"},{"floor":43.0,"key":"StrikeDummy"},{"floor":44.0,"key":"Emotion Chip"},{"floor":45.0,"key":"Mango"},{"floor":54,"key":"Boot"}],"event_choices":[{"damage_healed":0.0,"max_hp_gain":0.0,"max_hp_loss":0.0,"gold_gain":50.0,"event_name":"Golden Wing","player_choice":"Gained Gold","floor":2.0,"gold_loss":0.0,"damage_taken":0.0},{"damage_healed":0.0,"max_hp_gain":0.0,"max_hp_loss":0.0,"gold_gain":0.0,"event_name":"Lab","player_choice":"Got Potions","floor":3.0,"gold_loss":0.0,"damage_taken":0.0},{"cards_removed":["Redo"],"damage_healed":0.0,"max_hp_gain":0.0,"max_hp_loss":0.0,"gold_gain":0.0,"event_name":"Beggar","player_choice":"Gave Gold","floor":20.0,"gold_loss":75.0,"damage_taken":0.0},{"damage_healed":0.0,"max_hp_gain":0.0,"max_hp_loss":0.0,"gold_gain":0.0,"cards_transformed":["Dualcast","Hologram"],"event_name":"Drug Dealer","player_choice":"Became Test Subject","floor":22.0,"gold_loss":0.0,"damage_taken":0.0,"cards_obtained":["Multi-Cast","Aggregate"]},{"damage_healed":0.0,"max_hp_gain":0.0,"max_hp_loss":4.0,"gold_gain":0.0,"event_name":"Winding Halls","player_choice":"Max HP","floor":38.0,"gold_loss":0.0,"damage_taken":0.0},{"damage_healed":0.0,"max_hp_gain":0.0,"max_hp_loss":0.0,"gold_gain":0.0,"event_name":"MindBloom","player_choice":"Fight","floor":44.0,"gold_loss":0.0,"damage_taken":0.0}],"is_beta":false,"boss_relics":[{"not_picked":["Busted Crown","Tiny House"],"picked":"Philosopher\u0027s Stone"},{"not_picked":["Nuclear Battery","Fusion Hammer"],"picked":"Runic Pyramid"}],"items_purged_floors":[19,47],"is_endless":false,"potions_floor_spawned":[1,5,7,14,16,21,24,25,30,33,36,37,40,41,45,48],"ascension_level":8}}