{"host":"928gv66myv2vlnsd","time":1611382064,"event":{"mods":["BaseMod","Minty Spire (QoL Compilation)","StSLib"],"gold_per_floor":[115,115,136,136,157,157,197,197,197,197,270,270,286,317,317,408,408,427,352,352,302,248,248,248],"floor_reached":23,"language":"ENG","playtime":777,"items_purged":["Injury"],"score":380,"play_id":"eafc9a86-66c7-4736-85cf-57a235075951","local_time":"20210123010744","is_ascension_mode":true,"campfire_choices":[{"floor":6,"key":"REST"},{"floor":10,"key":"REST"},{"data":"Spot Weakness","floor":12,"key":"SMITH"},{"floor":15,"key":"REST"}],"circlet_count":0,"master_deck":["AscendersBane","Strike_R","Strike_R","Strike_R","Strike_R","Strike_R","Defend_R","Defend_R","Defend_R+1","Defend_R+1","Bash","Fiend Fire+1","Shrug It Off","Iron Wave","Inflame+1","Spot Weakness+1","Impervious","Pommel Strike"],"relics":["Burning Blood","Golden Idol","Bottled Lightning","Darkstone Periapt","Toy Ornithopter","Black Star"],"acts_visited":["Exordium","TheCity"],"potions_floor_usage":[14,16,18,23,23],"damage_taken":[{"damage":9,"enemies":"Small Slimes","floor":1,"turns":5},{"damage":9,"enemies":"Jaw Worm","floor":3,"turns":4},{"damage":3,"enemies":"2 Louse","floor":5,"turns":3},{"damage":27,"enemies":"3 Sentries","floor":7,"turns":13},{"damage":6,"enemies":"2 Fungi Beasts","floor":13,"turns":3},{"damage":20,"enemies":"Lagavulin","floor":14,"turns":5},{"damage":40,"enemies":"The Guardian","floor":16,"turns":13},{"damage":0,"enemies":"3 Byrds","floor":18,"turns":6},{"damage":80,"enemies":"Slavers","floor":23,"turns":4}],"seed_played":"-8486119145437475233","potions_obtained":[{"floor":1,"key":"Fire Potion"},{"floor":7,"key":"SteroidPotion"},{"floor":16,"key":"Fire Potion"},{"floor":18,"key":"Dexterity Potion"}],"is_trial":false,"path_per_floor":["M","?","M","?","M","R","E","?","T","R","?","R","M","E","R","B",null,"M","$","?","?","$","E"],"character_chosen":"IRONCLAD","items_purchased":["Strength Potion"],"campfire_rested":3,"item_purchase_floors":[22],"current_hp_per_floor":[47,47,44,21,24,46,25,25,25,47,47,47,47,33,55,26,63,74,74,74,74,74,0,0],"gold":248,"neow_bonus":"THREE_RARE_CARDS","is_daily":false,"chose_seed":false,"campfire_upgraded":1,"win_rate":0.0,"timestamp":1611382064,"path_taken":["M","?","M","?","M","R","E","?","T","R","?","R","M","E","R","BOSS","M","$","?","?","$","E"],"items_purchased_type":["Potion"],"build_version":"2020-12-22","purchased_purges":1,"victory":false,"max_hp_per_floor":[75,75,75,75,75,75,75,75,75,75,75,75,75,75,75,75,75,75,75,75,75,75,75,75],"card_choices":[{"not_picked":["Demon Form","Corruption"],"picked":"Fiend Fire","floor":0},{"not_picked":["Power Through","Seeing Red"],"picked":"Shrug It Off","floor":1},{"not_picked":["Wild Strike","Pummel"],"picked":"Iron Wave","floor":3},{"not_picked":["Reckless Charge","Havoc"],"picked":"Inflame","floor":5},{"not_picked":["Heavy Blade","Corruption"],"picked":"Spot Weakness","floor":7},{"not_picked":["Uppercut","Spot Weakness","Body Slam"],"picked":"SKIP","floor":13},{"not_picked":["Clothesline","Dual Wield","Anger"],"picked":"SKIP","floor":14},{"not_picked":["Barricade","Fiend Fire"],"picked":"Impervious","floor":16},{"not_picked":["Flex+1","Second Wind"],"picked":"Pommel Strike","floor":18}],"player_experience":1303813,"relics_obtained":[{"floor":7,"key":"Bottled Lightning"},{"floor":9,"key":"Darkstone Periapt"},{"floor":14,"key":"Toy Ornithopter"}],"event_choices":[{"damage_healed":0,"gold_gain":0,"player_choice":"Take Wound","damage_taken":0,"relics_obtained":["Golden Idol"],"max_hp_gain":0,"max_hp_loss":0,"event_name":"Golden Idol","floor":2,"gold_loss":0,"cards_obtained":["Injury"]},{"damage_healed":0,"gold_gain":0,"player_choice":"Entered Light","damage_taken":23,"max_hp_gain":0,"max_hp_loss":0,"event_name":"Shining Light","floor":4,"gold_loss":0,"cards_upgraded":["Defend_R","Defend_R"]},{"damage_healed":0,"gold_gain":0,"player_choice":"Grow","damage_taken":0,"max_hp_gain":0,"max_hp_loss":0,"event_name":"Living Wall","floor":8,"gold_loss":0,"cards_upgraded":["Fiend Fire"]},{"damage_healed":0,"gold_gain":73,"player_choice":"Gained Gold","damage_taken":0,"max_hp_gain":0,"max_hp_loss":0,"event_name":"Golden Wing","floor":11,"gold_loss":0},{"damage_healed":0,"gold_gain":0,"player_choice":"Ignored","damage_taken":0,"max_hp_gain":0,"max_hp_loss":0,"event_name":"Ghosts","floor":20,"gold_loss":0},{"damage_healed":0,"gold_gain":0,"player_choice":"Upgrade","damage_taken":0,"max_hp_gain":0,"max_hp_loss":0,"event_name":"Designer","floor":21,"gold_loss":50,"cards_upgraded":["Inflame"]}],"is_beta":false,"boss_relics":[{"not_picked":["Busted Crown","SlaversCollar"],"picked":"Black Star"}],"items_purged_floors":[19],"is_endless":false,"potions_floor_spawned":[1,7,16,18],"killed_by":"Slavers","ascension_level":19}}