{"host":"mku5fdaoqz3qihec","time":1611435307,"event":{"mods":["2.2 Compatiblity","AchievementEnabler","BaseMod","Colored Map","Colored Powertips","Hermit","Minty Spire (QoL Compilation)","Rare Cards Sparkle","StSLib","SuperFastMode","The Dragon Tamer","The Servant 0.9.4"],"gold_per_floor":[113,76,76,76,89,89,120,120,120,120,120,139,163,338,338,338,338],"floor_reached":16,"language":"KOR","playtime":297,"items_purged":[],"score":96,"play_id":"de3994e4-547c-4d86-b338-fcc8dfbf2bde","local_time":"20210124055507","is_ascension_mode":false,"campfire_choices":[{"data":"hermit:Covet","floor":6.0,"key":"SMITH"},{"data":"hermit:ItchyTrigger","floor":8.0,"key":"SMITH"},{"data":"hermit:Grudge","floor":11.0,"key":"SMITH"},{"data":"hermit:Determination","floor":15,"key":"SMITH"}],"circlet_count":0,"master_deck":["hermit:Strike_Hermit+1","hermit:Strike_Hermit","hermit:Strike_Hermit","hermit:Defend_Hermit","hermit:Defend_Hermit+1","hermit:Defend_Hermit","hermit:Defend_Hermit","hermit:Snapshot","hermit:Covet+1","Writhe","hermit:Gambit","hermit:Determination+1","hermit:Roulette","hermit:Grudge+1","hermit:ItchyTrigger+1","Doubt"],"relics":["hermit:Momento","Vajra","Meat on the Bone","Bag of Marbles"],"acts_visited":["Exordium"],"potions_floor_usage":[],"damage_taken":[{"damage":7.0,"enemies":"2 Louse","floor":1.0,"turns":3.0},{"damage":3.0,"enemies":"Jaw Worm","floor":5.0,"turns":3.0},{"damage":13.0,"enemies":"Lagavulin","floor":7.0,"turns":3.0},{"damage":8.0,"enemies":"Small Slimes","floor":12.0,"turns":2.0},{"damage":44,"enemies":"The Guardian","floor":16,"turns":8}],"seed_played":"4310117142328712799","potions_obtained":[{"floor":1.0,"key":"PowerPotion"},{"floor":5.0,"key":"FearPotion"}],"is_trial":false,"path_per_floor":["M","$","?","?","M","R","E","R","T","$","R","M","T","?","R","B"],"character_chosen":"HERMIT","items_purchased":["hermit:Determination"],"campfire_rested":0,"item_purchase_floors":[2],"current_hp_per_floor":[68,68,53,53,50,50,37,37,37,37,37,41,41,41,41,0,0],"gold":338,"neow_bonus":"THREE_RARE_CARDS","is_daily":false,"chose_seed":false,"campfire_upgraded":4,"win_rate":0.0,"timestamp":1611435307,"path_taken":["M","$","?","?","M","R","E","R","T","$","R","M","?","?","R","BOSS"],"items_purchased_type":["Card"],"build_version":"2020-12-22","purchased_purges":0,"victory":false,"max_hp_per_floor":[75,75,75,75,75,75,75,75,75,75,75,75,75,75,75,75,75],"card_choices":[{"not_picked":["hermit:BlackWind","hermit:FromBeyond"],"picked":"hermit:Gambit","floor":0.0},{"not_picked":["hermit:HoleUp","hermit:Dive","hermit:Brawl"],"picked":"SKIP","floor":1.0},{"not_picked":["hermit:Combo","hermit:Snipe"],"picked":"hermit:Grudge","floor":5.0},{"not_picked":["hermit:Brawl","hermit:Coalescence"],"picked":"hermit:ItchyTrigger","floor":7.0},{"not_picked":["hermit:DeadMansHand","hermit:Roulette","hermit:Determination"],"picked":"SKIP","floor":12.0}],"player_experience":263002,"relics_obtained":[{"floor":7.0,"key":"Vajra"},{"floor":9.0,"key":"Meat on the Bone"},{"floor":13.0,"key":"Bag of Marbles"}],"event_choices":[{"damage_healed":0.0,"max_hp_gain":0.0,"max_hp_loss":0.0,"gold_gain":0.0,"event_name":"Shining Light","player_choice":"Entered Light","floor":3.0,"gold_loss":0.0,"damage_taken":15.0,"cards_upgraded":["hermit:Defend_Hermit","hermit:Strike_Hermit"]},{"damage_healed":0.0,"max_hp_gain":0.0,"max_hp_loss":0.0,"gold_gain":0.0,"cards_transformed":["hermit:Strike_Hermit"],"event_name":"Living Wall","player_choice":"Change","floor":4.0,"gold_loss":0.0,"damage_taken":0.0,"cards_obtained":["hermit:Roulette"]},{"damage_healed":0,"gold_gain":175,"player_choice":"AGREE","damage_taken":0,"max_hp_gain":0,"max_hp_loss":0,"event_name":"Liars Game","floor":14,"gold_loss":0,"cards_obtained":["Doubt"]}],"is_beta":false,"boss_relics":[],"items_purged_floors":[],"is_endless":false,"potions_floor_spawned":[1,5],"killed_by":"The Guardian","ascension_level":0}}