{"host":"k7udt7atmcuzf6l0","time":1611377736,"event":{"mods":["AchievementEnabler","BaseMod","Colored Map","Colored Powertips","Highlight Path","Minty Spire (QoL Compilation)","Quick Restart","Rare Cards Sparkle","StSLib","UnlockEverythingMod"],"gold_per_floor":[116,191,491,510,523,523,541,541,568,587,587,599,408,443,443,544,544,556,262,361,372,390,418,418,436,436,436,436],"floor_reached":27,"language":"ZHT","playtime":1047,"items_purged":[],"score":260,"play_id":"00c95eb9-4519-4472-990b-f58eef33b064","local_time":"20210123125536","is_ascension_mode":false,"campfire_choices":[{"data":"Flex","floor":6,"key":"SMITH"},{"data":"Seeing Red","floor":8,"key":"SMITH"},{"data":"Infernal Blade","floor":11,"key":"SMITH"},{"data":"Flex","floor":15,"key":"SMITH"},{"data":"Berserk","floor":24,"key":"SMITH"}],"circlet_count":0,"master_deck":["Strike_R","Strike_R+1","Strike_R","Strike_R","Strike_R","Defend_R","Defend_R","Defend_R","Defend_R","Bash","Flex+1","Cleave","Clash+1","Seeing Red+1","Infernal Blade+1","Clash","Flex+1","Pummel","Berserk+1","Iron Wave","Havoc+1","Pummel","Battle Trance","Twin Strike","Whirlwind","Pommel Strike","Body Slam"],"relics":["Burning Blood","NeowsBlessing","Old Coin","Bag of Preparation","Vajra","Orichalcum","Sozu","Regal Pillow","Orrery","Whetstone","Du-Vu Doll"],"acts_visited":["Exordium","TheCity"],"potions_floor_usage":[10,14,16],"damage_taken":[{"damage":0,"enemies":"2 Louse","floor":1,"turns":1},{"damage":0,"enemies":"Jaw Worm","floor":4,"turns":1},{"damage":0,"enemies":"Cultist","floor":5,"turns":1},{"damage":12,"enemies":"Blue Slaver","floor":7,"turns":4},{"damage":6,"enemies":"3 Louse","floor":10,"turns":3},{"damage":7,"enemies":"Exordium Thugs","floor":12,"turns":4},{"damage":0,"enemies":"Gremlin Nob","floor":14,"turns":2},{"damage":25,"enemies":"Hexaghost","floor":16,"turns":5},{"damage":0,"enemies":"3 Byrds","floor":18,"turns":2},{"damage":0,"enemies":"Shell Parasite","floor":21,"turns":1},{"damage":17,"enemies":"Snecko","floor":22,"turns":3},{"damage":48,"enemies":"Slavers","floor":23,"turns":4},{"damage":5,"enemies":"Chosen and Byrds","floor":25,"turns":3},{"damage":29,"enemies":"Book of Stabbing","floor":27,"turns":3}],"seed_played":"4866673225882044968","potions_obtained":[{"floor":1,"key":"Weak Potion"},{"floor":4,"key":"HeartOfIron"},{"floor":7,"key":"PowerPotion"}],"is_trial":false,"path_per_floor":["M","?","T","M","M","R","M","R","T","M","R","M","$","E","R","B",null,"M","$","?","M","M","E","R","M","T","E"],"character_chosen":"IRONCLAD","items_purchased":["Vajra","Flex","Regal Pillow","Orrery"],"campfire_rested":0,"item_purchase_floors":[13,13,19,19],"current_hp_per_floor":[80,69,69,75,80,80,74,74,74,74,74,73,73,79,79,60,80,80,80,80,80,69,27,27,28,28,0,0],"gold":436,"neow_bonus":"THREE_ENEMY_KILL","is_daily":false,"chose_seed":false,"campfire_upgraded":5,"win_rate":0.0,"timestamp":1611377736,"path_taken":["M","?","?","M","M","R","?","R","T","M","R","M","$","E","R","BOSS","M","$","?","M","M","E","R","M","T","E"],"items_purchased_type":["Relic","Card","Relic","Relic"],"build_version":"2020-12-22","purchased_purges":0,"victory":false,"max_hp_per_floor":[80,80,80,80,80,80,80,80,80,80,80,80,80,80,80,80,80,80,80,80,80,80,80,80,80,80,80,80],"card_choices":[{"not_picked":["Combust","Clash"],"picked":"Flex","floor":1},{"not_picked":["Blood for Blood","Dropkick"],"picked":"Cleave","floor":4},{"not_picked":["Inflame","Dual Wield"],"picked":"Clash","floor":5},{"not_picked":["Second Wind","Burning Pact"],"picked":"Seeing Red","floor":7},{"not_picked":["Thunderclap","True Grit"],"picked":"Infernal Blade","floor":10},{"not_picked":["Evolve","Flex"],"picked":"Clash","floor":12},{"not_picked":["Evolve","Flex"],"picked":"Pummel","floor":14},{"not_picked":["Impervious","Double Tap"],"picked":"Berserk","floor":16},{"not_picked":["Fire Breathing","Havoc"],"picked":"Iron Wave","floor":18},{"not_picked":["Metallicize","Clash"],"picked":"Havoc+1","floor":19},{"not_picked":["Clothesline+1","Perfected Strike+1"],"picked":"Pummel","floor":19},{"not_picked":["Bludgeon","Clothesline"],"picked":"Battle Trance","floor":19},{"not_picked":["Intimidate","Thunderclap"],"picked":"Twin Strike","floor":19},{"not_picked":["Barricade","Rampage"],"picked":"Whirlwind","floor":19},{"not_picked":["Shrug It Off","Fire Breathing"],"picked":"Pommel Strike","floor":21},{"not_picked":["Flame Barrier+1","Sentinel","Hemokinesis"],"picked":"SKIP","floor":22},{"not_picked":["Fire Breathing","Intimidate","Rampage"],"picked":"SKIP","floor":23},{"not_picked":["True Grit","Clothesline"],"picked":"Body Slam","floor":25}],"player_experience":109956,"relics_obtained":[{"floor":3,"key":"Old Coin"},{"floor":9,"key":"Bag of Preparation"},{"floor":14,"key":"Orichalcum"},{"floor":23,"key":"Whetstone"},{"floor":26,"key":"Du-Vu Doll"}],"event_choices":[{"damage_healed":0,"gold_gain":75,"player_choice":"Gather Gold","damage_taken":11,"max_hp_gain":0,"max_hp_loss":0,"event_name":"World of Goop","floor":2,"gold_loss":0},{"damage_healed":0,"gold_gain":99,"player_choice":"Stole From Cult","damage_taken":0,"max_hp_gain":0,"max_hp_loss":0,"event_name":"Nest","floor":20,"gold_loss":0}],"is_beta":false,"boss_relics":[{"not_picked":["Mark of Pain","SlaversCollar"],"picked":"Sozu"}],"items_purged_floors":[],"is_endless":false,"potions_floor_spawned":[1,4,7,18,23,25],"killed_by":"Book of Stabbing","ascension_level":0}}