{"host":"9xv6exvwmlpefxuw","time":1611399834,"event":{"mods":["ATMod(阿瑾Mod)","AchievementEnabler","Act Like it!","Aspiration","BaseMod","Chen","Colored Powertips","Conspire","Downfall","Friendly Minions","Gensokyo","GifTheSpireLib","KinomotoSakuraMod(木之本樱)","Koishi","KomeijiMod","Marisa（F雨　魔理沙）","Minty Spire (QoL Compilation)","Pale of the Ancients","Rare Cards Sparkle","Reimu（博丽灵梦）","Remilia_Scarlet Moed（蕾米莉亚・斯卡雷特）3.3.5","Remilia（蕾米莉亚）","RumiaBox-露米娅的神秘盒子","StSLib","The Administrix","The Animator","The Blackbeard","The Mystic","The Servant 0.9.4","WarShipGirlsR/战舰少女R mod","Yakumo Yukari mod","Youmu（魂魄妖梦）","Yuyuko","【功能Mod】混沌之环修复补丁","【功能Mod】聪明的最终Boss"],"gold_per_floor":[109,120,131,145,164,198,198,233,233,249,267,285,285,320,320,423,423,443,187,197,213,239,272,272,2,49,49,83,97,107,136,136,238,238,248,248,264,283,283,313,313,331,358,47,62,62,62,62],"floor_reached":47,"language":"ZHS","playtime":1598,"items_purged":[],"score":691,"play_id":"75bc75e7-0827-4d81-9073-c88df201c3a9","local_time":"20210123190354","is_ascension_mode":false,"campfire_choices":[{"data":"AT_EmpoweredMortalDraw","floor":7,"key":"SMITH"},{"floor":13,"key":"REST"},{"floor":15,"key":"RECALL"},{"data":"AT_LightSaberMaster","floor":24,"key":"SMITH"},{"data":"Demon Form","floor":32,"key":"SMITH"},{"floor":41,"key":"REST"},{"floor":46,"key":"REST"}],"circlet_count":0,"master_deck":["Strike_R","Strike_R","Strike_R","Strike_R","Strike_R","Defend_R","Defend_R","Defend_R","Defend_R","Bash","AT_EmpoweredMortalDraw+1","Heavy Blade","Pommel Strike","Infernal Blade","Whirlwind","Armaments","Flex","Iron Wave","Rampage","Reaper","AT_DrawKnifeCut","Apotheosis","AT_LightSaberMaster+1","Flex+1","Cleave","Flex","Demon Form+1","Flex","Heavy Blade+1","Dual Wield","Thunderclap+1","AT_IchimonjiDouble+1","Perfected Strike+1","Sword Boomerang","Pommel Strike","AT_IchimonjiDouble+1"],"relics":["Burning Blood","AT_ATBox","AddBug","SecretRecord","SecretRecord","SecretRecord","SecretRecord","SecretRecord","SecretRecord","SecretRecord","SecretRecord"],"acts_visited":["Exordium","TheCity","TheBeyond"],"potions_floor_usage":[47,47,47],"damage_taken":[{"damage":1,"enemies":"Cultist","floor":1,"turns":3},{"damage":0,"enemies":"conspire:RoseBush","floor":2,"turns":1},{"damage":12,"enemies":"2 Louse","floor":3,"turns":2},{"damage":11,"enemies":"Exordium Thugs","floor":4,"turns":3},{"damage":10,"enemies":"Looter","floor":5,"turns":3},{"damage":9,"enemies":"3 Sentries","floor":6,"turns":2},{"damage":36,"enemies":"Gremlin Nob","floor":8,"turns":4},{"damage":0,"enemies":"Exordium Wildlife","floor":10,"turns":3},{"damage":8,"enemies":"Exordium Thugs","floor":11,"turns":2},{"damage":10,"enemies":"Looter","floor":12,"turns":2},{"damage":0,"enemies":"3 Sentries","floor":14,"turns":1},{"damage":0,"enemies":"Slime Boss","floor":16,"turns":3},{"damage":0,"enemies":"2 Thieves","floor":18,"turns":1},{"damage":0,"enemies":"Spheric Guardian","floor":20,"turns":2},{"damage":0,"enemies":"Centurion and Healer","floor":21,"turns":1},{"damage":8,"enemies":"conspire:MimicChest","floor":22,"turns":4},{"damage":0,"enemies":"conspire:Head Lice","floor":23,"turns":2},{"damage":22,"enemies":"Slavers","floor":28,"turns":2},{"damage":6,"enemies":"Shelled Parasite and Fungi","floor":29,"turns":2},{"damage":14,"enemies":"Snake Plant","floor":30,"turns":2},{"damage":23,"enemies":"Book of Stabbing","floor":31,"turns":3},{"damage":16,"enemies":"Champ","floor":33,"turns":5},{"damage":6,"enemies":"3 Shapes","floor":35,"turns":1},{"damage":0,"enemies":"Orb Walker","floor":37,"turns":1},{"damage":30,"enemies":"Writhing Mass","floor":38,"turns":3},{"damage":63,"enemies":"Nemesis","floor":40,"turns":3},{"damage":27,"enemies":"4 Shapes","floor":42,"turns":4},{"damage":8,"enemies":"Sphere and 2 Shapes","floor":45,"turns":1},{"damage":37,"enemies":"Jaw Worm Horde","floor":47,"turns":3}],"seed_played":"-6741044400689616548","potions_obtained":[{"floor":2,"key":"Strength Potion"},{"floor":5,"key":"SpeedPotion"},{"floor":8,"key":"Guardian:BlockOnCardUsePotion"},{"floor":12,"key":"SpeedPotion"}],"is_trial":false,"path_per_floor":["M","M","M","M","M","E","R","E","T","M","M","M","R","E","R","B",null,"M","$","M","M","?","E","R","$","T","?","E","M","M","E","R","B",null,"M","?","M","M","T","E","R","M","T","$","M","R","M"],"character_chosen":"IRONCLAD","items_purchased":["Apotheosis","AT_LightSaberMaster","Demon Form","Flex","Cauldron","Charon\u0027s Ashes"],"campfire_rested":3,"item_purchase_floors":[19,19,25,25,25,44],"current_hp_per_floor":[88,88,82,77,73,70,70,40,40,46,44,40,66,72,72,78,88,88,88,88,88,86,88,88,88,88,88,72,88,80,63,63,53,88,88,88,88,64,64,7,33,12,12,12,10,36,0,0],"gold":62,"neow_bonus":"TEN_PERCENT_HP_BONUS","is_daily":false,"chose_seed":false,"campfire_upgraded":3,"win_rate":0.0,"timestamp":1611399834,"path_taken":["M","?","M","M","M","E","R","E","T","M","M","M","R","E","R","BOSS","M","$","M","M","?","E","R","?","T","?","E","M","M","E","R","BOSS","M","?","M","M","?","E","R","M","T","$","?","R","M"],"items_purchased_type":["Card","Card","Card","Card","Relic","Relic"],"build_version":"2020-12-22","purchased_purges":0,"victory":false,"max_hp_per_floor":[88,88,88,88,88,88,88,88,88,88,88,88,88,88,88,88,88,88,88,88,88,88,88,88,88,88,88,88,88,88,88,88,88,88,88,88,88,88,88,88,88,88,88,88,88,88,88,88],"card_choices":[{"not_picked":["AT_IchimonjiDouble","Disarm"],"picked":"Heavy Blade","floor":1},{"not_picked":["Fire Breathing","Disarm"],"picked":"Pommel Strike","floor":2},{"not_picked":["Shrug It Off","Thunderclap"],"picked":"Infernal Blade","floor":3},{"not_picked":["True Grit","Juggernaut"],"picked":"Spot Weakness","floor":4},{"not_picked":["Twin Strike","Clash"],"picked":"Whirlwind","floor":5},{"not_picked":["AT_BodySlamDance","Searing Blow"],"picked":"Armaments","floor":6},{"not_picked":["True Grit","Headbutt","Wild Strike"],"picked":"SKIP","floor":8},{"not_picked":["Anger","AT_IchimonjiDouble"],"picked":"Flex","floor":10},{"not_picked":["Feel No Pain","Thunderclap"],"picked":"Anger","floor":11},{"not_picked":["AT_BodySlamDance","Whirlwind"],"picked":"Iron Wave","floor":12},{"not_picked":["Thunderclap","Sword Boomerang"],"picked":"Rampage","floor":14},{"not_picked":["Corruption","Fiend Fire"],"picked":"Reaper","floor":16},{"not_picked":["Clothesline","AT_CaressingTears"],"picked":"AT_DrawKnifeCut","floor":18},{"not_picked":["Iron Wave+1","Feel No Pain+1"],"picked":"Flex+1","floor":20},{"not_picked":["Armaments","Sword Boomerang","AT_ManFootWork"],"picked":"SKIP","floor":21},{"not_picked":["Headbutt","Rupture"],"picked":"Cleave","floor":22},{"not_picked":["Sever Soul+1","Clash"],"picked":"Flex","floor":23},{"not_picked":["Wild Strike+1","Brutality"],"picked":"Heavy Blade+1","floor":28},{"not_picked":["Rage","Armaments+1","Searing Blow"],"picked":"SKIP","floor":29},{"not_picked":["Metallicize","Thunderclap"],"picked":"Dual Wield","floor":30},{"not_picked":["Twin Strike+1","AT_DrawKnifeCut"],"picked":"Thunderclap+1","floor":31},{"not_picked":["AT_ShrugMaster","Rupture"],"picked":"AT_IchimonjiDouble+1","floor":35},{"not_picked":["Headbutt","Thunderclap+1"],"picked":"Perfected Strike+1","floor":37},{"not_picked":["AT_IchimonjiDouble","Flame Barrier+1"],"picked":"Sword Boomerang","floor":38},{"not_picked":["Carnage","Bloodletting+1"],"picked":"Pommel Strike","floor":40},{"not_picked":["Bloodletting+1","Blood for Blood"],"picked":"AT_IchimonjiDouble+1","floor":42},{"not_picked":["Uppercut","Demon Form","Clothesline+1"],"picked":"SKIP","floor":45}],"player_experience":14128,"relics_obtained":[{"floor":1,"key":"AddBug"},{"floor":5,"key":"SecretRecord"},{"floor":6,"key":"aspiration:FetidBarrel"},{"floor":8,"key":"AT_BellDemon"},{"floor":12,"key":"SecretRecord"},{"floor":14,"key":"conspire:DecoderRing"},{"floor":16,"key":"SecretRecord"},{"floor":18,"key":"SecretRecord"},{"floor":22,"key":"StoneCalendar"},{"floor":23,"key":"Sundial"},{"floor":26,"key":"MawBank"},{"floor":28,"key":"SecretRecord"},{"floor":28,"key":"Bronze Scales"},{"floor":31,"key":"conspire:GiftBox"},{"floor":35,"key":"SecretRecord"},{"floor":37,"key":"SecretRecord"},{"floor":39,"key":"Mercury Hourglass"},{"floor":40,"key":"Frozen Egg 2"},{"floor":43,"key":"conspire:TopHat"}],"event_choices":[{"cards_removed":["Spot Weakness"],"damage_healed":0,"gold_gain":0,"player_choice":"Offered Uncommon","damage_taken":0,"max_hp_gain":0,"max_hp_loss":0,"event_name":"Bonfire Elementals","floor":27,"gold_loss":0},{"cards_removed":["Anger"],"damage_healed":0,"gold_gain":0,"player_choice":"Removed Attack","damage_taken":0,"max_hp_gain":0,"max_hp_loss":0,"event_name":"Falling","floor":36,"gold_loss":0}],"is_beta":false,"boss_relics":[{"not_picked":["Astrolabe","aspiration:SecretTechniqueScroll"],"picked":"Busted Crown"},{"not_picked":["SlaversCollar","aspiration:PoetsPen_weak"],"picked":"Runic Pyramid"}],"items_purged_floors":[],"is_endless":false,"potions_floor_spawned":[2,5,8,12,14,18,22,23,29,37,40,45],"killed_by":"Jaw Worm Horde","ascension_level":0}}