{"host":"l15sdf2mmi0nobpi","time":1611414298,"event":{"mods":["ATMod(°¢èªMod)","BaseMod","Highlight Path","Minty Spire (QoL Compilation)","Quick Restart","StSLib","¡¾¹¦ÄÜMod¡¿Neow½±Àø"],"gold_per_floor":[114,129,145,158,233,233,267,267,267,267,267,292,309,153,153,224,224,243,163,63,63,63,63,92,92,92,92,142,158,158,171,171,245,245,261,261,261,279,330,330,363,363,389,389,419,439,468,170,170,170,170,170,170,6,35,135],"floor_reached":57,"language":"ZHS","playtime":2859,"items_purged":["Decay","Strike_B","Thunder Strike"],"score":2749,"play_id":"b0f7deab-d510-4071-807e-6ab643087cd4","local_time":"20210123230458","is_ascension_mode":true,"campfire_choices":[{"data":"AT_ThunderBolt","floor":6.0,"key":"SMITH"},{"floor":8.0,"key":"REST"},{"data":"Recycle","floor":11.0,"key":"SMITH"},{"data":"Defragment","floor":15.0,"key":"SMITH"},{"data":"Biased Cognition","floor":23.0,"key":"SMITH"},{"data":"AT_Dispersion","floor":25.0,"key":"SMITH"},{"data":"Capacitor","floor":27.0,"key":"SMITH"},{"floor":30.0,"key":"REST"},{"data":"Barrage","floor":32.0,"key":"SMITH"},{"data":"Coolheaded","floor":40.0,"key":"SMITH"},{"data":"Double Energy","floor":42.0,"key":"SMITH"},{"floor":49.0,"key":"RECALL"},{"data":"Creative AI","floor":53.0,"key":"SMITH"}],"circlet_count":0,"master_deck":["AscendersBane","Zap","Dualcast","AT_Dispersion+1","AT_ThunderBolt+1","AT_WaterDrop","Recycle+1","Coolheaded+1","Glacier","Defragment+1","Biased Cognition+1","AT_DarkMatter+1","Capacitor+1","Barrage+1","Core Surge","Defragment","Glacier","Loop","Defragment","Thunder Strike","Double Energy+1","Self Repair","Creative AI+1","Coolheaded+1"],"relics":["FrozenCore","AT_ATBox","Ancient Tea Set","Pantograph","Unceasing Top","Torii","Gremlin Horn","Pandora\u0027s Box","Prayer Wheel","Omamori","AT_BladeRuinedKing","AT_RedNoBalance","StrikeDummy","Lantern","Runic Capacitor","AT_TheCollector"],"acts_visited":["Exordium","TheCity","TheBeyond","TheEnding"],"potions_floor_usage":[56],"damage_taken":[{"damage":0.0,"enemies":"Cultist","floor":1.0,"turns":3.0},{"damage":9.0,"enemies":"Small Slimes","floor":2.0,"turns":4.0},{"damage":1.0,"enemies":"2 Louse","floor":3.0,"turns":4.0},{"damage":14.0,"enemies":"Lots of Slimes","floor":4.0,"turns":4.0},{"damage":24.0,"enemies":"3 Sentries","floor":7.0,"turns":8.0},{"damage":13.0,"enemies":"Lagavulin","floor":12.0,"turns":10.0},{"damage":5.0,"enemies":"Blue Slaver","floor":13.0,"turns":6.0},{"damage":20.0,"enemies":"The Guardian","floor":16.0,"turns":14.0},{"damage":0.0,"enemies":"3 Byrds","floor":18.0,"turns":8.0},{"damage":3.0,"enemies":"2 Thieves","floor":19.0,"turns":4.0},{"damage":31.0,"enemies":"Gremlin Leader","floor":24.0,"turns":10.0},{"damage":1.0,"enemies":"3 Cultists","floor":29.0,"turns":6.0},{"damage":15.0,"enemies":"Centurion and Healer","floor":31.0,"turns":10.0},{"damage":0.0,"enemies":"Automaton","floor":33.0,"turns":16.0},{"damage":0.0,"enemies":"3 Darklings","floor":35.0,"turns":6.0},{"damage":2.0,"enemies":"3 Shapes","floor":38.0,"turns":5.0},{"damage":17.0,"enemies":"2 Orb Walkers","floor":39.0,"turns":7.0},{"damage":12.0,"enemies":"Reptomancer","floor":41.0,"turns":9.0},{"damage":1.0,"enemies":"Nemesis","floor":45.0,"turns":8.0},{"damage":9.0,"enemies":"Writhing Mass","floor":46.0,"turns":7.0},{"damage":2.0,"enemies":"Giant Head","floor":47.0,"turns":10.0},{"damage":18.0,"enemies":"Time Eater","floor":50.0,"turns":11.0},{"damage":46.0,"enemies":"Awakened One","floor":51.0,"turns":13.0},{"damage":68,"enemies":"Shield and Spear","floor":55,"turns":8},{"damage":43,"enemies":"The Heart","floor":56,"turns":11}],"seed_played":"8625963120088748032","potions_obtained":[{"floor":1.0,"key":"SneckoOil"},{"floor":7.0,"key":"Explosive Potion"},{"floor":13.0,"key":"Strength Potion"},{"floor":24.0,"key":"Block Potion"},{"floor":35.0,"key":"FairyPotion"},{"floor":46.0,"key":"FairyPotion"},{"floor":55,"key":"DistilledChaos"}],"is_trial":false,"path_per_floor":["M","M","M","M","?","R","E","R","T","?","R","E","M","$","R","B",null,"M","M","$","T","?","R","E","R","T","R","?","M","R","M","R","B",null,"M","?","?","M","?","R","E","R","T","?","E","M","E","$","R","B","B",null,"R","$","E","B",null],"character_chosen":"DEFECT","items_purchased":["Defragment","Lantern","Runic Capacitor"],"campfire_rested":2,"item_purchase_floors":[14,48,54],"current_hp_per_floor":[64,55,54,40,29,29,5,26,26,26,26,13,8,8,8,13,57,57,54,54,54,54,54,23,23,23,23,23,22,43,28,28,53,67,67,67,67,65,48,48,43,43,43,43,49,31,38,38,38,47,12,53,53,53,15,27],"gold":135,"neow_bonus":"ONE_RANDOM_RARE_CARD","is_daily":false,"chose_seed":false,"campfire_upgraded":10,"win_rate":0.0,"timestamp":1611414298,"path_taken":["M","?","M","M","?","R","E","R","T","?","R","E","M","$","R","BOSS","M","M","$","?","?","R","E","R","T","R","?","M","R","?","R","BOSS","M","?","?","M","?","R","E","R","T","?","E","?","E","?","R","BOSS","BOSS","R","$","E","BOSS"],"items_purchased_type":["Card","Relic","Relic"],"build_version":"2020-12-22","purchased_purges":3,"victory":true,"max_hp_per_floor":[71,71,71,71,71,71,71,71,71,71,71,71,71,71,71,71,71,71,71,71,71,71,71,71,71,71,71,71,71,71,71,71,71,71,71,71,67,67,67,67,67,67,67,67,67,67,67,67,67,67,67,67,67,67,67,67],"card_choices":[{"not_picked":["Go for the Eyes","Cold Snap"],"picked":"AT_ThunderBolt","floor":1.0},{"not_picked":["Barrage","Sweeping Beam","Steam"],"picked":"SKIP","floor":2.0},{"not_picked":["Sweeping Beam","Melter","Gash"],"picked":"SKIP","floor":3.0},{"not_picked":["Ball Lightning","Melter"],"picked":"AT_WaterDrop","floor":4.0},{"not_picked":["AT_HeatAcrobatics","Gash"],"picked":"Recycle","floor":7.0},{"not_picked":["Beam Cell","AT_ThunderBolt"],"picked":"Coolheaded","floor":12.0},{"not_picked":["Coolheaded","Lockon"],"picked":"Glacier","floor":13.0},{"not_picked":["Fission","Rainbow"],"picked":"Biased Cognition","floor":16.0},{"not_picked":["Redo","Steam","Go for the Eyes+1"],"picked":"SKIP","floor":18.0},{"not_picked":["Fusion","Stack"],"picked":"AT_DarkMatter+1","floor":19.0},{"not_picked":["Redo","Go for the Eyes"],"picked":"Capacitor","floor":24.0},{"not_picked":["Steam","Conserve Battery"],"picked":"Barrage","floor":29.0},{"not_picked":["Barrage","Compile Driver","Streamline"],"picked":"SKIP","floor":31.0},{"not_picked":["Machine Learning","Fission"],"picked":"Core Surge","floor":33.0},{"not_picked":["Reprogram","Steam+1","Cold Snap"],"picked":"SKIP","floor":35.0},{"not_picked":["Conserve Battery","Leap","Loop"],"picked":"SKIP","floor":38.0},{"not_picked":["Beam Cell+1","Rebound"],"picked":"Self Repair","floor":39.0},{"not_picked":["Streamline","Reinforced Body","Chaos+1"],"picked":"SKIP","floor":41.0},{"not_picked":["Steam","Force Field"],"picked":"Creative AI","floor":45.0},{"not_picked":["Steam+1","Defragment+1"],"picked":"Coolheaded+1","floor":46.0},{"not_picked":["Sweeping Beam","Barrage","Streamline"],"picked":"SKIP","floor":46.0},{"not_picked":["Double Energy","Compile Driver","Undo"],"picked":"SKIP","floor":47.0},{"not_picked":["Go for the Eyes","Fusion","Capacitor+1"],"picked":"SKIP","floor":55}],"player_experience":494488,"relics_obtained":[{"floor":7.0,"key":"Ancient Tea Set"},{"floor":9.0,"key":"Pantograph"},{"floor":12.0,"key":"Unceasing Top"},{"floor":21.0,"key":"Torii"},{"floor":24.0,"key":"Gremlin Horn"},{"floor":39.0,"key":"Prayer Wheel"},{"floor":41.0,"key":"Omamori"},{"floor":43.0,"key":"AT_BladeRuinedKing"},{"floor":45.0,"key":"AT_SilverBalance"},{"floor":47.0,"key":"StrikeDummy"},{"floor":55,"key":"AT_TheCollector"}],"event_choices":[{"damage_healed":0.0,"max_hp_gain":0.0,"max_hp_loss":0.0,"gold_gain":75.0,"event_name":"World of Goop","player_choice":"Gather Gold","floor":5.0,"gold_loss":0.0,"damage_taken":11.0},{"damage_healed":0.0,"max_hp_gain":0.0,"max_hp_loss":0.0,"gold_gain":0.0,"event_name":"Wheel of Change","player_choice":"Cursed","floor":10.0,"gold_loss":0.0,"damage_taken":0.0,"cards_obtained":["Decay"]},{"damage_healed":0.0,"max_hp_gain":0.0,"max_hp_loss":0.0,"gold_gain":0.0,"event_name":"Ghosts","player_choice":"Ignored","floor":22.0,"gold_loss":0.0,"damage_taken":0.0},{"damage_healed":0.0,"max_hp_gain":0.0,"max_hp_loss":0.0,"gold_gain":50.0,"event_name":"Nest","player_choice":"Stole From Cult","floor":28.0,"gold_loss":0.0,"damage_taken":0.0},{"cards_removed":["Cold Snap"],"damage_healed":0.0,"max_hp_gain":0.0,"max_hp_loss":0.0,"gold_gain":0.0,"event_name":"Falling","player_choice":"Removed Attack","floor":36.0,"gold_loss":0.0,"damage_taken":0.0},{"damage_healed":0.0,"max_hp_gain":0.0,"max_hp_loss":4.0,"gold_gain":0.0,"event_name":"Winding Halls","player_choice":"Max HP","floor":37.0,"gold_loss":0.0,"damage_taken":0.0},{"damage_healed":0.0,"max_hp_gain":0.0,"max_hp_loss":0.0,"gold_gain":0.0,"event_name":"Mysterious Sphere","player_choice":"Fight","floor":39.0,"gold_loss":0.0,"damage_taken":0.0},{"damage_healed":0.0,"max_hp_gain":0.0,"max_hp_loss":0.0,"gold_gain":0.0,"event_name":"Tomb of Lord Red Mask","player_choice":"Ignored","floor":44.0,"gold_loss":0.0,"damage_taken":0.0}],"is_beta":false,"boss_relics":[{"not_picked":["SacredBark","Tiny House"],"picked":"FrozenCore"},{"not_picked":["AT_TrinityForce","Runic Pyramid"],"picked":"Pandora\u0027s Box"}],"items_purged_floors":[14,20,48],"is_endless":false,"potions_floor_spawned":[1,7,13,24,29,35,46,55],"ascension_level":20}}