{"host":"ydujlihd8f5px9gp","time":1611423803,"event":{"mods":["AchievementEnabler","BaseMod","Block Reminder","Colored Map","Minty Spire (QoL Compilation)","ojb\u0027s Info Mod"],"gold_per_floor":[111,130,141,155,171,199,212,212,235,259,236,282,354,386,398,506,518,543,575,502,167,187,219,219,247,274,274,274,604,622,622,622,723,723,737,757,777,737,752,752,783,798,798,1,33,52,71,85,85,85],"floor_reached":51,"language":"ENG","playtime":3428,"items_purged":["Strike_B","Strike_B"],"score":939,"play_id":"92716bfe-643e-41c0-aa8c-c4e34fe7c6d0","local_time":"20210123154323","is_ascension_mode":true,"campfire_choices":[{"floor":8,"key":"REST"},{"floor":15,"key":"REST"},{"floor":27,"key":"REST"},{"floor":32,"key":"REST"},{"floor":40,"key":"REST"},{"floor":49,"key":"RECALL"}],"circlet_count":0,"master_deck":["Strike_B+1","Strike_B+1","Defend_B","Defend_B","Defend_B","Defend_B","Zap","Dualcast","Leap","Consume","FTL+1","Rebound+1","Aggregate","Ball Lightning","Hello World","Coolheaded","Creative AI","Rebound+1","Fusion","Storm","Force Field","Glacier","FTL","Conserve Battery+1","Darkness","Self Repair","Conserve Battery+1","Meteor Strike","Stack+1","Coolheaded+1","Heatsinks","Defragment+1","Undo+1","Turbo","Defragment","Echo Form","Stack+1"],"relics":["Fusion Hammer","Letter Opener","MawBank","InkBottle","Blood Vial","Nuclear Battery","Art of War","Lee\u0027s Waffle","Dead Branch","MutagenicStrength","Regal Pillow","Bag of Marbles","Enchiridion","Old Coin","Snecko Eye","Bottled Tornado","Ginger","White Beast Statue","Mercury Hourglass","Whetstone"],"acts_visited":["Exordium","TheCity","TheBeyond"],"potions_floor_usage":[12,16,19,23,29,29,29,33,33,45],"damage_taken":[{"damage":0,"enemies":"Small Slimes","floor":1,"turns":3},{"damage":2,"enemies":"Jaw Worm","floor":2,"turns":3},{"damage":2,"enemies":"2 Louse","floor":3,"turns":3},{"damage":1,"enemies":"Looter","floor":4,"turns":3},{"damage":2,"enemies":"2 Fungi Beasts","floor":5,"turns":4},{"damage":17,"enemies":"3 Sentries","floor":6,"turns":8},{"damage":17,"enemies":"Exordium Thugs","floor":7,"turns":4},{"damage":8,"enemies":"Lots of Slimes","floor":10,"turns":2},{"damage":8,"enemies":"Lagavulin","floor":12,"turns":5},{"damage":22,"enemies":"Gremlin Nob","floor":13,"turns":4},{"damage":2,"enemies":"Exordium Wildlife","floor":14,"turns":3},{"damage":41,"enemies":"Slime Boss","floor":16,"turns":7},{"damage":16,"enemies":"Chosen","floor":18,"turns":5},{"damage":12,"enemies":"3 Byrds","floor":19,"turns":4},{"damage":11,"enemies":"Centurion and Healer","floor":22,"turns":5},{"damage":13,"enemies":"Book of Stabbing","floor":23,"turns":5},{"damage":37,"enemies":"Slavers","floor":25,"turns":6},{"damage":5,"enemies":"Book of Stabbing","floor":29,"turns":4},{"damage":0,"enemies":"Snecko","floor":30,"turns":5},{"damage":62,"enemies":"Champ","floor":33,"turns":10},{"damage":11,"enemies":"Orb Walker","floor":35,"turns":2},{"damage":0,"enemies":"3 Shapes","floor":36,"turns":2},{"damage":0,"enemies":"3 Darklings","floor":37,"turns":5},{"damage":0,"enemies":"4 Shapes","floor":39,"turns":4},{"damage":1,"enemies":"Giant Head","floor":41,"turns":6},{"damage":23,"enemies":"Transient","floor":42,"turns":5},{"damage":18,"enemies":"Reptomancer","floor":45,"turns":5},{"damage":2,"enemies":"3 Darklings","floor":46,"turns":5},{"damage":0,"enemies":"Spire Growth","floor":47,"turns":3},{"damage":0,"enemies":"Jaw Worm Horde","floor":48,"turns":4},{"damage":0,"enemies":"Donu and Deca","floor":50,"turns":6}],"seed_played":"3081360989205237789","potions_obtained":[{"floor":2,"key":"EntropicBrew"},{"floor":5,"key":"FocusPotion"},{"floor":13,"key":"Energy Potion"},{"floor":14,"key":"Block Potion"},{"floor":16,"key":"ColorlessPotion"},{"floor":22,"key":"Energy Potion"},{"floor":25,"key":"Weak Potion"},{"floor":29,"key":"SkillPotion"},{"floor":33,"key":"Regen Potion"},{"floor":36,"key":"FearPotion"},{"floor":37,"key":"BlessingOfTheForge"},{"floor":45,"key":"SkillPotion"},{"floor":46,"key":"Weak Potion"},{"floor":47,"key":"DuplicationPotion"}],"is_trial":false,"path_per_floor":["M","M","M","M","M","E","M","R","T","M","?","E","?","M","R","B",null,"M","M","?","$","M","E","?","E","T","R","?","E","M","?","R","B",null,"M","M","M","?","M","R","E","M","T","$","E","M","M","M","R","B",null],"character_chosen":"DEFECT","items_purchased":["Storm","Force Field","Lee\u0027s Waffle","Turbo","Defragment","White Beast Statue","Mercury Hourglass","DuplicationPotion"],"campfire_rested":5,"item_purchase_floors":[21,21,21,44,44,44,44,44],"current_hp_per_floor":[75,73,71,70,68,51,34,56,56,48,66,58,36,36,58,19,75,59,49,49,82,71,60,60,25,25,64,48,45,47,47,82,27,82,78,82,82,82,82,82,82,66,66,66,59,73,82,82,82,82],"gold":85,"neow_bonus":"BOSS_RELIC","is_daily":false,"chose_seed":false,"campfire_upgraded":0,"win_rate":0.0,"timestamp":1611423803,"path_taken":["M","M","M","M","M","E","M","R","T","M","?","E","?","M","R","BOSS","M","M","?","$","M","E","?","E","T","R","?","E","M","?","R","BOSS","M","M","M","?","M","R","E","M","T","$","E","M","M","M","R","BOSS"],"items_purchased_type":["Card","Card","Relic","Card","Card","Relic","Relic","Potion"],"build_version":"2020-12-22","purchased_purges":2,"victory":true,"max_hp_per_floor":[75,75,75,75,75,75,75,75,75,75,75,75,75,75,75,75,75,75,75,75,82,82,82,82,82,82,82,82,82,82,82,82,82,82,82,82,82,82,82,82,82,82,82,82,82,82,82,82,82,82],"card_choices":[{"not_picked":["Steam","Hologram","Compile Driver"],"picked":"SKIP","floor":1},{"not_picked":["Hologram","Darkness"],"picked":"Leap","floor":2},{"not_picked":["Conserve Battery","Beam Cell"],"picked":"Consume","floor":3},{"not_picked":["BootSequence","Go for the Eyes"],"picked":"FTL","floor":4},{"not_picked":["Compile Driver","Conserve Battery"],"picked":"Rebound","floor":5},{"not_picked":["Go for the Eyes","Doom and Gloom"],"picked":"Aggregate","floor":6},{"not_picked":["Beam Cell","Steam"],"picked":"Ball Lightning","floor":7},{"not_picked":["Scrape","Rebound"],"picked":"Hello World","floor":10},{"not_picked":["Compile Driver","Undo"],"picked":"Coolheaded","floor":12},{"not_picked":["Compile Driver","Cold Snap"],"picked":"Creative AI","floor":14},{"not_picked":["Barrage","Redo"],"picked":"Rebound+1","floor":18},{"not_picked":["Gash+1","Beam Cell"],"picked":"Fusion","floor":19},{"not_picked":["Reprogram","Cold Snap"],"picked":"Glacier","floor":22},{"not_picked":["Leap","Biased Cognition"],"picked":"FTL","floor":23},{"not_picked":["Core Surge","Coolheaded"],"picked":"Conserve Battery+1","floor":25},{"not_picked":["Barrage","Rebound"],"picked":"Darkness","floor":29},{"not_picked":["Rebound+1","Aggregate"],"picked":"Self Repair","floor":30},{"not_picked":["Thunder Strike","Hyperbeam"],"picked":"Meteor Strike","floor":33},{"not_picked":["Beam Cell","Ball Lightning","Hologram"],"picked":"SKIP","floor":35},{"not_picked":["Barrage+1","Redo"],"picked":"Stack+1","floor":36},{"not_picked":["Darkness","White Noise"],"picked":"Coolheaded+1","floor":37},{"not_picked":["Sweeping Beam","Sunder"],"picked":"Heatsinks","floor":39},{"not_picked":["Machine Learning","Static Discharge"],"picked":"Defragment+1","floor":41},{"not_picked":["Go for the Eyes","Heatsinks"],"picked":"Undo+1","floor":42},{"not_picked":["Stack+1","Streamline"],"picked":"Echo Form","floor":45},{"not_picked":["Rebound+1","Hologram+1"],"picked":"Stack+1","floor":46},{"not_picked":["BootSequence","Rebound+1","Barrage"],"picked":"SKIP","floor":47},{"not_picked":["Consume","Turbo","Conserve Battery"],"picked":"SKIP","floor":48}],"player_experience":148232,"relics_obtained":[{"floor":6,"key":"Letter Opener"},{"floor":9,"key":"MawBank"},{"floor":12,"key":"InkBottle"},{"floor":13,"key":"Blood Vial"},{"floor":23,"key":"Dead Branch"},{"floor":25,"key":"Regal Pillow"},{"floor":26,"key":"Bag of Marbles"},{"floor":28,"key":"Enchiridion"},{"floor":29,"key":"Old Coin"},{"floor":41,"key":"Bottled Tornado"},{"floor":43,"key":"Ginger"},{"floor":45,"key":"Whetstone"}],"event_choices":[{"damage_healed":18,"gold_gain":0,"player_choice":"Healed","damage_taken":0,"max_hp_gain":0,"max_hp_loss":0,"event_name":"The Cleric","floor":11,"gold_loss":35},{"damage_healed":0,"gold_gain":0,"player_choice":"Searched \u00271\u0027 times","damage_taken":0,"max_hp_gain":0,"max_hp_loss":0,"event_name":"Dead Adventurer","floor":13,"gold_loss":0},{"damage_healed":0,"gold_gain":0,"player_choice":"Obtained Relic","damage_taken":0,"relics_obtained":["Art of War"],"max_hp_gain":0,"max_hp_loss":0,"event_name":"Addict","floor":20,"gold_loss":85},{"damage_healed":0,"gold_gain":0,"player_choice":"Inject Mutagens","damage_taken":0,"relics_obtained":["MutagenicStrength"],"max_hp_gain":0,"max_hp_loss":0,"event_name":"Drug Dealer","floor":24,"gold_loss":0},{"damage_healed":0,"gold_gain":0,"player_choice":"Obtained Book","damage_taken":16,"max_hp_gain":0,"max_hp_loss":0,"event_name":"Cursed Tome","floor":28,"gold_loss":0},{"damage_healed":0,"gold_gain":0,"player_choice":"Copied","damage_taken":0,"max_hp_gain":0,"max_hp_loss":0,"event_name":"Duplicator","floor":31,"gold_loss":0,"cards_obtained":["Conserve Battery"]},{"damage_healed":0,"gold_gain":0,"player_choice":"Upgraded Two","damage_taken":0,"max_hp_gain":0,"max_hp_loss":0,"event_name":"Designer","floor":38,"gold_loss":40,"cards_upgraded":["Rebound","Strike_B"]}],"is_beta":false,"boss_relics":[{"not_picked":["Sozu","Calling Bell"],"picked":"Nuclear Battery"},{"not_picked":["Cursed Key","Coffee Dripper"],"picked":"Snecko Eye"}],"items_purged_floors":[21,44],"is_endless":false,"potions_floor_spawned":[2,5,13,14,16,22,25,29,33,36,37,41,45,46,47,48],"ascension_level":2}}