{"host":"56d873i5r3uhle0q","time":1611367434,"event":{"mods":["100% Spire Juice","Act Like it!","Aspiration","BaseMod","Block Reminder","Conspire","Gensokyo","Hermit","Hubris","Infinite Spire","Jedi Mod","Lobotomy","Marisa????????","Marked Mod","Minty Spire (QoL Compilation)","Replay The Spire","StSLib","The Animator","The Bug Knight","The Cursed","The Marked","The Servant 0.9.4","everything is the same but u backflip on backflip","vexMod","??????REMEMod"],"gold_per_floor":[111,127,82,82,82,82,97,126,126,194,57,94,111,34,34,148,148,159,109,109,24,24,24,240,263,263,263,278,278,291,291,291,406,406,417,433,433,408,426,426,351,364,410,410,410,425,425,440,440,446],"floor_reached":51,"language":"ENG","playtime":2462,"items_purged":[],"score":724,"play_id":"b3b2d505-55fc-4b67-abfc-bbf136bc809c","local_time":"20210122190354","is_ascension_mode":false,"campfire_choices":[{"data":"Genetic Algorithm","floor":6.0,"key":"SMITH"},{"floor":15.0,"key":"REST"},{"floor":23.0,"key":"REST"},{"floor":27.0,"key":"REST"},{"floor":29.0,"key":"REST"},{"data":"MarkedMod:OneThousandNeedles","floor":40.0,"key":"SMITH"},{"data":"PathToVictory","floor":45.0,"key":"SMITH"}],"circlet_count":0,"master_deck":["Strike_P","Strike_P","Strike_P","Defend_P","Defend_P","Defend_P","Defend_P","Vigilance","Genetic Algorithm+1","VoidDream","JustLucky","Wellcheers","PathToVictory+1","Replay:AtTheReady","PathToVictory+1","LikeWater","MarkedMod:ChiBlock","Replay:Anticipation","MarkedMod:OneThousandNeedles+1","LikeWater","Replay:AtTheReady+1","MarkedMod:ChiBlock+1","MarkedMod:GentlePulse+1","MarkedMod:ChiBlock+1","MarkedMod:OneThousandNeedles+1","CutThroughFate","DeusExMachina+1"],"relics":["PureWater","REME_ComplimentaryCards","CogitoBucket","Simple Rune","REME_ArchaeologicalTools","Sozu","Toxic Egg 2","Replay:Towering Pillar of Hats","GoldenEye","Gensokyo:SongOfSouls","hubris:ScarierMask","HollowMod:PaleOreRelic","conspire:TopHat","hubris:MedicalManual"],"acts_visited":["Gensokyo:Gensokyo","Gensokyo:Gensokyoer","Gensokyo:Gensokyoest"],"potions_floor_usage":[],"damage_taken":[{"damage":1.0,"enemies":"Gensokyo:Python","floor":1.0,"turns":4.0},{"damage":0.0,"enemies":"Gensokyo:2_Kodama","floor":2.0,"turns":5.0},{"damage":2.0,"enemies":"Gensokyo:Gryphon","floor":7.0,"turns":6.0},{"damage":29.0,"enemies":"Gensokyo:Cirno","floor":8.0,"turns":11.0},{"damage":0.0,"enemies":"Gensokyo:Python_and_Kodama","floor":10.0,"turns":4.0},{"damage":17.0,"enemies":"Gensokyo:LivingMonolith","floor":12.0,"turns":5.0},{"damage":0.0,"enemies":"Gensokyo:5_Fairies","floor":13.0,"turns":7.0},{"damage":20.0,"enemies":"Gensokyo:Yukari","floor":16.0,"turns":11.0},{"damage":29.0,"enemies":"Gensokyo:2_Gloops","floor":18.0,"turns":6.0},{"damage":0.0,"enemies":"Gensokyo:CosmicMonolith","floor":24.0,"turns":5.0},{"damage":49.0,"enemies":"Gensokyo:Swordslinger","floor":25.0,"turns":14.0},{"damage":17.0,"enemies":"Gensokyo:Monolith_and_Dog","floor":28.0,"turns":7.0},{"damage":39.0,"enemies":"Gensokyo:Slime_Group","floor":30.0,"turns":6.0},{"damage":20.0,"enemies":"Gensokyo:Eiki","floor":33.0,"turns":8.0},{"damage":7.0,"enemies":"Gensokyo:3_Bats","floor":35.0,"turns":3.0},{"damage":8.0,"enemies":"Gensokyo:AncientGuardian","floor":36.0,"turns":7.0},{"damage":0.0,"enemies":"Gensokyo:SeedOfUnknown","floor":39.0,"turns":5.0},{"damage":1.0,"enemies":"Gensokyo:Dusk_and_Dawn","floor":42.0,"turns":3.0},{"damage":16,"enemies":"Gensokyo:Sharpion","floor":46,"turns":5},{"damage":0,"enemies":"Gensokyo:SeedOfUnknown","floor":48,"turns":4},{"damage":0,"enemies":"Gensokyo:Scarlet_Devils","floor":50,"turns":7}],"seed_played":"6392114756044056294","potions_obtained":[{"floor":2.0,"key":"jedi:StrikingPotion"},{"floor":10.0,"key":"SkillPotion"},{"floor":13.0,"key":"SmokeBomb"}],"is_trial":false,"path_per_floor":["M","M","$","?","?","R","M","E","T","M","$","M","M","COS","R","B",null,"M","?","?","COS","?","R","M","M","T","R","M","R","M","?","R","B",null,"M","M","?","?","M","R","COS","M","T","T","R","M","AVR","M","R","B",null],"character_chosen":"WATCHER","items_purchased":["Replay:AtTheReady","MarkedMod:ChiBlock"],"campfire_rested":4,"item_purchase_floors":[3,11],"current_hp_per_floor":[71,71,71,71,72,72,72,44,44,47,47,33,36,36,57,40,72,43,50,50,50,50,73,76,33,33,56,42,65,29,29,52,35,79,75,67,67,67,67,67,67,69,69,69,69,53,53,56,56,62],"gold":446,"neow_bonus":"","is_daily":false,"chose_seed":false,"campfire_upgraded":3,"win_rate":0.0,"timestamp":1611367434,"path_taken":["M","M","$","?","?","R","?","E","T","M","?","M","M","COS","R","BOSS","M","?","?","COS","?","R","M","M","T","R","M","R","?","?","R","BOSS","M","M","?","?","M","R","COS","M","T","?","R","?","AVR","M","R","BOSS"],"items_purchased_type":["Card","Card"],"build_version":"2020-12-22","purchased_purges":0,"victory":true,"max_hp_per_floor":[72,72,72,72,72,72,72,72,72,72,72,72,72,72,72,72,72,72,79,79,79,79,79,79,79,79,79,79,79,79,79,79,79,79,79,79,79,79,79,79,79,79,79,79,79,79,79,79,79,79],"card_choices":[{"not_picked":["Murderer","BeautyBeast"],"picked":"VoidDream","floor":1.0},{"not_picked":["EmptyFist","MarkedMod:FirstStrike"],"picked":"JustLucky","floor":1.0},{"not_picked":["CherryBlossoms","MHz"],"picked":"Wellcheers","floor":2.0},{"not_picked":["MarkedMod:Acupuncture","Evaluate"],"picked":"PathToVictory","floor":2.0},{"not_picked":["FlurryOfBlows","TalkToTheHand"],"picked":"PathToVictory","floor":7.0},{"not_picked":["Replay:DivineShield","Replay:BluntJabs"],"picked":"LikeWater","floor":8.0},{"not_picked":["Crescendo","ThirdEye","Adaptation"],"picked":"SKIP","floor":10.0},{"not_picked":["REME_MusicOfDeath","Fasting2","Crescendo"],"picked":"SKIP","floor":12.0},{"not_picked":["FlurryOfBlows","MentalFortress"],"picked":"Replay:Anticipation","floor":13.0},{"not_picked":["ClearTheMind","ThirdEye","ReachHeaven"],"picked":"SKIP","floor":18.0},{"not_picked":["Crescendo+1","Replay:ManipulateFuture+1"],"picked":"LikeWater","floor":24.0},{"not_picked":["DeceiveReality+1","FlyingSleeves"],"picked":"Replay:AtTheReady+1","floor":25.0},{"not_picked":["LikeWater","Protect+1"],"picked":"MarkedMod:ChiBlock+1","floor":28.0},{"not_picked":["MarkedMod:FirstStrike+1","Protect+1"],"picked":"MarkedMod:GentlePulse+1","floor":30.0},{"not_picked":["Alpha+1","MasterReality"],"picked":"MarkedMod:ChiBlock+1","floor":33.0},{"not_picked":["Prostrate+1","WreathOfFlame+1","BowlingBash+1"],"picked":"SKIP","floor":35.0},{"not_picked":["EmptyFist+1","MarkedMod:SlowDance+1","ClearTheMind+1"],"picked":"SKIP","floor":36.0},{"not_picked":["TalkToTheHand","Wallop+1","Pray+1"],"picked":"SKIP","floor":39.0},{"not_picked":["BowlingBash","ForeignInfluence+1"],"picked":"MarkedMod:OneThousandNeedles+1","floor":42.0},{"not_picked":["REME_WorshipGod+1","Swivel+1","ClearTheMind+1"],"picked":"SKIP","floor":46},{"not_picked":["Prostrate+1","FlyingSleeves"],"picked":"CutThroughFate","floor":48}],"player_experience":584780,"relics_obtained":[{"floor":8.0,"key":"Simple Rune"},{"floor":9.0,"key":"REME_ArchaeologicalTools"},{"floor":26.0,"key":"Replay:Towering Pillar of Hats"},{"floor":43.0,"key":"HollowMod:PaleOreRelic"},{"floor":44.0,"key":"conspire:TopHat"}],"event_choices":[],"is_beta":false,"boss_relics":[{"not_picked":["vexMod:EndlessSickness","vexMod:MysteryBossChallenge"],"picked":"Sozu"},{"not_picked":["aspiration:PoetsPen_weak","SacredBark"],"picked":"hubris:ScarierMask"}],"items_purged_floors":[],"is_endless":false,"potions_floor_spawned":[2,10,13,25,28,42,46,48],"ascension_level":0}}