{"host":"df48i9djcn92c5sx","time":1611409303,"event":{"mods":["Act Like it!","Arknights The Spire","BaseMod","Decade(王小明)","Downfall","Gensokyo","Marisa（F雨　魔理沙）","Minty Spire (QoL Compilation)","READ ME - Guardian Mod","READ ME - Snecko Mod","Reimu（博丽灵梦）","Remilia（蕾米莉亚）","Shop Mod","StSLib","The Jungle","The Servant 0.9.4"],"gold_per_floor":[119,69,69,84,84,84,103,103,126,154,254,270,270,319,319,415,415,435,450,295,295,306,306,200,200,272,291,320,169,184,197,197,300,300,317,317,317,317,332,332,332],"floor_reached":40,"language":"ZHS","playtime":2628,"items_purged":[],"score":404,"play_id":"b08a070e-d325-4897-9be2-10d444484400","local_time":"20210123214143","is_ascension_mode":false,"campfire_choices":[{"data":"ats:Collapsing Strike","floor":6.0,"key":"SMITH"},{"data":"ats:Apocalypse","floor":8.0,"key":"SMITH"},{"data":"ats:Magnetic Hammer","floor":13.0,"key":"SMITH"},{"data":"ats:Hammer On","floor":15.0,"key":"SMITH"},{"data":"ats:Wolf Pack","floor":23.0,"key":"SMITH"},{"data":"ats:Soul Absorption","floor":25.0,"key":"SMITH"},{"data":"ats:Shadow Assault","floor":32.0,"key":"SMITH"}],"circlet_count":0,"master_deck":["ats:Strike C","ats:Strike G","ats:Strike S","ats:Armor Crushing Shot","ats:Defend","ats:Defend","ats:Defend","ats:Defend","ats:Emotion Absorption","ats:Healing Drone","ats:Collapsing Strike+1","ats:Apocalypse+1","ats:Hammer On+1","ats:Magnetic Hammer+1","ats:Wolf Pack+1","ats:Soul Absorption+1","ats:Defend Order+1","ats:Explosion Area Strengthen+1","ats:Thermite Blade","ats:Shadow Assault+1","ats:Curse Doll","ats:Shell Defense+1","ats:Calcification","ats:Cat Scratch+1"],"relics":["ats:Sanity","NeowsBlessing","Nunchaku","Boot","ats:Originium","Anchor","Centennial Puzzle","Coffee Dripper","ats:Attack","CrazyTorch:ReiMu","ats:Bonebreaker","Question Card","CaptainsWheel","Busted Crown","Gensokyo:EmptyGrave","Juzu Bracelet"],"acts_visited":["Exordium","Exordium","Gensokyo:Gensokyoer"],"potions_floor_usage":[40],"damage_taken":[{"damage":0.0,"enemies":"Small Slimes","floor":1.0,"turns":1.0},{"damage":0.0,"enemies":"2 Louse","floor":4.0,"turns":2.0},{"damage":0.0,"enemies":"Cultist","floor":7.0,"turns":2.0},{"damage":57.0,"enemies":"Gremlin Nob","floor":10.0,"turns":5.0},{"damage":2.0,"enemies":"3 Louse","floor":12.0,"turns":3.0},{"damage":51.0,"enemies":"Slime Boss","floor":16.0,"turns":11.0},{"damage":9.0,"enemies":"Gensokyo:CosmicMonolith","floor":18.0,"turns":5.0},{"damage":20.0,"enemies":"Gensokyo:3_Dogs","floor":19.0,"turns":9.0},{"damage":9.0,"enemies":"Gensokyo:Wraith","floor":22.0,"turns":6.0},{"damage":18.0,"enemies":"Gensokyo:Slime_Group","floor":27.0,"turns":5.0},{"damage":29.0,"enemies":"Gensokyo:Reisen","floor":28.0,"turns":11.0},{"damage":0.0,"enemies":"Gensokyo:Swordslinger","floor":30.0,"turns":5.0},{"damage":43.0,"enemies":"Gensokyo:Chomper_and_Gloop","floor":31.0,"turns":6.0},{"damage":101.0,"enemies":"Gensokyo:Kaguya","floor":33.0,"turns":18.0},{"damage":41,"enemies":"Gensokyo:AncientGuardian","floor":35,"turns":11},{"damage":19,"enemies":"Gensokyo:3_Boulders","floor":39,"turns":6},{"damage":90,"enemies":"Gensokyo:Marisa","floor":40,"turns":10}],"seed_played":"8004312864717285991","potions_obtained":[{"floor":1.0,"key":"Energy Potion"},{"floor":4.0,"key":"SpeedPotion"},{"floor":12.0,"key":"SpeedPotion"},{"floor":16.0,"key":"FearPotion"},{"floor":18.0,"key":"Block Potion"},{"floor":28.0,"key":"Regen Potion"},{"floor":30.0,"key":"FearPotion"},{"floor":31.0,"key":"Block Potion"},{"floor":35,"key":"Weak Potion"}],"is_trial":false,"path_per_floor":["M","?","?","M","?","R","M","R","T","E","?","M","R","T","R","B",null,"M","M","$","?","M","R","COS","R","T","M","E","$","M","M","R","B",null,"M","?","?","?","M","E"],"character_chosen":"DOCTOR_CLASS","items_purchased":["ats:Attack","ats:Shadow Assault"],"campfire_rested":0,"item_purchase_floors":[20,29],"current_hp_per_floor":[72,72,72,72,77,77,77,77,77,33,33,44,44,44,44,25,77,74,70,70,70,71,71,71,71,71,55,59,59,71,56,56,13,71,61,51,51,51,46,0,0],"gold":332,"neow_bonus":"THREE_ENEMY_KILL","is_daily":false,"chose_seed":false,"campfire_upgraded":7,"win_rate":0.0,"timestamp":1611409303,"path_taken":["M","?","?","?","?","R","M","R","T","E","?","?","R","?","R","BOSS","M","M","$","?","M","R","COS","R","T","M","E","$","?","M","R","BOSS","M","?","?","?","M","E"],"items_purchased_type":["Relic","Card"],"build_version":"2020-12-22","purchased_purges":0,"victory":false,"max_hp_per_floor":[72,72,72,72,77,77,77,77,77,77,77,77,77,77,77,77,77,77,77,77,71,71,71,71,71,71,71,71,71,71,71,71,71,71,71,71,66,66,66,66,66],"card_choices":[{"not_picked":["ats:Serious Mode","ats:Red Shift"],"picked":"ats:Healing Drone","floor":1.0},{"not_picked":["ats:Automatic Cover","ats:Sword Rain"],"picked":"ats:Collapsing Strike","floor":4.0},{"not_picked":["ats:Very Hot Blade","ats:Assault Order"],"picked":"ats:Apocalypse","floor":7.0},{"not_picked":["ats:Guardian Obelisk","ats:Blood Oath"],"picked":"ats:Hammer On","floor":10.0},{"not_picked":["ats:Leaping Hammer","ats:Charging Defense"],"picked":"ats:Magnetic Hammer","floor":12.0},{"not_picked":["ats:Echo Reverb","ats:Soul Rend"],"picked":"ats:Wolf Pack","floor":16.0},{"not_picked":["ats:Burning Ground","ats:Ignite"],"picked":"ats:Soul Absorption","floor":18.0},{"not_picked":["ats:Blood Oath","ats:Leaping Hammer"],"picked":"ats:Defend Order+1","floor":19.0},{"not_picked":["ats:Hammer On","ats:Chain Hook"],"picked":"ats:Explosion Area Strengthen+1","floor":22.0},{"not_picked":["ats:Counter Healing Mode","ats:Healing Drone","ats:Flexible Camouflage"],"picked":"SKIP","floor":27.0},{"not_picked":["ats:Chain Hook","ats:Assault Order+1"],"picked":"ats:Thermite Blade","floor":28.0},{"not_picked":["ats:Blood Oath","ats:Powerful Strike","ats:Burning Ground"],"picked":"ats:Curse Doll","floor":30.0},{"not_picked":["ats:Magnetic Hammer","ats:Part Time Job","ats:Mental Burst+1"],"picked":"ats:Shell Defense+1","floor":31.0},{"not_picked":["ats:Ambush","ats:Roar Of Ursus","ats:Volcano"],"picked":"ats:Calcification","floor":33.0},{"not_picked":["ats:Encircling Forest"],"picked":"ats:Cat Scratch+1","floor":35},{"not_picked":["ats:Leaping Hammer","ats:Poison Spread"],"picked":"SKIP","floor":39}],"player_experience":1454765,"relics_obtained":[{"floor":9.0,"key":"Boot"},{"floor":10.0,"key":"ats:Originium"},{"floor":10.0,"key":"Anchor"},{"floor":14.0,"key":"Centennial Puzzle"},{"floor":26.0,"key":"ats:Bonebreaker"},{"floor":28.0,"key":"ats:Originium"},{"floor":28.0,"key":"Question Card"}],"event_choices":[{"cards_removed":["ats:Strike V"],"damage_healed":0.0,"max_hp_gain":0.0,"max_hp_loss":0.0,"gold_gain":0.0,"event_name":"The Cleric","player_choice":"Card Removal","floor":2.0,"gold_loss":50.0,"damage_taken":0.0},{"damage_healed":0.0,"max_hp_gain":0.0,"max_hp_loss":0.0,"gold_gain":0.0,"event_name":"WeMeetAgain","player_choice":"Gave Potion","floor":3.0,"gold_loss":0.0,"damage_taken":0.0,"relics_obtained":["Nunchaku"]},{"damage_healed":0.0,"max_hp_gain":5.0,"max_hp_loss":0.0,"gold_gain":0.0,"event_name":"Big Fish","player_choice":"Donut","floor":5.0,"gold_loss":0.0,"damage_taken":0.0},{"damage_healed":0.0,"max_hp_gain":0.0,"max_hp_loss":0.0,"gold_gain":100.0,"event_name":"Golden Shrine","player_choice":"Pray","floor":11.0,"gold_loss":0.0,"damage_taken":0.0}],"is_beta":false,"boss_relics":[{"not_picked":["ats:Omniscience","Fusion Hammer"],"picked":"Coffee Dripper"},{"not_picked":["Astrolabe","SacredBark"],"picked":"Busted Crown"}],"items_purged_floors":[],"is_endless":false,"potions_floor_spawned":[1,4,12,16,18,28,30,31,35],"killed_by":"Gensokyo:Marisa","ascension_level":0}}