{"host":"928gv66myv2vlnsd","time":1611362835,"event":{"mods":["BaseMod","Minty Spire (QoL Compilation)","StSLib"],"gold_per_floor":[18,18,29,39,52,78,97,97,97,97,97],"floor_reached":10,"language":"ENG","playtime":502,"items_purged":[],"score":162,"play_id":"3512ec6e-e6f4-4949-a81e-c706f1e96fdd","local_time":"20210122194715","is_ascension_mode":true,"campfire_choices":[{"data":"True Grit","floor":8,"key":"SMITH"}],"circlet_count":0,"master_deck":["AscendersBane","Strike_R","Strike_R","Strike_R","Strike_R","Strike_R","Defend_R","Defend_R","Defend_R","Defend_R","Bash","Feed+1","Shrug It Off","Uppercut","Evolve","True Grit+1","Seeing Red"],"relics":["Burning Blood","Art of War","Toxic Egg 2"],"acts_visited":["Exordium"],"potions_floor_usage":[6,7],"damage_taken":[{"damage":4,"enemies":"Small Slimes","floor":1,"turns":4},{"damage":7,"enemies":"Jaw Worm","floor":3,"turns":4},{"damage":6,"enemies":"Cultist","floor":4,"turns":3},{"damage":13,"enemies":"Large Slime","floor":5,"turns":7},{"damage":15,"enemies":"3 Sentries","floor":6,"turns":16},{"damage":26,"enemies":"Exordium Thugs","floor":7,"turns":5},{"damage":59,"enemies":"Lagavulin","floor":10,"turns":6}],"seed_played":"7466857837744231715","potions_obtained":[{"floor":3,"key":"Block Potion"},{"floor":5,"key":"Block Potion"}],"is_trial":false,"path_per_floor":["M","?","M","M","M","E","M","R","T","E"],"character_chosen":"IRONCLAD","items_purchased":[],"campfire_rested":0,"item_purchase_floors":[],"current_hp_per_floor":[73,73,76,80,77,72,56,56,56,0,0],"gold":97,"neow_bonus":"THREE_RARE_CARDS","is_daily":false,"chose_seed":false,"campfire_upgraded":1,"win_rate":0.0,"timestamp":1611362835,"path_taken":["M","?","M","M","M","E","M","R","T","E"],"items_purchased_type":[],"build_version":"2020-12-22","purchased_purges":0,"victory":false,"max_hp_per_floor":[78,78,82,86,90,94,98,98,98,98,98],"card_choices":[{"not_picked":["Corruption","Exhume"],"picked":"Feed","floor":0},{"not_picked":["Iron Wave","Thunderclap"],"picked":"Shrug It Off","floor":1},{"not_picked":["Pommel Strike","Perfected Strike"],"picked":"Uppercut","floor":3},{"not_picked":["Disarm","Iron Wave"],"picked":"Evolve","floor":4},{"not_picked":["Iron Wave","Heavy Blade"],"picked":"True Grit","floor":5},{"not_picked":["Uppercut","Flex","Headbutt"],"picked":"SKIP","floor":6},{"not_picked":["Twin Strike","Iron Wave"],"picked":"Seeing Red","floor":7}],"player_experience":1293997,"relics_obtained":[{"floor":6,"key":"Art of War"},{"floor":9,"key":"Toxic Egg 2"}],"event_choices":[{"damage_healed":0,"gold_gain":0,"player_choice":"Grow","damage_taken":0,"max_hp_gain":0,"max_hp_loss":0,"event_name":"Living Wall","floor":2,"gold_loss":0,"cards_upgraded":["Feed"]}],"is_beta":false,"boss_relics":[],"items_purged_floors":[],"is_endless":false,"potions_floor_spawned":[3,5],"killed_by":"Lagavulin","ascension_level":19}}