{"host":"qekv59dthhdg54sz","time":1611374139,"event":{"mods":["AchievementEnabler","BaseMod","Colored Map","DeckTracker","KOR Keyword Fix","Minty Spire (QoL Compilation)","Rare Cards Sparkle","StSLib","SuperFastMode"],"gold_per_floor":[119,44,44,44,63,91,91,107,131,131,161,161,188,188,188,263,263,280,195,195,45,62,62,62],"floor_reached":23,"language":"KOR","playtime":488,"items_purged":["Strike_G","Strike_G"],"score":485,"play_id":"d16cbf36-cfb5-4ccb-adae-b5738ff2e3b0","local_time":"20210123125539","is_ascension_mode":true,"campfire_choices":[{"data":"Well Laid Plans","floor":7,"key":"SMITH"},{"data":"Finisher","floor":10,"key":"SMITH"},{"floor":12,"key":"REST"},{"data":"Flying Knee","floor":15,"key":"SMITH"}],"circlet_count":0,"master_deck":["AscendersBane","Strike_G","Defend_G","Defend_G","Defend_G+1","Defend_G","Defend_G","Survivor","Neutralize+1","Poisoned Stab+1","Flying Knee+1","Well Laid Plans+1","Finisher+1","Unload","Corpse Explosion","Backflip","Prepared"],"relics":["Ring of the Snake","NeowsBlessing","Nunchaku","Bag of Preparation","Ice Cream","Mango","Empty Cage","Anchor"],"acts_visited":["Exordium","TheCity"],"potions_floor_usage":[13,16,23],"damage_taken":[{"damage":0,"enemies":"Jaw Worm","floor":1,"turns":1},{"damage":0,"enemies":"Small Slimes","floor":5,"turns":1},{"damage":0,"enemies":"Gremlin Nob","floor":6,"turns":1},{"damage":0,"enemies":"Cultist","floor":8,"turns":4},{"damage":17,"enemies":"3 Sentries","floor":11,"turns":10},{"damage":15,"enemies":"Lagavulin","floor":13,"turns":4},{"damage":34,"enemies":"Hexaghost","floor":16,"turns":9},{"damage":13,"enemies":"Spheric Guardian","floor":18,"turns":5},{"damage":1,"enemies":"Chosen","floor":22,"turns":5},{"damage":41,"enemies":"Book of Stabbing","floor":23,"turns":7}],"seed_played":"-3865315815921731002","potions_obtained":[{"floor":8,"key":"PowerPotion"},{"floor":11,"key":"Weak Potion"},{"floor":13,"key":"Fruit Juice"},{"floor":16,"key":"Swift Potion"}],"is_trial":false,"path_per_floor":["M","$","?","?","M","E","R","M","T","R","E","R","E","?","R","B",null,"M","?","?","$","M","E"],"character_chosen":"THE_SILENT","items_purchased":["Backflip"],"campfire_rested":1,"item_purchase_floors":[21],"current_hp_per_floor":[59,59,39,39,39,39,39,39,39,39,22,41,40,66,66,32,68,55,55,55,55,54,18,18],"gold":62,"neow_bonus":"THREE_ENEMY_KILL","is_daily":false,"chose_seed":false,"campfire_upgraded":3,"win_rate":0.0,"timestamp":1611374139,"path_taken":["M","$","?","?","?","E","R","M","T","R","E","R","E","?","R","BOSS","M","?","?","$","M","E"],"items_purchased_type":["Card"],"build_version":"2020-12-22","purchased_purges":2,"victory":false,"max_hp_per_floor":[66,66,66,66,66,66,66,66,66,66,66,66,80,80,80,80,80,80,80,80,80,80,85,85],"card_choices":[{"not_picked":["Blade Dance","Predator"],"picked":"Poisoned Stab","floor":1},{"not_picked":["Concentrate","Sucker Punch"],"picked":"Flying Knee","floor":5},{"not_picked":["Backflip","Accuracy"],"picked":"Well Laid Plans","floor":6},{"not_picked":["All Out Attack","Deflect"],"picked":"Finisher","floor":8},{"not_picked":["Underhanded Strike","Sucker Punch","Setup"],"picked":"SKIP","floor":11},{"not_picked":["Slice","Endless Agony"],"picked":"Unload","floor":13},{"not_picked":["Grand Finale","Burst"],"picked":"Corpse Explosion","floor":16},{"not_picked":["Sucker Punch","Deadly Poison","Quick Slash"],"picked":"SKIP","floor":18},{"not_picked":["Dagger Throw","Underhanded Strike"],"picked":"Prepared","floor":22}],"player_experience":809826,"relics_obtained":[{"floor":6,"key":"Nunchaku"},{"floor":9,"key":"Bag of Preparation"},{"floor":11,"key":"Ice Cream"},{"floor":13,"key":"Mango"}],"event_choices":[{"damage_healed":0,"gold_gain":0,"player_choice":"Entered Light","damage_taken":20,"max_hp_gain":0,"max_hp_loss":0,"event_name":"Shining Light","floor":3,"gold_loss":0,"cards_upgraded":["Poisoned Stab","Defend_G"]},{"damage_healed":0,"gold_gain":0,"player_choice":"Forge","damage_taken":0,"max_hp_gain":0,"max_hp_loss":0,"event_name":"Accursed Blacksmith","floor":4,"gold_loss":0,"cards_upgraded":["Neutralize"]},{"damage_healed":26,"gold_gain":0,"player_choice":"Banana","damage_taken":0,"max_hp_gain":0,"max_hp_loss":0,"event_name":"Big Fish","floor":14,"gold_loss":0},{"damage_healed":0,"gold_gain":0,"player_choice":"Obtained Relic","damage_taken":0,"relics_obtained":["Anchor"],"max_hp_gain":0,"max_hp_loss":0,"event_name":"Addict","floor":19,"gold_loss":85},{"damage_healed":0,"gold_gain":0,"player_choice":"Ignored","damage_taken":0,"max_hp_gain":0,"max_hp_loss":0,"event_name":"Ghosts","floor":20,"gold_loss":0}],"is_beta":false,"boss_relics":[{"not_picked":["Runic Dome","Sozu"],"picked":"Empty Cage"}],"items_purged_floors":[2,21],"is_endless":false,"potions_floor_spawned":[8,11,13,16,18],"killed_by":"Book of Stabbing","ascension_level":20}}