{"host":"sian7qp8a9pc9xwd","time":1611419995,"event":{"mods":["BaseMod","Minty Spire (QoL Compilation)","StSLib","SuperFastMode"],"gold_per_floor":[115,6,6,23,23,57,76,76,76,86,261,273,307,319,319,319,319],"floor_reached":16,"language":"ENG","playtime":639,"items_purged":[],"score":226,"play_id":"7f900d3f-852a-4d96-8cb6-e6f203bac4b9","local_time":"20210123113955","is_ascension_mode":true,"campfire_choices":[{"data":"Neutralize","floor":8,"key":"SMITH"},{"data":"Footwork","floor":15,"key":"SMITH"}],"circlet_count":0,"master_deck":["AscendersBane","Strike_G","Strike_G","Strike_G","Strike_G","Strike_G","Defend_G","Defend_G","Defend_G","Defend_G","Defend_G","Survivor","Neutralize+1","Footwork+1","Escape Plan","Dash","Doubt","Noxious Fumes"],"relics":["Ring of the Snake","NeowsBlessing","Gremlin Horn","Ninja Scroll","The Courier","Tough Bandages"],"acts_visited":["Exordium"],"potions_floor_usage":[12,16],"damage_taken":[{"damage":0,"enemies":"2 Louse","floor":1,"turns":1},{"damage":0,"enemies":"Small Slimes","floor":4,"turns":1},{"damage":0,"enemies":"Gremlin Nob","floor":6,"turns":1},{"damage":2,"enemies":"Jaw Worm","floor":7,"turns":4},{"damage":1,"enemies":"Looter","floor":10,"turns":3},{"damage":5,"enemies":"2 Fungi Beasts","floor":12,"turns":4},{"damage":16,"enemies":"3 Sentries","floor":13,"turns":14},{"damage":12,"enemies":"Exordium Thugs","floor":14,"turns":7},{"damage":27,"enemies":"Hexaghost","floor":16,"turns":14}],"seed_played":"-956868366665216811","potions_obtained":[{"floor":1,"key":"Ancient Potion"},{"floor":4,"key":"Fruit Juice"},{"floor":13,"key":"Block Potion"}],"is_trial":false,"path_per_floor":["M","$","?","M","$","E","M","R","T","M","?","M","E","M","R","B"],"character_chosen":"THE_SILENT","items_purchased":["Escape Plan","Dash"],"campfire_rested":0,"item_purchase_floors":[2,2],"current_hp_per_floor":[63,63,60,60,60,60,58,58,58,57,57,57,41,29,29,2,2],"gold":319,"neow_bonus":"THREE_ENEMY_KILL","is_daily":false,"chose_seed":false,"campfire_upgraded":2,"win_rate":0.0,"timestamp":1611419995,"path_taken":["M","$","?","M","$","E","M","R","T","M","?","M","E","M","R","BOSS"],"items_purchased_type":["Card","Card"],"build_version":"2020-12-22","purchased_purges":0,"victory":false,"max_hp_per_floor":[70,70,70,70,70,70,70,70,70,70,70,75,75,75,75,75,75],"card_choices":[{"not_picked":["PiercingWail","Dodge and Roll"],"picked":"Footwork","floor":1},{"not_picked":["Underhanded Strike","Flying Knee","Acrobatics"],"picked":"SKIP","floor":4},{"not_picked":["Prepared","Eviscerate","Expertise"],"picked":"SKIP","floor":6},{"not_picked":["Slice","Tactician","Dagger Throw"],"picked":"SKIP","floor":7},{"not_picked":["Poisoned Stab","Sucker Punch","Dagger Throw"],"picked":"SKIP","floor":10},{"not_picked":["Dagger Throw","Flying Knee","Well Laid Plans"],"picked":"SKIP","floor":12},{"not_picked":["Concentrate","Poisoned Stab","Acrobatics"],"picked":"SKIP","floor":13},{"not_picked":["Backstab","Tactician"],"picked":"Noxious Fumes","floor":14}],"player_experience":770428,"relics_obtained":[{"floor":6,"key":"Ninja Scroll"},{"floor":9,"key":"The Courier"},{"floor":13,"key":"Tough Bandages"}],"event_choices":[{"damage_healed":0,"gold_gain":0,"player_choice":"Success","damage_taken":3,"relics_obtained":["Gremlin Horn"],"max_hp_gain":0,"max_hp_loss":0,"event_name":"Scrap Ooze","floor":3,"gold_loss":0},{"damage_healed":0,"gold_gain":175,"player_choice":"AGREE","damage_taken":0,"max_hp_gain":0,"max_hp_loss":0,"event_name":"Liars Game","floor":11,"gold_loss":0,"cards_obtained":["Doubt"]}],"is_beta":false,"boss_relics":[],"items_purged_floors":[],"is_endless":false,"potions_floor_spawned":[1,4,6,13],"killed_by":"Hexaghost","ascension_level":13}}