{"host":"qxeepl7ydvsgmfdb","time":1611410812,"event":{"mods":["AchievementEnabler","BaseMod","Colored Powertips","Minty Spire (QoL Compilation)","Quick Restart","slay the spire mod where everything is the same but ironclad has a cowboy hat"],"gold_per_floor":[117,192,203,46,221,221,221,251,251,266,266,310,310,351,351,470,533,553,553,553,13,13,53,53,67,93,111,164,198,222,160,160,284,284,309,332,10,26,0,0,25,25,50,50,50,50,63,24,24,24],"floor_reached":51,"language":"ENG","playtime":1696,"items_purged":["Strike_R"],"score":991,"play_id":"8b058a5f-7717-4de6-8f77-d60987f4bc75","local_time":"20210123090652","is_ascension_mode":true,"campfire_choices":[{"data":"Armaments","floor":6.0,"key":"SMITH"},{"floor":13.0,"key":"DIG"},{"floor":15.0,"key":"REST"},{"floor":24,"key":"REST"},{"floor":32,"key":"REST"},{"floor":40,"key":"DIG"},{"floor":42,"key":"DIG"},{"floor":44,"key":"DIG"},{"floor":49,"key":"DIG"}],"circlet_count":0,"master_deck":["Strike_R+1","Strike_R+1","Strike_R+1","Strike_R+1","Defend_R+1","Defend_R+1","Defend_R+1","Defend_R+1","Bash","Armaments+1","Pommel Strike","Infernal Blade","Sword Boomerang","Shrug It Off+1","Exhume+1","Thunderclap","Cleave+1","RitualDagger","Inflame","Rage+1","Disarm+1","Twin Strike+1","Flex+1"],"relics":["Burning Blood","NeowsBlessing","Juzu Bracelet","Shovel","Pen Nib","Golden Idol","Toxic Egg 2","The Courier","Bag of Preparation","Tiny House","Happy Flower","Blood Vial","Regal Pillow","Strawberry","Tiny Chest","Magic Flower","Potion Belt","PreservedInsect","Bronze Scales","SacredBark","Orichalcum","Singing Bowl","Red Mask","Ancient Tea Set","Mango","Centennial Puzzle","Mummified Hand","Bag of Marbles","InkBottle"],"acts_visited":["Exordium","TheCity","TheBeyond"],"potions_floor_usage":[23,27,30,47,50,50,50,50],"damage_taken":[{"damage":0.0,"enemies":"Jaw Worm","floor":1.0,"turns":1.0},{"damage":0.0,"enemies":"Small Slimes","floor":3.0,"turns":1.0},{"damage":0.0,"enemies":"3 Sentries","floor":8.0,"turns":2.0},{"damage":2.0,"enemies":"2 Louse","floor":10.0,"turns":2.0},{"damage":18.0,"enemies":"Lagavulin","floor":12.0,"turns":6.0},{"damage":43.0,"enemies":"Gremlin Nob","floor":14.0,"turns":5.0},{"damage":19.0,"enemies":"Slime Boss","floor":16.0,"turns":10.0},{"damage":39.0,"enemies":"Shell Parasite","floor":18.0,"turns":7.0},{"damage":27,"enemies":"Slavers","floor":23,"turns":4},{"damage":2,"enemies":"3 Byrds","floor":25,"turns":5},{"damage":23,"enemies":"Cultist and Chosen","floor":27,"turns":5},{"damage":27,"enemies":"Book of Stabbing","floor":29,"turns":5},{"damage":13,"enemies":"Snake Plant","floor":30,"turns":2},{"damage":75,"enemies":"Collector","floor":33,"turns":12},{"damage":8,"enemies":"3 Darklings","floor":35,"turns":5},{"damage":0,"enemies":"3 Shapes","floor":36,"turns":3},{"damage":27,"enemies":"Maw","floor":38,"turns":8},{"damage":23,"enemies":"Sphere and 2 Shapes","floor":41,"turns":5},{"damage":17,"enemies":"3 Darklings","floor":47,"turns":5},{"damage":121,"enemies":"Time Eater","floor":50,"turns":14}],"seed_played":"7639210036272732541","potions_obtained":[{"floor":10.0,"key":"SkillPotion"},{"floor":12.0,"key":"FairyPotion"},{"floor":16.0,"key":"Dexterity Potion"},{"floor":17.0,"key":"SpeedPotion"},{"floor":18.0,"key":"Fire Potion"},{"floor":23,"key":"Fire Potion"},{"floor":27,"key":"GamblersBrew"},{"floor":29,"key":"Fire Potion"},{"floor":38,"key":"Swift Potion"},{"floor":47,"key":"GamblersBrew"}],"is_trial":false,"path_per_floor":["M","?","M","$","?","R","?","E","T","M","?","E","R","E","R","B",null,"M","?","?","$","?","E","R","M","T","M","T","E","M","$","R","B",null,"M","M","$","M","?","R","M","R","T","R","T","?","M","$","R","B",null],"character_chosen":"IRONCLAD","items_purchased":["Juzu Bracelet","Blood Vial","Regal Pillow","Strawberry","Tiny Chest","Regen Potion","Orichalcum","Singing Bowl","AttackPotion"],"campfire_rested":3,"item_purchase_floors":[4,21,21,21,21,31,37,37,48],"current_hp_per_floor":[80,69,75,75,75,75,68,74,74,78,58,46,46,9,33,20,85,52,52,46,53,53,34,76,86,86,75,75,60,59,59,92,26,92,92,92,92,74,74,74,63,77,77,77,77,106,100,100,100,52],"gold":24,"neow_bonus":"THREE_ENEMY_KILL","is_daily":false,"chose_seed":false,"campfire_upgraded":1,"win_rate":0.0,"timestamp":1611410812,"path_taken":["M","?","M","$","?","R","?","E","T","M","?","E","R","E","R","BOSS","M","?","?","$","?","E","R","M","T","M","?","E","M","$","R","BOSS","M","M","$","M","?","R","M","R","T","R","?","?","M","?","R","BOSS"],"items_purchased_type":["Relic","Relic","Relic","Relic","Relic","Potion","Relic","Relic","Potion"],"build_version":"2020-12-22","purchased_purges":1,"victory":true,"max_hp_per_floor":[80,80,80,80,80,80,80,80,80,80,80,80,80,80,80,80,85,85,85,85,92,92,92,92,92,92,92,92,92,92,92,92,92,92,92,92,92,92,92,92,92,106,106,106,106,106,108,108,108,108],"card_choices":[{"not_picked":["Iron Wave","Twin Strike"],"picked":"Armaments","floor":1.0},{"not_picked":["Evolve","Uppercut"],"picked":"Pommel Strike","floor":3.0},{"not_picked":["Metallicize","Rupture"],"picked":"Infernal Blade","floor":8.0},{"not_picked":["Flame Barrier","Entrench"],"picked":"Sword Boomerang","floor":10.0},{"not_picked":["Clothesline","Berserk","Second Wind+1"],"picked":"SKIP","floor":12.0},{"not_picked":["Sever Soul","Whirlwind"],"picked":"Shrug It Off+1","floor":14.0},{"not_picked":["Berserk","Bludgeon"],"picked":"Exhume+1","floor":16.0},{"not_picked":["True Grit+1","Body Slam"],"picked":"Thunderclap","floor":17.0},{"not_picked":["Flame Barrier+1","Heavy Blade"],"picked":"Cleave+1","floor":18.0},{"not_picked":["Whirlwind+1","Heavy Blade"],"picked":"Inflame","floor":23},{"not_picked":["Shrug It Off+1","Seeing Red+1"],"picked":"Intimidate+1","floor":25},{"not_picked":["Shrug It Off+1","Dropkick","Twin Strike"],"picked":"SKIP","floor":27},{"not_picked":["True Grit+1","Wild Strike","Carnage"],"picked":"SKIP","floor":29},{"not_picked":["Dropkick","Clash","Wild Strike"],"picked":"SKIP","floor":30},{"not_picked":["Flame Barrier+1","Twin Strike+1"],"picked":"Rage+1","floor":35},{"not_picked":["Body Slam+1","Armaments+1"],"picked":"Disarm+1","floor":36},{"not_picked":["Armaments+1","Heavy Blade+1"],"picked":"Twin Strike+1","floor":38},{"not_picked":["Thunderclap","Clothesline"],"picked":"Flex+1","floor":41},{"not_picked":["Body Slam+1","Pommel Strike","Cleave+1"],"picked":"Singing Bowl","floor":47}],"player_experience":208897,"relics_obtained":[{"floor":8.0,"key":"Shovel"},{"floor":9.0,"key":"Pen Nib"},{"floor":12.0,"key":"Toxic Egg 2"},{"floor":13.0,"key":"The Courier"},{"floor":14.0,"key":"Bag of Preparation"},{"floor":23,"key":"Magic Flower"},{"floor":26,"key":"Potion Belt"},{"floor":28,"key":"PreservedInsect"},{"floor":29,"key":"Bronze Scales"},{"floor":40,"key":"Ancient Tea Set"},{"floor":42,"key":"Mango"},{"floor":43,"key":"Centennial Puzzle"},{"floor":44,"key":"Mummified Hand"},{"floor":45,"key":"Bag of Marbles"},{"floor":49,"key":"InkBottle"}],"event_choices":[{"damage_healed":0.0,"max_hp_gain":0.0,"max_hp_loss":0.0,"gold_gain":75.0,"event_name":"World of Goop","player_choice":"Gather Gold","floor":2.0,"gold_loss":0.0,"damage_taken":11.0},{"damage_healed":0.0,"max_hp_gain":0.0,"max_hp_loss":0.0,"gold_gain":175.0,"event_name":"Liars Game","player_choice":"AGREE","floor":5.0,"gold_loss":0.0,"damage_taken":0.0,"cards_obtained":["Doubt"]},{"cards_removed":["Doubt"],"damage_healed":0.0,"max_hp_gain":0.0,"max_hp_loss":0.0,"gold_gain":0.0,"event_name":"Golden Wing","player_choice":"Card Removal","floor":7.0,"gold_loss":0.0,"damage_taken":7.0},{"damage_healed":0.0,"max_hp_gain":0.0,"max_hp_loss":0.0,"gold_gain":0.0,"event_name":"Golden Idol","player_choice":"Take Damage","floor":11.0,"gold_loss":0.0,"damage_taken":20.0,"relics_obtained":["Golden Idol"]},{"damage_healed":0.0,"max_hp_gain":0.0,"max_hp_loss":0.0,"gold_gain":0.0,"event_name":"The Mausoleum","player_choice":"Opened","floor":19.0,"gold_loss":0.0,"damage_taken":0.0,"relics_obtained":["Happy Flower"]},{"damage_healed":0.0,"max_hp_gain":0.0,"max_hp_loss":0.0,"gold_gain":0.0,"event_name":"Nest","player_choice":"Joined the Cult","floor":20.0,"gold_loss":0.0,"damage_taken":6.0,"cards_obtained":["RitualDagger"]},{"damage_healed":0.0,"max_hp_gain":0.0,"max_hp_loss":0.0,"gold_gain":0.0,"event_name":"Back to Basics","player_choice":"Simplicity","floor":22.0,"gold_loss":0.0,"damage_taken":0.0,"cards_upgraded":["Strike_R","Strike_R","Strike_R","Defend_R","Defend_R","Defend_R","Defend_R"]},{"damage_healed":0,"gold_gain":0,"player_choice":"Paid","damage_taken":0,"relics_obtained":["Red Mask"],"max_hp_gain":0,"max_hp_loss":0,"event_name":"Tomb of Lord Red Mask","floor":39,"gold_loss":26},{"cards_removed":["Intimidate"],"damage_healed":29,"gold_gain":0,"player_choice":"Offered Uncommon","damage_taken":0,"max_hp_gain":0,"max_hp_loss":0,"event_name":"Bonfire Elementals","floor":46,"gold_loss":0}],"is_beta":false,"boss_relics":[{"not_picked":["Fusion Hammer","SlaversCollar"],"picked":"Tiny House"},{"not_picked":["Black Star","Calling Bell"],"picked":"SacredBark"}],"items_purged_floors":[21],"is_endless":false,"potions_floor_spawned":[10,12,16,18,23,27,29,38,41,47],"ascension_level":2}}