{"host":"fa35vd3kig5td25x","time":1611404114,"event":{"mods":["BaseMod","Colored Powertips","Minty Spire (QoL Compilation)","Relic Stats","Slay the Relics Exporter"],"gold_per_floor":[118,135,60,60,70,96,96,116,198,198,211,211,42,77,77,170,170,190,190,217,217,233,233,260,260,260,286,300,333,343,258,258,330,330,340,20,32,48,67,95,95,124,136,166,196,11,43,43,43,43,43,43,43,0,32,32,32],"floor_reached":56,"language":"ENG","playtime":3587,"items_purged":[],"score":2110,"play_id":"f301d31e-f0d9-4124-8fb6-f61473e84a47","local_time":"20210123131514","is_ascension_mode":true,"campfire_choices":[{"floor":7.0,"key":"REST"},{"floor":10.0,"key":"REST"},{"data":"Armaments","floor":15.0,"key":"SMITH"},{"data":"Offering","floor":23.0,"key":"SMITH"},{"data":"Spot Weakness","floor":25.0,"key":"SMITH"},{"floor":32.0,"key":"RECALL"},{"data":"Feel No Pain","floor":41.0,"key":"SMITH"},{"data":"Dual Wield","floor":49.0,"key":"SMITH"},{"data":"Intimidate","floor":53.0,"key":"SMITH"}],"circlet_count":0,"master_deck":["AscendersBane","Strike_R","Strike_R","Strike_R","Defend_R","Defend_R","Defend_R","Defend_R+1","Bash","Spot Weakness+1","Cleave","Fiend Fire","Armaments+1","Shrug It Off","Offering+1","Power Through+1","Flame Barrier","Reaper","Intimidate+1","Seeing Red","Dual Wield+1","True Grit+1","Twin Strike","Feel No Pain+1","Exhume+1","Ghostly Armor+1","Headbutt+1","Shockwave+1","Limit Break+1","Heavy Blade+1","Feel No Pain","Barricade"],"relics":["Velvet Choker","Charon\u0027s Ashes","HornCleat","Bloody Idol","Anchor","Pen Nib","Runic Pyramid","Red Mask","Kunai","Toxic Egg 2","Blood Vial","Gremlin Horn","War Paint","SlaversCollar","Calipers","Molten Egg 2","MawBank","Orrery","Orichalcum"],"acts_visited":["Exordium","TheCity","TheBeyond","TheEnding"],"potions_floor_usage":[],"damage_taken":[{"damage":0.0,"enemies":"Small Slimes","floor":1.0,"turns":3.0},{"damage":21.0,"enemies":"Jaw Worm","floor":2.0,"turns":6.0},{"damage":0.0,"enemies":"Cultist","floor":5.0,"turns":2.0},{"damage":42.0,"enemies":"Gremlin Nob","floor":6.0,"turns":4.0},{"damage":8.0,"enemies":"3 Louse","floor":8.0,"turns":3.0},{"damage":1.0,"enemies":"Looter","floor":11.0,"turns":2.0},{"damage":26.0,"enemies":"Lagavulin","floor":14.0,"turns":7.0},{"damage":10.0,"enemies":"The Guardian","floor":16.0,"turns":9.0},{"damage":6.0,"enemies":"Chosen","floor":18.0,"turns":4.0},{"damage":15.0,"enemies":"Masked Bandits","floor":20.0,"turns":4.0},{"damage":6.0,"enemies":"2 Thieves","floor":22.0,"turns":3.0},{"damage":47.0,"enemies":"Gremlin Leader","floor":24.0,"turns":7.0},{"damage":14.0,"enemies":"Book of Stabbing","floor":27.0,"turns":5.0},{"damage":6.0,"enemies":"Snecko","floor":28.0,"turns":6.0},{"damage":6.0,"enemies":"Slavers","floor":29.0,"turns":2.0},{"damage":6.0,"enemies":"Shelled Parasite and Fungi","floor":30.0,"turns":3.0},{"damage":58.0,"enemies":"Collector","floor":33.0,"turns":8.0},{"damage":6.0,"enemies":"Orb Walker","floor":35.0,"turns":4.0},{"damage":17.0,"enemies":"3 Shapes","floor":37.0,"turns":10.0},{"damage":7.0,"enemies":"3 Darklings","floor":38.0,"turns":7.0},{"damage":18.0,"enemies":"Jaw Worm Horde","floor":39.0,"turns":6.0},{"damage":23.0,"enemies":"Giant Head","floor":40.0,"turns":6.0},{"damage":6.0,"enemies":"Nemesis","floor":42.0,"turns":5.0},{"damage":46.0,"enemies":"Transient","floor":44.0,"turns":6.0},{"damage":6.0,"enemies":"3 Darklings","floor":45.0,"turns":3.0},{"damage":35.0,"enemies":"Giant Head","floor":47.0,"turns":7.0},{"damage":69.0,"enemies":"Awakened One","floor":50.0,"turns":13.0},{"damage":82.0,"enemies":"Donu and Deca","floor":51.0,"turns":10.0},{"damage":126.0,"enemies":"Shield and Spear","floor":55.0,"turns":11.0},{"damage":47,"enemies":"The Heart","floor":56,"turns":3}],"seed_played":"5033660952445251974","potions_obtained":[{"floor":1.0,"key":"GamblersBrew"},{"floor":2.0,"key":"Fire Potion"},{"floor":11.0,"key":"AttackPotion"},{"floor":20.0,"key":"BlessingOfTheForge"},{"floor":22.0,"key":"FearPotion"},{"floor":28.0,"key":"EssenceOfSteel"},{"floor":35.0,"key":"SteroidPotion"},{"floor":39.0,"key":"Strength Potion"},{"floor":45.0,"key":"BloodPotion"}],"is_trial":false,"path_per_floor":["M","M","?","?","M","E","R","M","T","R","M","?","$","E","R","B",null,"M","?","?","?","M","R","E","R","T","E","M","E","M","?","R","B",null,"M","$","M","M","M","E","R","E","T","M","M","$","E","?","R","B","B",null,"R","$","E","B"],"character_chosen":"IRONCLAD","items_purchased":["Anchor","Calipers","Orrery","Heavy Blade+1","Feel No Pain"],"campfire_rested":2,"item_purchase_floors":[13,36,46,46,54],"current_hp_per_floor":[68,47,47,47,47,5,27,19,19,41,40,40,40,14,14,4,52,68,68,58,58,68,68,68,68,68,68,68,67,67,67,67,15,55,62,62,68,66,66,57,57,68,68,68,67,68,68,68,68,68,68,68,68,68,44,0,0],"gold":32,"neow_bonus":"BOSS_RELIC","is_daily":false,"chose_seed":false,"campfire_upgraded":6,"win_rate":0.0,"timestamp":1611404114,"path_taken":["M","M","?","?","M","E","R","?","T","R","M","?","$","E","R","BOSS","M","?","?","?","M","R","E","R","T","E","M","E","M","?","R","BOSS","M","$","M","M","M","E","R","E","T","M","M","$","E","?","R","BOSS","BOSS","R","$","E","BOSS"],"items_purchased_type":["Relic","Relic","Relic","Card","Card"],"build_version":"2020-12-22","purchased_purges":0,"victory":false,"max_hp_per_floor":[75,75,75,75,75,75,75,75,75,75,75,68,68,68,68,68,68,68,68,68,68,68,68,68,68,68,68,68,68,68,68,68,68,68,68,68,68,68,68,68,68,68,68,68,68,68,68,68,68,68,68,68,68,68,68,68,68],"relic_stats":{"Blood Vial":14,"Gremlin Horn":[16,17],"counters":[30,169],"Bloody Idol":60,"Charon\u0027s Ashes":[864],"Pen Nib":[19],"Kunai":[14],"War Paint":["Power Through","Defend_R"],"Orichalcum":[12],"MawBank":48,"obtain_stats":[{"Calipers":36,"Gremlin Horn":29,"Golden Idol":12,"Velvet Choker":0,"Charon\u0027s Ashes":6,"Pen Nib":14,"War Paint":31,"Orichalcum":47,"MawBank":42,"Burning Blood":0,"Blood Vial":27,"SlaversCollar":34,"Anchor":13,"HornCleat":9,"Bloody Idol":19,"Orrery":46,"Molten Egg 2":40,"Red Mask":20,"Kunai":24,"Toxic Egg 2":26,"Runic Pyramid":17},{"Calipers":18,"Gremlin Horn":15,"Golden Idol":6,"Velvet Choker":0,"Charon\u0027s Ashes":4,"Pen Nib":7,"War Paint":16,"Orichalcum":26,"MawBank":23,"Burning Blood":0,"Blood Vial":13,"SlaversCollar":17,"Anchor":6,"HornCleat":5,"Bloody Idol":9,"Orrery":25,"Molten Egg 2":22,"Red Mask":10,"Kunai":12,"Toxic Egg 2":12,"Runic Pyramid":8},{"Calipers":82,"Gremlin Horn":67,"Golden Idol":20,"Velvet Choker":0,"Charon\u0027s Ashes":15,"Pen Nib":27,"War Paint":70,"Orichalcum":132,"MawBank":116,"Burning Blood":0,"Blood Vial":59,"SlaversCollar":78,"Anchor":20,"HornCleat":18,"Bloody Idol":40,"Orrery":125,"Molten Egg 2":111,"Red Mask":44,"Kunai":54,"Toxic Egg 2":54,"Runic Pyramid":36}]},"card_choices":[{"not_picked":["Infernal Blade","Bloodletting"],"picked":"Spot Weakness","floor":1.0},{"not_picked":["Sentinel","Ghostly Armor"],"picked":"Cleave","floor":2.0},{"not_picked":["True Grit","Metallicize"],"picked":"Armaments","floor":5.0},{"not_picked":["Bloodletting","Sword Boomerang"],"picked":"Shrug It Off","floor":6.0},{"not_picked":["Pommel Strike","Flex"],"picked":"Offering","floor":8.0},{"not_picked":["Blood for Blood","Iron Wave"],"picked":"Power Through","floor":11.0},{"not_picked":["Feed","Dark Embrace"],"picked":"Flame Barrier","floor":14.0},{"not_picked":["Double Tap","Fiend Fire"],"picked":"Reaper","floor":16.0},{"not_picked":["Twin Strike","Heavy Blade","Armaments"],"picked":"SKIP","floor":18.0},{"not_picked":["Warcry","Ghostly Armor"],"picked":"Intimidate","floor":20.0},{"not_picked":["Perfected Strike","Twin Strike"],"picked":"Seeing Red","floor":22.0},{"not_picked":["Dark Embrace","Iron Wave"],"picked":"Dual Wield","floor":24.0},{"not_picked":["Sword Boomerang","Perfected Strike"],"picked":"True Grit+1","floor":27.0},{"not_picked":["Armaments+1","True Grit+1","Clothesline"],"picked":"SKIP","floor":28.0},{"not_picked":["Havoc+1","Headbutt"],"picked":"Twin Strike","floor":29.0},{"not_picked":["Evolve","Anger"],"picked":"Feel No Pain","floor":30.0},{"not_picked":["Reaper","Corruption"],"picked":"Exhume+1","floor":33.0},{"not_picked":["Pommel Strike","Dark Embrace+1"],"picked":"Ghostly Armor+1","floor":35.0},{"not_picked":["Headbutt+1","Perfected Strike+1","Sever Soul+1"],"picked":"SKIP","floor":37.0},{"not_picked":["Shrug It Off+1","Armaments+1"],"picked":"Uppercut","floor":38.0},{"not_picked":["Anger+1","Clash","Flame Barrier+1"],"picked":"SKIP","floor":39.0},{"not_picked":["Rupture","Evolve","Fire Breathing"],"picked":"SKIP","floor":40.0},{"not_picked":["Havoc+1","Offering+1"],"picked":"Headbutt+1","floor":42.0},{"not_picked":["True Grit+1","Flex+1","Fire Breathing"],"picked":"SKIP","floor":44.0},{"not_picked":["Thunderclap+1","Heavy Blade+1","Wild Strike+1"],"picked":"SKIP","floor":45.0},{"not_picked":["Pommel Strike+1","Iron Wave+1"],"picked":"Shockwave+1","floor":46.0},{"not_picked":["Warcry+1","Whirlwind+1"],"picked":"Limit Break+1","floor":46.0},{"not_picked":["Seeing Red+1","Rampage+1","Clothesline+1"],"picked":"SKIP","floor":47.0},{"not_picked":["Battle Trance+1","True Grit+1"],"picked":"Barricade","floor":55.0}],"player_experience":2982109,"relics_obtained":[{"floor":6.0,"key":"Charon\u0027s Ashes"},{"floor":9.0,"key":"HornCleat"},{"floor":14.0,"key":"Pen Nib"},{"floor":20.0,"key":"Red Mask"},{"floor":24.0,"key":"Kunai"},{"floor":26.0,"key":"Toxic Egg 2"},{"floor":27.0,"key":"Blood Vial"},{"floor":29.0,"key":"Gremlin Horn"},{"floor":40.0,"key":"Molten Egg 2"},{"floor":42.0,"key":"MawBank"},{"floor":47.0,"key":"Orichalcum"}],"event_choices":[{"cards_removed":["Strike_R"],"damage_healed":0.0,"max_hp_gain":0.0,"max_hp_loss":0.0,"gold_gain":0.0,"event_name":"The Cleric","player_choice":"Card Removal","floor":3.0,"gold_loss":75.0,"damage_taken":0.0},{"damage_healed":0.0,"max_hp_gain":0.0,"max_hp_loss":0.0,"gold_gain":0.0,"event_name":"Match and Keep!","player_choice":"1 cards matched","floor":4.0,"gold_loss":0.0,"damage_taken":0.0,"cards_obtained":["Fiend Fire"]},{"damage_healed":0.0,"max_hp_gain":0.0,"max_hp_loss":7.0,"gold_gain":0.0,"event_name":"Golden Idol","player_choice":"Lose Max HP","floor":12.0,"gold_loss":0.0,"damage_taken":0.0,"relics_obtained":["Golden Idol"]},{"damage_healed":0.0,"max_hp_gain":0.0,"max_hp_loss":0.0,"gold_gain":0.0,"event_name":"Forgotten Altar","player_choice":"Gave Idol","floor":19.0,"relics_lost":["Golden Idol"],"gold_loss":0.0,"damage_taken":0.0,"relics_obtained":["Bloody Idol"]},{"damage_healed":0.0,"max_hp_gain":0.0,"max_hp_loss":0.0,"gold_gain":0.0,"event_name":"Masked Bandits","player_choice":"Fought Bandits","floor":20.0,"gold_loss":0.0,"damage_taken":0.0},{"cards_removed":["Strike_R"],"damage_healed":0.0,"max_hp_gain":0.0,"max_hp_loss":0.0,"gold_gain":0.0,"event_name":"Back to Basics","player_choice":"Elegance","floor":21.0,"gold_loss":0.0,"damage_taken":0.0},{"damage_healed":0.0,"max_hp_gain":0.0,"max_hp_loss":0.0,"gold_gain":0.0,"event_name":"Addict","player_choice":"Obtained Relic","floor":31.0,"gold_loss":85.0,"damage_taken":0.0,"relics_obtained":["War Paint"]},{"cards_removed":["Uppercut"],"damage_healed":0.0,"max_hp_gain":0.0,"max_hp_loss":0.0,"gold_gain":0.0,"event_name":"Falling","player_choice":"Removed Attack","floor":48.0,"gold_loss":0.0,"damage_taken":0.0}],"is_beta":false,"boss_relics":[{"not_picked":["Philosopher\u0027s Stone","Tiny House"],"picked":"Runic Pyramid"},{"not_picked":["Calling Bell","Empty Cage"],"picked":"SlaversCollar"}],"items_purged_floors":[],"is_endless":false,"potions_floor_spawned":[1,2,5,11,20,22,24,28,29,35,38,39,45,47],"killed_by":"The Heart","ascension_level":20}}