{"host":"e48gchmu8shm63ip","time":1611426805,"event":{"mods":["Abigail Mod","AchievementEnabler","Act Like it!","BaseMod","Better Match","Better Note","Better Vampires","CapriCore","DeckTracker","Exacting","Gensokyo","Googly Eyes","Hallownest","Hermit","HololiveMod","Infinite Spire","Jorbs\u0027s Wanderer Trilogy","Koishi","Marisa????????","Minty Spire (QoL Compilation)","Railgun Mod","Rare Cards Sparkle","Relic Filter","Relic Stats","Remilia??????","Robot Space Explorer","Shade Mod","StSLib","The Animator","The Caster","The Construct","The Dragon Tamer","The Forsaken","The Immortal","The Judge","The Marked","The Poker Player","The Senshi","The Servant 0.9.4","TheSwordswoman","Waifu the Spire"],"gold_per_floor":[110,126,141,174,99,126,126,136,136,136,136,146,71,86,86,186,186,206,206],"floor_reached":18,"language":"ENG","playtime":930,"items_purged":["theMarked:Strike"],"score":174,"play_id":"892f743c-d327-448b-9986-a1ba9d3a74f5","local_time":"20210123193325","is_ascension_mode":true,"campfire_choices":[{"floor":7,"key":"REST"},{"data":"theMarked:BanishingWave","floor":11,"key":"SMITH"},{"floor":15,"key":"REST"}],"circlet_count":0,"master_deck":["theMarked:Strike","theMarked:Strike","theMarked:Strike","theMarked:Strike","theMarked:Defend","theMarked:Defend","theMarked:Defend","theMarked:Defend","theMarked:SoldierOfQuellstein+1","theMarked:Electrify","theMarked:WardOff","theMarked:BanishingWave+1","theMarked:RogueSparks","theMarked:SoldierForm+1","theMarked:SummonStrength","theMarked:HeritageOfTheMarked","theMarked:DispelDoubt"],"relics":["theMarked:ArtifactOfAir","infinitespire:WardingShard","Eternal Feather","Runic Pyramid"],"acts_visited":["Exordium","TheCity"],"potions_floor_usage":[],"damage_taken":[{"damage":7,"enemies":"Jaw Worm","floor":1,"turns":4},{"damage":1,"enemies":"Cultist","floor":2,"turns":3},{"damage":0,"enemies":"Small Slimes","floor":3,"turns":4},{"damage":0,"enemies":"3 Louse","floor":4,"turns":2},{"damage":26,"enemies":"Lagavulin","floor":6,"turns":5},{"damage":12,"enemies":"Large Slime","floor":8,"turns":5},{"damage":0,"enemies":"2 Fungi Beasts","floor":12,"turns":2},{"damage":10,"enemies":"Exordium Wildlife","floor":14,"turns":4},{"damage":34,"enemies":"Hexaghost","floor":16,"turns":8},{"damage":31,"enemies":"Spheric Guardian","floor":18,"turns":8}],"seed_played":"-1603407837778737282","potions_obtained":[{"floor":1,"key":"AttackPotion"},{"floor":2,"key":"Energy Potion"},{"floor":3,"key":"GamblersBrew"}],"is_trial":false,"path_per_floor":["M","M","M","M","?","E","R","M","T","T","R","M","$","M","R","B",null,"M"],"character_chosen":"THE_DEFAULT","items_purchased":[],"campfire_rested":2,"item_purchase_floors":[],"current_hp_per_floor":[63,62,62,62,62,36,57,45,45,45,54,54,54,44,70,36,70,39,39],"gold":206,"neow_bonus":"UPGRADE_CARD","is_daily":false,"chose_seed":false,"campfire_upgraded":1,"win_rate":0.0,"timestamp":1611426805,"path_taken":["M","M","M","M","?","E","R","M","T","?","R","?","?","M","R","BOSS","M"],"items_purchased_type":[],"build_version":"2020-12-22","purchased_purges":1,"victory":false,"max_hp_per_floor":[70,70,70,70,70,70,70,70,70,70,70,70,70,70,70,70,70,70,70],"relic_stats":{"counters":[10,43],"Eternal Feather":18,"obtain_stats":[{"theMarked:ArtifactOfAir":0,"infinitespire:WardingShard":6,"Eternal Feather":9,"Runic Pyramid":17},{"theMarked:ArtifactOfAir":0,"infinitespire:WardingShard":5,"Eternal Feather":6,"Runic Pyramid":9},{"theMarked:ArtifactOfAir":0,"infinitespire:WardingShard":18,"Eternal Feather":23,"Runic Pyramid":36}]},"card_choices":[{"not_picked":["theMarked:WastefulDefense","theMarked:Improvise"],"picked":"theMarked:Electrify","floor":1},{"not_picked":["theMarked:RepellingDischarge","theMarked:BanishingStrike"],"picked":"theMarked:WardOff","floor":2},{"not_picked":["theMarked:GodGivenPower","theMarked:WastefulAttack"],"picked":"theMarked:BanishingWave","floor":3},{"not_picked":["theMarked:Improvise","theMarked:TwofoldDefense"],"picked":"theMarked:RogueSparks","floor":4},{"not_picked":["theMarked:FavorableWinds+1","theMarked:Levitate+1"],"picked":"theMarked:SoldierForm+1","floor":5},{"not_picked":["theMarked:Aftermath","theMarked:ShockingTouch"],"picked":"theMarked:SummonStrength","floor":6},{"not_picked":["theMarked:ElementalBlade","theMarked:TunnelVision","theMarked:Improvise"],"picked":"SKIP","floor":8},{"not_picked":["theMarked:EmpowerWeapon","theMarked:Frustration"],"picked":"theMarked:HeritageOfTheMarked","floor":12},{"not_picked":["theMarked:ResourceFulStrike","theMarked:SwordAndMagic","theMarked:EmpowerWeapon"],"picked":"SKIP","floor":14},{"not_picked":["theMarked:Defy","theMarked:MagicAdept"],"picked":"theMarked:DispelDoubt","floor":16},{"not_picked":["theMarked:WardOff+1","theMarked:Generate+1","theMarked:WastefulDefense"],"picked":"SKIP","floor":18}],"player_experience":683611,"relics_obtained":[{"floor":6,"key":"infinitespire:WardingShard"},{"floor":9,"key":"Eternal Feather"}],"event_choices":[{"damage_healed":0,"gold_gain":0,"player_choice":"2","damage_taken":0,"max_hp_gain":0,"max_hp_loss":0,"event_name":"betterMatch:BetterMatch","floor":5,"gold_loss":0,"cards_obtained":["betterMatch:RareCard"]}],"is_beta":false,"boss_relics":[{"not_picked":["Hololive_ChaosS","Snecko Eye"],"picked":"Runic Pyramid"}],"items_purged_floors":[13],"is_endless":false,"potions_floor_spawned":[1,2,3,14,18],"killed_by":"Spheric Guardian","ascension_level":1}}