{"host":"5p9hybygolzp0efr","time":1611404866,"event":{"mods":["AchievementEnabler","BaseMod","Bestiary","Colored Map","Minty Spire (QoL Compilation)","Permanent Neow","Relic Stats"],"gold_per_floor":[116,116,131,151,101,29,56,56,110,122,122,142,165,178,178,304,304,328,251,274,290,330,373,373,423,447,447,467,19,34,55,55,181,244,265,283,306,216,237,237,257,257,257,277,277,3,27,66,66,66,66],"floor_reached":50,"language":"ENG","playtime":2681,"items_purged":["Strike_G","Pain"],"score":576,"play_id":"d182c7d0-db80-4e73-b4e6-8dad8435e30c","local_time":"20210123202746","is_ascension_mode":true,"campfire_choices":[{"floor":8.0,"key":"REST"},{"data":"Blur","floor":15.0,"key":"SMITH"},{"floor":24.0,"key":"REST"},{"floor":27.0,"key":"REST"},{"floor":32.0,"key":"REST"},{"data":"Footwork","floor":40.0,"key":"SMITH"},{"data":"Accuracy","floor":42,"key":"SMITH"},{"floor":49,"key":"REST"}],"circlet_count":0,"master_deck":["Strike_G","Defend_G","Defend_G","Defend_G","Survivor","Neutralize","Acrobatics","PiercingWail","Blur+1","Accuracy","Storm of Steel","Injury","Accuracy+1","Malaise","Riddle With Holes+1","Infinite Blades+1","Setup+1","Blade Dance","Night Terror","Leg Sweep+1","Blade Dance","Footwork+1","Accuracy+1","Bouncing Flask","Flying Knee","Noxious Fumes","Crippling Poison","Adrenaline","Deadly Poison+1","Blade Dance","Terror+1","Well Laid Plans","Cloak And Dagger"],"relics":["WristBlade","Nunchaku","Boot","Golden Idol","Astrolabe","Lantern","Red Mask","Bottled Flame","Orichalcum","Orrery","MealTicket","Tiny House","Paper Crane","WarpedTongs","Pen Nib","Calipers"],"acts_visited":["Exordium","TheCity","TheBeyond"],"potions_floor_usage":[48,50,50],"damage_taken":[{"damage":7.0,"enemies":"Small Slimes","floor":1.0,"turns":5.0},{"damage":6.0,"enemies":"2 Louse","floor":3.0,"turns":3.0},{"damage":5.0,"enemies":"Jaw Worm","floor":4.0,"turns":4.0},{"damage":51.0,"enemies":"Gremlin Nob","floor":7.0,"turns":7.0},{"damage":8.0,"enemies":"Exordium Wildlife","floor":10.0,"turns":5.0},{"damage":0.0,"enemies":"Red Slaver","floor":12.0,"turns":4.0},{"damage":0.0,"enemies":"2 Fungi Beasts","floor":13.0,"turns":2.0},{"damage":4.0,"enemies":"Blue Slaver","floor":14.0,"turns":3.0},{"damage":8.0,"enemies":"Hexaghost","floor":16.0,"turns":15.0},{"damage":8.0,"enemies":"Chosen","floor":18.0,"turns":5.0},{"damage":14.0,"enemies":"Shell Parasite","floor":20.0,"turns":4.0},{"damage":9.0,"enemies":"Snecko","floor":21.0,"turns":4.0},{"damage":27.0,"enemies":"Masked Bandits","floor":22.0,"turns":5.0},{"damage":13.0,"enemies":"Book of Stabbing","floor":23.0,"turns":3.0},{"damage":0.0,"enemies":"Snake Plant","floor":28.0,"turns":4.0},{"damage":0.0,"enemies":"Cultist and Chosen","floor":30.0,"turns":4.0},{"damage":12.0,"enemies":"Snecko","floor":31.0,"turns":6.0},{"damage":16.0,"enemies":"Champ","floor":33.0,"turns":8.0},{"damage":3.0,"enemies":"Orb Walker","floor":35.0,"turns":4.0},{"damage":2.0,"enemies":"3 Darklings","floor":36.0,"turns":3.0},{"damage":16.0,"enemies":"Maw","floor":37.0,"turns":7.0},{"damage":20.0,"enemies":"Jaw Worm Horde","floor":39.0,"turns":4.0},{"damage":18,"enemies":"Writhing Mass","floor":41,"turns":6},{"damage":19,"enemies":"Sphere and 2 Shapes","floor":44,"turns":5},{"damage":7,"enemies":"4 Shapes","floor":47,"turns":6},{"damage":0,"enemies":"Nemesis","floor":48,"turns":3},{"damage":72,"enemies":"Awakened One","floor":50,"turns":8}],"seed_played":"8732641507336242378","potions_obtained":[{"floor":4.0,"key":"Weak Potion"},{"floor":7.0,"key":"EntropicBrew"},{"floor":16.0,"key":"GhostInAJar"},{"floor":23.0,"key":"SpeedPotion"},{"floor":28.0,"key":"EssenceOfSteel"},{"floor":34.0,"key":"Explosive Potion"},{"floor":48,"key":"Regen Potion"}],"is_trial":false,"path_per_floor":["M","?","M","M","?","$","E","R","T","M","?","M","M","M","R","B",null,"M","?","M","M","?","E","R","?","T","R","M","$","M","M","R","B",null,"M","M","M","?","M","R","M","R","T","M","?","$","M","E","R","B"],"character_chosen":"THE_SILENT","items_purchased":["Accuracy","Orrery","MealTicket","Noxious Fumes","Pen Nib","Cloak And Dagger"],"campfire_rested":5,"item_purchase_floors":[6,29,29,29,46,46],"current_hp_per_floor":[63,68,62,57,57,57,6,28,28,20,20,20,20,16,16,8,75,67,67,53,44,17,4,26,26,26,48,48,48,48,36,58,42,80,77,75,59,59,39,39,21,21,21,2,2,17,10,10,34,0,0],"gold":66,"neow_bonus":"BOSS_RELIC","is_daily":false,"chose_seed":false,"campfire_upgraded":3,"win_rate":0.0,"timestamp":1611404866,"path_taken":["M","?","M","M","?","$","E","R","T","M","?","M","?","M","R","BOSS","M","?","?","M","?","E","R","?","T","R","M","$","?","M","R","BOSS","M","M","M","?","M","R","M","R","T","?","?","$","?","E","R","BOSS"],"items_purchased_type":["Card","Relic","Relic","Card","Relic","Card"],"build_version":"2020-12-22","purchased_purges":2,"victory":false,"max_hp_per_floor":[70,75,75,75,75,75,75,75,75,75,75,75,75,75,75,75,75,75,75,75,75,75,75,75,75,75,75,75,75,75,75,75,75,80,80,80,80,80,80,80,80,80,80,80,80,80,80,80,80,80,80],"relic_stats":{"Nunchaku":[28],"counters":[27,137],"Golden Idol":154,"Astrolabe":["Riddle With Holes","Infinite Blades","Setup"],"MealTicket":15,"Pen Nib":[4],"Orichalcum":[192],"Boot":[70],"obtain_stats":[{"Lantern":19,"Tiny House":34,"Calipers":48,"Golden Idol":11,"Astrolabe":17,"Pen Nib":46,"Orichalcum":26,"Paper Crane":43,"Boot":9,"WarpedTongs":45,"Nunchaku":7,"Bottled Flame":23,"WristBlade":0,"Orrery":29,"MealTicket":29,"Red Mask":22,"Ring of the Snake":0},{"Lantern":10,"Tiny House":18,"Calipers":26,"Golden Idol":5,"Astrolabe":9,"Pen Nib":24,"Orichalcum":14,"Paper Crane":23,"Boot":4,"WarpedTongs":24,"Nunchaku":4,"Bottled Flame":14,"WristBlade":0,"Orrery":15,"MealTicket":15,"Red Mask":13,"Ring of the Snake":0},{"Lantern":53,"Tiny House":91,"Calipers":129,"Golden Idol":24,"Astrolabe":48,"Pen Nib":120,"Orichalcum":69,"Paper Crane":115,"Boot":19,"WarpedTongs":120,"Nunchaku":19,"Bottled Flame":69,"WristBlade":0,"Orrery":73,"MealTicket":73,"Red Mask":66,"Ring of the Snake":0}],"WarpedTongs":[17]},"card_choices":[{"not_picked":["Escape Plan","Sucker Punch"],"picked":"Acrobatics","floor":1.0},{"not_picked":["Underhanded Strike","Outmaneuver"],"picked":"PiercingWail","floor":3.0},{"not_picked":["Escape Plan","Distraction"],"picked":"Blur","floor":4.0},{"not_picked":["Deflect","Flechettes"],"picked":"Storm of Steel","floor":7.0},{"not_picked":["Skewer","Bane","Deflect"],"picked":"SKIP","floor":10.0},{"not_picked":["Slice","Acrobatics","Escape Plan"],"picked":"SKIP","floor":12.0},{"not_picked":["Slice","Well Laid Plans"],"picked":"Accuracy","floor":13.0},{"not_picked":["Malaise","Prepared","Acrobatics"],"picked":"SKIP","floor":14.0},{"not_picked":["Prepared","Acrobatics"],"picked":"Malaise","floor":14.0},{"not_picked":["Blur","Concentrate","Masterful Stab"],"picked":"SKIP","floor":18.0},{"not_picked":["Reflex","Sucker Punch","Bane"],"picked":"SKIP","floor":20.0},{"not_picked":["PiercingWail","Dagger Throw"],"picked":"Blade Dance","floor":21.0},{"not_picked":["Skewer","Masterful Stab+1"],"picked":"Night Terror","floor":22.0},{"not_picked":["Envenom","Tools of the Trade"],"picked":"Leg Sweep","floor":23.0},{"not_picked":["Prepared","Dagger Throw"],"picked":"Blade Dance","floor":28.0},{"not_picked":["Distraction+1","Accuracy"],"picked":"Footwork","floor":29.0},{"not_picked":["PiercingWail","Backflip+1"],"picked":"Accuracy+1","floor":29.0},{"not_picked":["Bullet Time","Acrobatics"],"picked":"Bouncing Flask","floor":29.0},{"not_picked":["Masterful Stab","Eviscerate"],"picked":"Flying Knee","floor":29.0},{"not_picked":["Prepared","Catalyst"],"picked":"Crippling Poison","floor":30.0},{"not_picked":["Dagger Spray","Deflect","Prepared"],"picked":"SKIP","floor":31.0},{"not_picked":["Die Die Die","Glass Knife"],"picked":"Adrenaline","floor":33.0},{"not_picked":["Underhanded Strike","Dodge and Roll"],"picked":"Deadly Poison+1","floor":34.0},{"not_picked":["Slice","Deadly Poison+1"],"picked":"Blade Dance","floor":35.0},{"not_picked":["Leg Sweep+1","Dagger Spray","Quick Slash+1"],"picked":"SKIP","floor":36.0},{"not_picked":["Dagger Spray","Predator"],"picked":"Terror","floor":37.0},{"not_picked":["Blade Dance","Dagger Throw","Outmaneuver+1"],"picked":"SKIP","floor":39.0},{"not_picked":["Flechettes","Noxious Fumes"],"picked":"Well Laid Plans","floor":41},{"not_picked":["Dagger Throw+1","Bane","Leg Sweep"],"picked":"SKIP","floor":44},{"not_picked":["Sucker Punch+1","Prepared+1","Expertise+1"],"picked":"SKIP","floor":47},{"not_picked":["Dagger Spray","Eviscerate+1","Poisoned Stab+1"],"picked":"SKIP","floor":48}],"player_experience":518106,"relics_obtained":[{"floor":7.0,"key":"Nunchaku"},{"floor":9.0,"key":"Boot"},{"floor":22.0,"key":"Red Mask"},{"floor":23.0,"key":"Bottled Flame"},{"floor":26.0,"key":"Orichalcum"},{"floor":43,"key":"Paper Crane"},{"floor":48,"key":"Calipers"}],"event_choices":[{"damage_healed":0.0,"max_hp_gain":5.0,"max_hp_loss":0.0,"gold_gain":0.0,"event_name":"Big Fish","player_choice":"Donut","floor":2.0,"gold_loss":0.0,"damage_taken":0.0},{"cards_removed":["Defend_G"],"damage_healed":0.0,"max_hp_gain":0.0,"max_hp_loss":0.0,"gold_gain":0.0,"event_name":"The Cleric","player_choice":"Card Removal","floor":5.0,"gold_loss":50.0,"damage_taken":0.0},{"damage_healed":0.0,"max_hp_gain":0.0,"max_hp_loss":0.0,"gold_gain":0.0,"event_name":"Golden Idol","player_choice":"Take Wound","floor":11.0,"gold_loss":0.0,"damage_taken":0.0,"relics_obtained":["Golden Idol"],"cards_obtained":["Injury"]},{"damage_healed":0.0,"max_hp_gain":0.0,"max_hp_loss":0.0,"gold_gain":0.0,"event_name":"WeMeetAgain","player_choice":"Paid Gold","floor":19.0,"gold_loss":77.0,"damage_taken":0.0,"relics_obtained":["Lantern"]},{"damage_healed":0.0,"max_hp_gain":0.0,"max_hp_loss":0.0,"gold_gain":0.0,"event_name":"Masked Bandits","player_choice":"Fought Bandits","floor":22.0,"gold_loss":0.0,"damage_taken":0.0},{"damage_healed":0.0,"max_hp_gain":0.0,"max_hp_loss":0.0,"gold_gain":100.0,"event_name":"The Joust","player_choice":"Bet on Murderer","floor":25.0,"gold_loss":50.0,"damage_taken":0.0},{"cards_removed":["Strike_G"],"damage_healed":0.0,"max_hp_gain":0.0,"max_hp_loss":0.0,"gold_gain":0.0,"event_name":"Designer","player_choice":"Upgrade and Remove","floor":38.0,"gold_loss":90.0,"damage_taken":0.0,"cards_upgraded":["Terror"]},{"damage_healed":0,"gold_gain":0,"player_choice":"Rummage","damage_taken":0,"relics_obtained":["WarpedTongs"],"max_hp_gain":0,"max_hp_loss":0,"event_name":"Accursed Blacksmith","floor":45,"gold_loss":0,"cards_obtained":["Pain"]}],"is_beta":false,"boss_relics":[{"not_picked":["SlaversCollar","Snecko Eye"],"picked":"Astrolabe"},{"not_picked":["Runic Dome","Velvet Choker"],"picked":"Tiny House"}],"items_purged_floors":[29,46],"is_endless":false,"potions_floor_spawned":[4,7,16,18,22,23,28,31,35,37,39,41,48],"killed_by":"Awakened One","ascension_level":1}}