{"host":"7pe9xwx78c6nlay8","time":1608227196,"event":{"mods":["BaseMod","Minty Spire (QoL Compilation)"],"gold_per_floor":[15,15,15,32,44,73,73,104,104,104,136,136,86,100,100,204,204,204,204,76,76,76,103,103,119,144,173,173,173],"floor_reached":28,"playtime":885,"items_purged":["Collect+1"],"score":460,"play_id":"301b5b98-fe68-4af1-bd80-27a1dfda5b7c","local_time":"20201218014636","is_ascension_mode":true,"campfire_choices":[{"data":"Vigilance","floor":7,"key":"SMITH"},{"data":"Conclude","floor":10,"key":"SMITH"},{"data":"PathToVictory","floor":15,"key":"SMITH"},{"floor":24,"key":"REST"}],"circlet_count":0,"master_deck":["AscendersBane","Defend_P","Eruption+1","Vigilance+1","ReachHeaven+1","ReachHeaven","ThirdEye","PathToVictory+1","JustLucky+1","PathToVictory","Wireheading","Omniscience+1","Devotion+1","PathToVictory","CrushJoints+1","Protect","CutThroughFate+1"],"relics":["PureWater","Damaru","Molten Egg 2","Juzu Bracelet","Ornamental Fan","Pen Nib","Astrolabe","Enchiridion","Gremlin Horn","Omamori","Tiny Chest"],"acts_visited":["Exordium","TheCity"],"potions_floor_usage":[16,18,23,27],"damage_taken":[{"damage":0,"enemies":"2 Louse","floor":1,"turns":1},{"damage":4,"enemies":"Jaw Worm","floor":4,"turns":4},{"damage":0,"enemies":"Cultist","floor":5,"turns":3},{"damage":0,"enemies":"Gremlin Nob","floor":6,"turns":2},{"damage":8,"enemies":"Lagavulin","floor":8,"turns":3},{"damage":3,"enemies":"3 Sentries","floor":11,"turns":4},{"damage":3,"enemies":"3 Louse","floor":14,"turns":2},{"damage":14,"enemies":"The Guardian","floor":16,"turns":7},{"damage":4,"enemies":"Chosen","floor":18,"turns":4},{"damage":29,"enemies":"Slavers","floor":23,"turns":4},{"damage":0,"enemies":"Spheric Guardian","floor":25,"turns":3},{"damage":16,"enemies":"Gremlin Leader","floor":27,"turns":4},{"damage":36,"enemies":"Snecko","floor":28,"turns":2}],"seed_played":"-702802391572105496","potions_obtained":[{"floor":6,"key":"BottledMiracle"},{"floor":11,"key":"GamblersBrew"},{"floor":14,"key":"Block Potion"},{"floor":16,"key":"SmokeBomb"},{"floor":23,"key":"ColorlessPotion"}],"is_trial":false,"path_per_floor":["M","?","?","M","M","E","R","E","T","R","E","?","?","M","R","B",null,"M","?","$","?","?","E","R","M","T","E","M"],"character_chosen":"WATCHER","items_purchased":["PathToVictory"],"campfire_rested":1,"item_purchase_floors":[20],"current_hp_per_floor":[65,65,65,61,61,61,61,53,53,53,50,50,50,47,47,33,62,58,58,58,58,42,13,34,34,34,18,0,0],"gold":173,"neow_bonus":"TRANSFORM_TWO_CARDS","is_daily":false,"chose_seed":false,"campfire_upgraded":3,"win_rate":0.0,"timestamp":1608227196,"path_taken":["M","?","?","M","?","E","R","E","T","R","E","?","?","M","R","BOSS","M","?","$","?","?","E","R","M","T","E","M"],"items_purchased_type":["Card"],"build_version":"2020-12-13","purchased_purges":1,"victory":false,"max_hp_per_floor":[72,72,72,72,72,72,72,72,72,72,72,72,72,72,72,72,72,72,72,72,72,72,72,72,72,72,72,72,72],"card_choices":[{"not_picked":["Crescendo","BowlingBash","SashWhip"],"picked":"SKIP","floor":1},{"not_picked":["SashWhip","Crescendo"],"picked":"ReachHeaven","floor":4},{"not_picked":["FearNoEvil","Consecrate"],"picked":"ThirdEye","floor":5},{"not_picked":["Consecrate","ConjureBlade"],"picked":"PathToVictory","floor":6},{"not_picked":["InnerPeace","LikeWater"],"picked":"JustLucky+1","floor":8},{"not_picked":["ForeignInfluence","FlurryOfBlows+1"],"picked":"PathToVictory","floor":11},{"not_picked":["Consecrate+1","ClearTheMind"],"picked":"Wireheading","floor":14},{"not_picked":["ClearTheMind+1","FollowUp+1","Vengeance"],"picked":"SKIP","floor":23},{"not_picked":["Crescendo","Conclude+1","BattleHymn+1"],"picked":"SKIP","floor":25},{"not_picked":["SignatureMove+1","Study"],"picked":"CutThroughFate+1","floor":27}],"player_experience":1536923,"relics_obtained":[{"floor":6,"key":"Damaru"},{"floor":8,"key":"Molten Egg 2"},{"floor":9,"key":"Juzu Bracelet"},{"floor":11,"key":"Ornamental Fan"},{"floor":22,"key":"Enchiridion"},{"floor":23,"key":"Gremlin Horn"},{"floor":26,"key":"Omamori"},{"floor":27,"key":"Tiny Chest"}],"event_choices":[{"damage_healed":0,"gold_gain":0,"player_choice":"Grow","damage_taken":0,"max_hp_gain":0,"max_hp_loss":0,"event_name":"Living Wall","floor":2,"gold_loss":0,"cards_upgraded":["Eruption"]},{"damage_healed":0,"gold_gain":0,"player_choice":"Upgraded","damage_taken":0,"max_hp_gain":0,"max_hp_loss":0,"event_name":"Upgrade Shrine","floor":3,"gold_loss":0,"cards_upgraded":["ReachHeaven"]},{"damage_healed":0,"gold_gain":0,"player_choice":"Gave Potion","damage_taken":0,"relics_obtained":["Pen Nib"],"max_hp_gain":0,"max_hp_loss":0,"event_name":"WeMeetAgain","floor":12,"gold_loss":0},{"cards_removed":["Strike_P"],"damage_healed":0,"gold_gain":0,"player_choice":"Card Removal","damage_taken":0,"max_hp_gain":0,"max_hp_loss":0,"event_name":"The Cleric","floor":13,"gold_loss":50},{"damage_healed":0,"gold_gain":0,"player_choice":"Bought 0 Potions","damage_taken":0,"max_hp_gain":0,"max_hp_loss":0,"event_name":"The Woman in Blue","floor":19,"gold_loss":0},{"damage_healed":0,"gold_gain":0,"cards_transformed":["Defend_P","Conclude"],"player_choice":"Became Test Subject","damage_taken":0,"max_hp_gain":0,"max_hp_loss":0,"event_name":"Drug Dealer","floor":21,"gold_loss":0,"cards_obtained":["CrushJoints","Protect"]},{"damage_healed":0,"gold_gain":0,"player_choice":"Obtained Book","damage_taken":16,"max_hp_gain":0,"max_hp_loss":0,"event_name":"Cursed Tome","floor":22,"gold_loss":0}],"is_beta":false,"boss_relics":[{"not_picked":["Coffee Dripper","Tiny House"],"picked":"Astrolabe"}],"items_purged_floors":[20],"is_endless":false,"potions_floor_spawned":[6,11,14,16,23],"killed_by":"Snecko","ascension_level":11}}