{"host":"nn0usk9aafse27ii","time":1608224018,"event":{"mods":["BaseMod","Colored Map","Highlight Path","Minty Spire (QoL Compilation)","Replay The Spire","Shop Mod","StSLib"],"gold_per_floor":[15,32,49,63,74,74,87,262,262,262,288,299,299,31,31,133,133,145,135,145,420,439,439,439],"floor_reached":23,"playtime":1986,"items_purged":[],"score":197,"play_id":"bcd68e62-d2bb-4a71-a327-4b2b5fda0407","local_time":"20201217085338","is_ascension_mode":false,"campfire_choices":[{"floor":10,"key":"REST"},{"data":"Doubt","floor":15,"key":"PURGE"}],"circlet_count":0,"master_deck":["Strike_B","Strike_B","Strike_B","Defend_B","Defend_B","Defend_B","Defend_B","Zap","Dualcast","Darkness","BasicCrystalCard","Capacitor","Crystallizer","Coolheaded","Undo","Barrage","Go for the Eyes","Chaos","Conserve Battery","Mirror Shield","Redo","Melter","Loop","Regret","Redo"],"relics":["Cracked Core","Replay:Multitool","The Courier","Meat on the Bone","WingedGreaves","Nuclear Battery"],"acts_visited":["Exordium","TheCity"],"potions_floor_usage":[4,11,16,16,16,22],"damage_taken":[{"damage":0,"enemies":"2 Louse","floor":1,"turns":2},{"damage":0,"enemies":"Small Slimes","floor":2,"turns":2},{"damage":1,"enemies":"Cultist","floor":3,"turns":3},{"damage":15,"enemies":"3 Louse","floor":4,"turns":4},{"damage":26,"enemies":"Gremlin Gang","floor":5,"turns":8},{"damage":8,"enemies":"Red Slaver","floor":7,"turns":4},{"damage":13,"enemies":"3 Sentries","floor":11,"turns":7},{"damage":0,"enemies":"Looter","floor":12,"turns":3},{"damage":33,"enemies":"Slime Boss","floor":16,"turns":9},{"damage":0,"enemies":"Shell Parasite","floor":18,"turns":5},{"damage":8,"enemies":"2 Thieves","floor":19,"turns":5},{"damage":23,"enemies":"Shelled Parasite and Fungi","floor":20,"turns":7},{"damage":22,"enemies":"3 Cultists","floor":22,"turns":6},{"damage":34,"enemies":"Slavers","floor":23,"turns":3}],"seed_played":"3379316925736292811","potions_obtained":[{"floor":1,"key":"LifebloodPotion"},{"floor":3,"key":"PotionOfCapacity"},{"floor":5,"key":"PotionOfCapacity"},{"floor":7,"key":"DuplicationPotion"},{"floor":11,"key":"ColorlessPotion"},{"floor":18,"key":"FearPotion"},{"floor":20,"key":"Fire Potion"}],"is_trial":false,"path_per_floor":["M","M","M","M","M","R","M","?","T","R","E","M","R","$","R","B",null,"M","M","M","?","M","E"],"character_chosen":"DEFECT","items_purchased":["WingedGreaves","Conserve Battery"],"campfire_rested":1,"item_purchase_floors":[14,14],"current_hp_per_floor":[75,75,74,59,33,33,25,25,25,47,34,46,46,46,46,25,75,75,67,44,44,34,0,0],"gold":439,"neow_bonus":"ONE_RARE_RELIC","is_daily":false,"chose_seed":false,"campfire_upgraded":0,"win_rate":0.0,"timestamp":1608224018,"path_taken":["M","M","M","M","M","R","M","?","T","R","E","M","R","$","R","BOSS","M","M","M","?","M","E"],"items_purchased_type":["Relic","Card"],"build_version":"2020-12-13","purchased_purges":0,"victory":false,"max_hp_per_floor":[75,75,75,75,75,75,75,75,75,75,75,75,75,75,75,75,75,75,75,75,75,75,75,75],"card_choices":[{"not_picked":["Recycle","Beam Cell"],"picked":"Darkness","floor":1},{"not_picked":["Cold Snap","Conserve Battery"],"picked":"BasicCrystalCard","floor":2},{"not_picked":["Beam Cell","Skim"],"picked":"Capacitor","floor":3},{"not_picked":["Fission","Chill"],"picked":"Crystallizer","floor":4},{"not_picked":["Stack","ReplayTheSpireMod:Repulse"],"picked":"Coolheaded","floor":5},{"not_picked":["ReplayTheSpireMod:System Scan","Glacier"],"picked":"Barrage","floor":7},{"not_picked":["Sweeping Beam","Beam Cell"],"picked":"Go for the Eyes","floor":11},{"not_picked":["ReplaySort","Creative AI"],"picked":"Chaos","floor":12},{"not_picked":["Thunder Strike","Hyperbeam"],"picked":"Mirror Shield","floor":16},{"not_picked":["Force Field+1","Turbo"],"picked":"Redo","floor":18},{"not_picked":["Scrape","Stack"],"picked":"Melter","floor":19},{"not_picked":["Stack","Leap"],"picked":"Loop","floor":20},{"not_picked":["Fusion","Glacier"],"picked":"Redo","floor":22}],"player_experience":307059,"relics_obtained":[{"floor":9,"key":"The Courier"},{"floor":11,"key":"Meat on the Bone"}],"event_choices":[{"damage_healed":0,"gold_gain":175,"player_choice":"AGREE","damage_taken":0,"max_hp_gain":0,"max_hp_loss":0,"event_name":"Liars Game","floor":8,"gold_loss":0,"cards_obtained":["Doubt"]},{"damage_healed":0,"gold_gain":275,"player_choice":"Desecrate","damage_taken":0,"max_hp_gain":0,"max_hp_loss":0,"event_name":"Golden Shrine","floor":21,"gold_loss":0,"cards_obtained":["Regret"]}],"is_beta":false,"boss_relics":[{"not_picked":["Ring of Chaos","Inserter"],"picked":"Nuclear Battery"}],"items_purged_floors":[],"is_endless":false,"potions_floor_spawned":[1,3,5,7,11,18,20],"killed_by":"Slavers","ascension_level":0}}