{"host":"egyxg9lnjq7g2hmw","time":1608246951,"event":{"mods":["AchievementEnabler","BaseMod","Block Reminder","Colored Map","Colored Powertips","Highlight Path","Minty Spire (QoL Compilation)","Rare Cards Sparkle","StSLib"],"gold_per_floor":[362,50,50,70,70,70,70],"floor_reached":6,"playtime":386,"items_purged":["Decay"],"score":65,"play_id":"31c81444-9587-4e94-bd62-df04771e6baf","local_time":"20201217151551","is_ascension_mode":true,"campfire_choices":[],"circlet_count":0,"master_deck":["AscendersBane","Strike_G","Strike_G","Strike_G+1","Strike_G","Strike_G+1","Defend_G","Defend_G","Defend_G","Defend_G","Defend_G","Survivor","Neutralize","Footwork","Noxious Fumes","Bane","Acrobatics","Concentrate","Deadly Poison"],"relics":["Ring of the Snake"],"acts_visited":["Exordium"],"potions_floor_usage":[6],"damage_taken":[{"damage":7.0,"enemies":"2 Louse","floor":1.0,"turns":6.0},{"damage":4.0,"enemies":"Cultist","floor":4.0,"turns":4.0},{"damage":35,"enemies":"Lagavulin","floor":6,"turns":7}],"seed_played":"6948013875140338550","potions_obtained":[{"floor":1.0,"key":"Explosive Potion"},{"floor":5.0,"key":"SkillPotion"},{"floor":5.0,"key":"SteroidPotion"}],"is_trial":false,"path_per_floor":["M","$","?","M","?","E"],"character_chosen":"THE_SILENT","items_purchased":["Noxious Fumes","Bane","Acrobatics","Concentrate"],"campfire_rested":0,"item_purchase_floors":[2,2,2,2],"current_hp_per_floor":[52,52,32,28,28,0,0],"gold":70,"neow_bonus":"TWO_FIFTY_GOLD","is_daily":false,"chose_seed":false,"campfire_upgraded":0,"win_rate":0.0,"timestamp":1608246951,"path_taken":["M","$","?","M","?","E"],"items_purchased_type":["Card","Card","Card","Card"],"build_version":"2020-12-13","purchased_purges":1,"victory":false,"max_hp_per_floor":[66,66,66,66,66,66,66],"card_choices":[{"not_picked":["Predator","Slice"],"picked":"Footwork","floor":1.0},{"not_picked":["Noxious Fumes","Endless Agony"],"picked":"Deadly Poison","floor":4.0}],"player_experience":497932,"relics_obtained":[],"event_choices":[{"damage_healed":0.0,"max_hp_gain":0.0,"max_hp_loss":0.0,"gold_gain":0.0,"event_name":"Shining Light","player_choice":"Entered Light","floor":3.0,"gold_loss":0.0,"damage_taken":20.0,"cards_upgraded":["Strike_G","Strike_G"]},{"damage_healed":0.0,"max_hp_gain":0.0,"max_hp_loss":0.0,"gold_gain":0.0,"event_name":"Lab","player_choice":"Got Potions","floor":5.0,"gold_loss":0.0,"damage_taken":0.0}],"is_beta":false,"boss_relics":[],"items_purged_floors":[2],"is_endless":false,"potions_floor_spawned":[1],"killed_by":"Lagavulin","ascension_level":18}}