{"host":"15dd7v8o90xso62x","time":1608234676,"event":{"mods":["BaseMod","Minty Spire (QoL Compilation)","Quick Restart","StSLib"],"gold_per_floor":[119,119,194,207,207,207,232,232,258,272,272,298,298,331,331,407,407,420,434,67,79,79,79,79,104,104,137,164,164,164,176,176,250,250,270,195,195,195,30,64,64,90,90,115,196,206,206,233,233,233,233],"floor_reached":50,"playtime":1496,"items_purged":["Strike_P"],"score":1786,"play_id":"3520c63f-503e-42d8-b4fc-0954721b4aa2","local_time":"20201218045116","is_ascension_mode":true,"campfire_choices":[{"data":"WheelKick","floor":6.0,"key":"SMITH"},{"data":"ClearTheMind","floor":8.0,"key":"SMITH"},{"floor":15.0,"key":"REST"},{"data":"Adaptation","floor":23.0,"key":"SMITH"},{"floor":29.0,"key":"REST"},{"data":"TalkToTheHand","floor":32.0,"key":"SMITH"},{"floor":41.0,"key":"REST"},{"floor":47.0,"key":"REST"},{"floor":49,"key":"REST"}],"circlet_count":0,"master_deck":["AscendersBane","Strike_P+1","Strike_P+1","Strike_P+1","Defend_P","Defend_P+1","Eruption+1","Vigilance+1","ClearTheMind+1","WheelKick+1","Tantrum+1","TalkToTheHand+1","FearNoEvil","DeusExMachina+1","Conclude+1","Adaptation+1","LessonLearned+1","Madness+1","Madness","Perseverance+1"],"relics":["PureWater","Juzu Bracelet","Regal Pillow","War Paint","Dream Catcher","Tiny Chest","Nunchaku","Runic Pyramid","TeardropLocket","Blood Vial","PreservedInsect","Bottled Tornado","Red Mask","Boot","Black Star","TheAbacus","Oddly Smooth Stone","Lantern","Turnip","Bag of Marbles","Yang","Bird Faced Urn","Shuriken","Omamori","InkBottle"],"acts_visited":["Exordium","TheCity","TheBeyond"],"potions_floor_usage":[],"damage_taken":[{"damage":9.0,"enemies":"2 Louse","floor":1.0,"turns":4.0},{"damage":0.0,"enemies":"Cultist","floor":4.0,"turns":2.0},{"damage":0.0,"enemies":"3 Sentries","floor":7.0,"turns":4.0},{"damage":0.0,"enemies":"Small Slimes","floor":10.0,"turns":1.0},{"damage":6.0,"enemies":"Lagavulin","floor":14.0,"turns":3.0},{"damage":0.0,"enemies":"Slime Boss","floor":16.0,"turns":5.0},{"damage":12.0,"enemies":"2 Thieves","floor":18.0,"turns":3.0},{"damage":0.0,"enemies":"3 Byrds","floor":19.0,"turns":4.0},{"damage":0.0,"enemies":"Cultist and Chosen","floor":21.0,"turns":5.0},{"damage":25.0,"enemies":"Book of Stabbing","floor":25.0,"turns":4.0},{"damage":0.0,"enemies":"Gremlin Leader","floor":27.0,"turns":2.0},{"damage":4.0,"enemies":"Masked Bandits","floor":28.0,"turns":2.0},{"damage":5.0,"enemies":"Sentry and Sphere","floor":31.0,"turns":3.0},{"damage":8.0,"enemies":"Automaton","floor":33.0,"turns":6.0},{"damage":0.0,"enemies":"Orb Walker","floor":35.0,"turns":3.0},{"damage":0.0,"enemies":"Nemesis","floor":40.0,"turns":3.0},{"damage":0.0,"enemies":"Giant Head","floor":42.0,"turns":4.0},{"damage":0.0,"enemies":"Mind Bloom Boss Battle","floor":44.0,"turns":3.0},{"damage":11.0,"enemies":"3 Shapes","floor":46.0,"turns":1.0},{"damage":25,"enemies":"Nemesis","floor":48,"turns":3},{"damage":63,"enemies":"Time Eater","floor":50,"turns":7}],"seed_played":"-180265657364984155","potions_obtained":[{"floor":1.0,"key":"LiquidMemories"},{"floor":4.0,"key":"ColorlessPotion"},{"floor":14.0,"key":"Strength Potion"},{"floor":19.0,"key":"LiquidBronze"},{"floor":27.0,"key":"Strength Potion"}],"is_trial":false,"path_per_floor":["M","?","?","M","?","R","E","R","T","M","?","T","?","E","R","B",null,"M","M","$","M","?","R","?","E","T","E","?","R","T","M","R","B",null,"M","$","?","?","$","E","R","E","T","?","T","M","R","E","R","B"],"character_chosen":"WATCHER","items_purchased":["Adaptation","TeardropLocket","TheAbacus"],"campfire_rested":5,"item_purchase_floors":[20,20,39],"current_hp_per_floor":[52,52,41,41,41,41,41,41,41,41,34,34,23,17,52,52,64,52,52,52,52,52,52,52,27,27,29,27,62,62,59,59,53,64,66,66,66,54,54,56,68,68,68,68,68,57,68,43,68,5,5],"gold":233,"neow_bonus":"UPGRADE_CARD","is_daily":false,"chose_seed":false,"campfire_upgraded":4,"win_rate":0.0,"timestamp":1608234676,"path_taken":["M","?","?","M","?","R","E","R","T","M","?","?","?","E","R","BOSS","M","M","$","M","?","R","?","E","T","E","?","R","?","M","R","BOSS","M","$","?","?","$","E","R","E","T","?","?","M","R","E","R","BOSS"],"items_purchased_type":["Card","Relic","Relic"],"build_version":"2020-12-13","purchased_purges":1,"victory":false,"max_hp_per_floor":[68,68,68,68,68,68,68,68,68,68,68,68,68,68,68,68,68,68,68,68,68,68,68,68,68,68,68,68,68,68,68,68,68,68,68,68,68,68,68,68,68,68,68,68,68,68,68,68,68,68,68],"card_choices":[{"not_picked":["Collect","FlurryOfBlows"],"picked":"ClearTheMind","floor":1.0},{"not_picked":["WreathOfFlame","FollowUp"],"picked":"WheelKick","floor":4.0},{"not_picked":["Weave","Crescendo"],"picked":"Tantrum","floor":7.0},{"not_picked":["Swivel","FlurryOfBlows"],"picked":"TalkToTheHand","floor":10.0},{"not_picked":["Indignation","BowlingBash"],"picked":"FearNoEvil","floor":14.0},{"not_picked":["Devotion","Establishment"],"picked":"DeusExMachina","floor":16.0},{"not_picked":["Crescendo","SashWhip","Tantrum+1"],"picked":"SKIP","floor":18.0},{"not_picked":["Swivel","Consecrate"],"picked":"Conclude","floor":19.0},{"not_picked":["Crescendo","SashWhip","Protect"],"picked":"SKIP","floor":21.0},{"not_picked":["ThirdEye","Crescendo","EmptyBody"],"picked":"SKIP","floor":25.0},{"not_picked":["Protect","Pray","CutThroughFate"],"picked":"SKIP","floor":27.0},{"not_picked":["WindmillStrike","Brilliance","JustLucky"],"picked":"SKIP","floor":31.0},{"not_picked":["EmptyFist","SignatureMove+1","WindmillStrike"],"picked":"SKIP","floor":35.0},{"not_picked":["Fasting2","CutThroughFate","Vengeance"],"picked":"SKIP","floor":40.0},{"not_picked":["Alpha","Halt"],"picked":"Perseverance","floor":42.0},{"not_picked":["EmptyBody","SashWhip","Crescendo"],"picked":"SKIP","floor":46.0},{"not_picked":["Indignation","FearNoEvil","ThirdEye"],"picked":"SKIP","floor":48}],"player_experience":919889,"relics_obtained":[{"floor":2.0,"key":"Juzu Bracelet"},{"floor":7.0,"key":"Regal Pillow"},{"floor":9.0,"key":"War Paint"},{"floor":12.0,"key":"Dream Catcher"},{"floor":14.0,"key":"Nunchaku"},{"floor":25.0,"key":"Blood Vial"},{"floor":26.0,"key":"PreservedInsect"},{"floor":27.0,"key":"Bottled Tornado"},{"floor":28.0,"key":"Red Mask"},{"floor":30.0,"key":"Boot"},{"floor":40.0,"key":"Oddly Smooth Stone"},{"floor":40.0,"key":"Lantern"},{"floor":42.0,"key":"Turnip"},{"floor":42.0,"key":"Bag of Marbles"},{"floor":43.0,"key":"Yang"},{"floor":44.0,"key":"Bird Faced Urn"},{"floor":45.0,"key":"Shuriken"},{"floor":48,"key":"Omamori"},{"floor":48,"key":"InkBottle"}],"event_choices":[{"damage_healed":0.0,"max_hp_gain":0.0,"max_hp_loss":0.0,"gold_gain":0.0,"event_name":"Wheel of Change","player_choice":"Relic","floor":2.0,"gold_loss":0.0,"damage_taken":0.0},{"damage_healed":0.0,"max_hp_gain":0.0,"max_hp_loss":0.0,"gold_gain":75.0,"event_name":"World of Goop","player_choice":"Gather Gold","floor":3.0,"gold_loss":0.0,"damage_taken":11.0},{"damage_healed":0.0,"max_hp_gain":0.0,"max_hp_loss":0.0,"gold_gain":0.0,"event_name":"Liars Game","player_choice":"Ignored","floor":5.0,"gold_loss":0.0,"damage_taken":0.0},{"cards_removed":["Defend_P"],"damage_healed":0.0,"max_hp_gain":0.0,"max_hp_loss":0.0,"gold_gain":0.0,"event_name":"Golden Wing","player_choice":"Card Removal","floor":11.0,"gold_loss":0.0,"damage_taken":7.0},{"damage_healed":0.0,"max_hp_gain":0.0,"max_hp_loss":0.0,"gold_gain":0.0,"event_name":"Scrap Ooze","player_choice":"Success","floor":13.0,"gold_loss":0.0,"damage_taken":11.0,"relics_obtained":["Tiny Chest"]},{"damage_healed":0.0,"max_hp_gain":0.0,"max_hp_loss":0.0,"gold_gain":0.0,"event_name":"Vampires","player_choice":"Ignored","floor":22.0,"gold_loss":0.0,"damage_taken":0.0},{"damage_healed":0.0,"max_hp_gain":0.0,"max_hp_loss":0.0,"gold_gain":0.0,"event_name":"The Library","player_choice":"Read","floor":24.0,"gold_loss":0.0,"damage_taken":0.0,"cards_obtained":["LessonLearned"]},{"damage_healed":0.0,"max_hp_gain":0.0,"max_hp_loss":0.0,"gold_gain":0.0,"event_name":"Masked Bandits","player_choice":"Fought Bandits","floor":28.0,"gold_loss":0.0,"damage_taken":0.0},{"cards_removed":["Defend_P"],"damage_healed":0.0,"max_hp_gain":0.0,"max_hp_loss":0.0,"gold_gain":0.0,"event_name":"Falling","player_choice":"Removed Skill","floor":37.0,"gold_loss":0.0,"damage_taken":0.0},{"damage_healed":0.0,"max_hp_gain":0.0,"max_hp_loss":0.0,"gold_gain":0.0,"event_name":"Winding Halls","player_choice":"Embrace Madness","floor":38.0,"gold_loss":0.0,"damage_taken":12.0,"cards_obtained":["Madness","Madness"]},{"damage_healed":0.0,"max_hp_gain":0.0,"max_hp_loss":0.0,"gold_gain":0.0,"event_name":"MindBloom","player_choice":"Fight","floor":44.0,"gold_loss":0.0,"damage_taken":0.0}],"is_beta":false,"boss_relics":[{"not_picked":["Busted Crown","Calling Bell"],"picked":"Runic Pyramid"},{"not_picked":["Velvet Choker","Cursed Key"],"picked":"Black Star"}],"items_purged_floors":[36],"is_endless":false,"potions_floor_spawned":[1,4,14,19,27,28,33,35,40],"killed_by":"Time Eater","ascension_level":20}}