{"host":"951sez6ulsv0fw1i","time":1608236020,"event":{"mods":["2.2 Compatiblity","Aspiration","BaseMod","Better Third Choice","BetterRewards","CCEM","CapriCore","Conspire","Downfall","Googly Eyes","Hermit","Infinite Spire","JesterMod","Luminous","Mari Mod (Legacy)","Mari\u0027s V1 Patch","Marisa????????","Minty Spire (QoL Compilation)","Potionbrewer","Reimu??????","Shade Mod","StSLib","The Cursed","The Immortal","The Runesmith","The Servant 0.9.4","TheBandit","TheSwordswoman"],"gold_per_floor":[111,125,25,53,53,127,127,139,166,206,186,186,186,186],"floor_reached":13,"playtime":494,"items_purged":[],"score":85,"play_id":"45a565b3-4d88-4ac2-81cc-c001da56d67b","local_time":"20201217211340","is_ascension_mode":false,"campfire_choices":[{"data":"Runesmith:ReplicatingBarrier","floor":7,"key":"SMITH"}],"circlet_count":0,"master_deck":["Runesmith:Strike_RS","Runesmith:Strike_RS","Runesmith:Defend_RS","Runesmith:Defend_RS","Runesmith:Defend_RS","Runesmith:CraftFirestone","Runesmith:Fortify","Runesmith:HeatedChisel","Runesmith:ChiselStab","conspire:SpireCoStock","conspire:SpireCoStock","Runesmith:CraftProtectio","Deadly Poison","Eviscerate","Runesmith:ReplicatingBarrier+1","Runesmith:Permafrost","Runesmith:RuneHurl"],"relics":["Runesmith:BrokenRuby","Eternal Feather","Toxic Egg 2"],"acts_visited":["Exordium"],"potions_floor_usage":[13],"damage_taken":[{"damage":4,"enemies":"Jaw Worm","floor":1,"turns":4},{"damage":0,"enemies":"2 Louse","floor":2,"turns":2},{"damage":8,"enemies":"Small Slimes","floor":4,"turns":4},{"damage":41,"enemies":"Lagavulin","floor":6,"turns":7},{"damage":15,"enemies":"2 Fungi Beasts","floor":8,"turns":3},{"damage":12,"enemies":"Exordium Thugs","floor":10,"turns":6},{"damage":8,"enemies":"Gremlin Nob","floor":13,"turns":4}],"seed_played":"-7250584777703262851","potions_obtained":[{"floor":1,"key":"Guardian:BlockOnCardUsePotion"},{"floor":2,"key":"SpeedPotion"},{"floor":8,"key":"DuplicationPotion"}],"is_trial":false,"path_per_floor":["M","M","?","M","?","E","R","M","T","M","?","?","E"],"character_chosen":"RUNESMITH_CLASS","items_purchased":[],"campfire_rested":0,"item_purchase_floors":[],"current_hp_per_floor":[73,73,73,65,65,24,33,18,18,6,6,6,0,0],"gold":186,"neow_bonus":"TEN_PERCENT_HP_BONUS","is_daily":false,"chose_seed":false,"campfire_upgraded":1,"win_rate":0.0,"timestamp":1608236020,"path_taken":["M","M","?","M","?","E","R","M","T","M","?","?","E"],"items_purchased_type":[],"build_version":"2020-12-13","purchased_purges":0,"victory":false,"max_hp_per_floor":[77,77,77,77,77,77,77,77,77,77,77,77,77,77],"card_choices":[{"not_picked":["Runesmith:PerfectChisel","Runesmith:HammerThrow"],"picked":"Runesmith:HeatedChisel","floor":1},{"not_picked":["Runesmith:EnergizedChisel","Runesmith:RuneHurl"],"picked":"Runesmith:ChiselStab","floor":2},{"not_picked":["Runesmith:CraftReservo","Runesmith:HeatExchange"],"picked":"Runesmith:CraftProtectio","floor":4},{"not_picked":["Runesmith:EarthShield","Runesmith:CraftIncendium"],"picked":"Runesmith:ReplicatingBarrier","floor":6},{"not_picked":["Runesmith:CraftProtectio","Runesmith:RunicBlueprint"],"picked":"Runesmith:Permafrost","floor":8},{"not_picked":["Runesmith:FieryHammer","Runesmith:NanitesCloud"],"picked":"Runesmith:RuneHurl","floor":10}],"player_experience":504912,"relics_obtained":[{"floor":6,"key":"Eternal Feather"}],"event_choices":[{"damage_healed":0,"gold_gain":0,"player_choice":"Invest 2","damage_taken":0,"max_hp_gain":0,"max_hp_loss":0,"event_name":"conspire:Investor","floor":3,"gold_loss":0},{"damage_healed":0,"gold_gain":0,"player_choice":"Left","damage_taken":0,"max_hp_gain":0,"max_hp_loss":0,"event_name":"betterThird:BetterGoop","floor":11,"gold_loss":20},{"cards_removed":["Quick Slash"],"damage_healed":0,"gold_gain":0,"player_choice":"Gave Card","damage_taken":0,"relics_obtained":["Toxic Egg 2"],"max_hp_gain":0,"max_hp_loss":0,"event_name":"WeMeetAgain","floor":12,"gold_loss":0}],"is_beta":false,"boss_relics":[],"items_purged_floors":[],"is_endless":false,"potions_floor_spawned":[1,2,8],"killed_by":"Gremlin Nob","ascension_level":0}}