{"host":"yy8mitdds7tg9c5m","time":1608173684,"event":{"mods":["Act Like it!","AlwaysNeverKeys","BaseMod","Better Note","Better Third Choice","Duelist Mod","GifTheSpireLib","Minty Spire (QoL Compilation)","Permanent Neow","Quick Restart","StSLib","egg"],"gold_per_floor":[141,160,171,248,261,261,57,57,108,108,137,137,171,183,183,255,255,273,273,273,286,300,300,225,225,272,272,285,305,193,222,72,72,72],"floor_reached":33,"playtime":1727,"items_purged":["Parasite"],"score":700,"play_id":"e5f6bcfe-667f-4339-898f-1e6663c781d7","local_time":"20201216225444","is_ascension_mode":true,"campfire_choices":[{"data":"theDuelist:FeatherShot","floor":6.0,"key":"SMITH"},{"data":"Mayhem","floor":8.0,"key":"SMITH"},{"data":"theDuelist:UmbralHorrorWilloWisp","floor":12.0,"key":"SMITH"},{"data":"theDuelist:FeatherShot+1","floor":15.0,"key":"SMITH"},{"data":"theDuelist:ChangeHeart","floor":23,"key":"SMITH"},{"data":"theDuelist:FusionGuard","floor":25,"key":"SMITH"},{"floor":27,"key":"REST"},{"floor":32,"key":"REST"}],"circlet_count":0,"master_deck":["theDuelist:ArchfiendSoldier","theDuelist:ArmoredZombie","AscendersBane","theDuelist:CastleWalls","theDuelist:CastleWalls","theDuelist:ClownZombie","theDuelist:PatricianDarkness","theDuelist:ShallowGrave","theDuelist:Sparks","theDuelist:Sparks","theDuelist:SummonedSkull","theDuelist:UmbralHorrorWilloWisp+1","theDuelist:PhantomGhost","theDuelist:PotGreed","theDuelist:FeatherShot+2","Mayhem+1","theDuelist:FusionGuard+1","theDuelist:ChangeHeart+1","theDuelist:GhostrickMuseum","theDuelist:LabyrinthWall","theDuelist:Wasteland"],"relics":["theDuelist:MillenniumPuzzle","theDuelist:CardPoolRelic","theDuelist:CardPoolBasicRelic","theDuelist:BoosterPackPoolRelic","theDuelist:CardPoolAddRelic","theDuelist:CardPoolMinusRelic","theDuelist:CardPoolSaveRelic","theDuelist:CardPoolOptionsRelic","Akabeko","theDuelist:MillenniumPrayerbook","White Beast Statue","Mark of Pain","Nloth\u0027s Gift","Lantern","Potion Belt"],"acts_visited":["Exordium","TheCity"],"potions_floor_usage":[16,16,21,21,28,28,31,31,33],"damage_taken":[{"damage":0.0,"enemies":"Jaw Worm","floor":1.0,"turns":3.0},{"damage":0.0,"enemies":"Small Slimes","floor":2.0,"turns":2.0},{"damage":0.0,"enemies":"Cultist","floor":3.0,"turns":3.0},{"damage":0.0,"enemies":"Blue Slaver","floor":5.0,"turns":2.0},{"damage":0.0,"enemies":"Gremlin Nob","floor":11.0,"turns":3.0},{"damage":11.0,"enemies":"3 Sentries","floor":13.0,"turns":6.0},{"damage":0.0,"enemies":"Large Slime","floor":14.0,"turns":3.0},{"damage":0,"enemies":"Slime Boss","floor":16,"turns":7},{"damage":2,"enemies":"Shell Parasite","floor":18,"turns":3},{"damage":0,"enemies":"3 Byrds","floor":21,"turns":4},{"damage":0,"enemies":"Centurion and Healer","floor":22,"turns":3},{"damage":15,"enemies":"Snecko","floor":28,"turns":4},{"damage":2,"enemies":"3 Cultists","floor":29,"turns":4},{"damage":18,"enemies":"Slavers","floor":31,"turns":6},{"damage":90,"enemies":"Collector","floor":33,"turns":7}],"seed_played":"4645454069607128758","potions_obtained":[{"floor":1.0,"key":"EssenceOfSteel"},{"floor":2.0,"key":"theDuelist:LavaBottle"},{"floor":11.0,"key":"theDuelist:FireBottle"},{"floor":14.0,"key":"BloodPotion"},{"floor":16,"key":"theDuelist:MayhemPotion"},{"floor":18,"key":"SkillPotion"},{"floor":21,"key":"theDuelist:LavaBottle"},{"floor":22,"key":"AttackPotion"},{"floor":28,"key":"theDuelist:SummonFuryPotion"},{"floor":29,"key":"Energy Potion"},{"floor":31,"key":"Weak Potion"}],"is_trial":false,"path_per_floor":["M","M","M","?","M","R","$","R","T","?","E","R","E","M","R","B",null,"M","?","?","M","M","R","?","R","T","R","M","M","$","E","R","B"],"character_chosen":"THE_DUELIST","items_purchased":["Mayhem","theDuelist:Wasteland"],"campfire_rested":2,"item_purchase_floors":[7,30],"current_hp_per_floor":[63,63,63,63,63,63,63,63,63,63,63,63,52,52,52,66,69,67,47,47,47,47,47,47,47,47,69,54,52,52,34,55,0,0],"gold":72,"neow_bonus":"THREE_CARDS","is_daily":false,"chose_seed":false,"campfire_upgraded":6,"win_rate":0.0,"timestamp":1608173684,"path_taken":["M","M","M","?","M","R","$","R","T","?","E","R","E","M","R","BOSS","M","?","?","M","?","R","?","R","T","R","M","M","$","E","R","BOSS"],"items_purchased_type":["Card","Card"],"build_version":"2020-12-13","purchased_purges":1,"victory":false,"max_hp_per_floor":[70,70,70,70,70,70,70,70,70,70,70,70,70,70,70,70,70,70,75,75,75,75,75,75,75,75,75,75,75,72,72,72,72,72],"card_choices":[{"not_picked":["theDuelist:OvertexQoatlus","theDuelist:PortraitSecret"],"picked":"theDuelist:UmbralHorrorWilloWisp","floor":0.0},{"not_picked":["theDuelist:VampireFamiliar","theDuelist:GhostBelle","theDuelist:TwinHeadedWolf","theDuelist:OniGamiCombo"],"picked":"theDuelist:PhantomGhost","floor":1.0},{"not_picked":["theDuelist:VampireFamiliar","theDuelist:GhostrickJiangshi","theDuelist:GhostBelle","theDuelist:PyramidWonders"],"picked":"theDuelist:Relinkuriboh","floor":2.0},{"not_picked":["theDuelist:LightningVortex","theDuelist:GemArmadillo","theDuelist:ShardGreed","theDuelist:MillenniumScorpion"],"picked":"theDuelist:PotGreed","floor":3.0},{"not_picked":["theDuelist:BottomlessTrapHole","theDuelist:GhostrickBreak","theDuelist:DarkHunter","theDuelist:VendreadReunion"],"picked":"theDuelist:FeatherShot","floor":5.0},{"not_picked":["theDuelist:ZombieWarrior","theDuelist:AshBlossom","theDuelist:DarkDustSpirit","theDuelist:BoneMouse","theDuelist:VampireRedBaron"],"picked":"SKIP","floor":11.0},{"not_picked":["theDuelist:ShadowVampire","theDuelist:VendreadHoundhorde","theDuelist:RevendreadExecutor","theDuelist:GhostrickSkeleton","theDuelist:GhostrickJiangshi"],"picked":"SKIP","floor":13.0},{"not_picked":["theDuelist:FireReaper","theDuelist:Mezuki","theDuelist:AshBlossom","theDuelist:DarkDustSpirit","theDuelist:VampireGenesis"],"picked":"SKIP","floor":14.0},{"not_picked":["theDuelist:Wildfire","theDuelist:DarkMasterZorc","theDuelist:YukiOnnaAbsolute","theDuelist:UltraPolymerization"],"picked":"theDuelist:FusionGuard","floor":16},{"not_picked":["theDuelist:FortressWarrior","theDuelist:GaiaFierce","theDuelist:PowerGiant","theDuelist:LightningVortex","theDuelist:SmashingGround+1"],"picked":"SKIP","floor":18},{"not_picked":["theDuelist:Zombyra","theDuelist:KingYami","theDuelist:NecroworldBanshee","theDuelist:FossilSkullknight","theDuelist:ZombieWarrior"],"picked":"SKIP","floor":21},{"not_picked":["theDuelist:FortressWarrior","theDuelist:PotGreed","theDuelist:MillenniumScorpion","theDuelist:EarthGiant"],"picked":"theDuelist:ChangeHeart","floor":22},{"not_picked":["theDuelist:NecroworldBanshee","theDuelist:Zombyra+1","theDuelist:ParallelWorldFusion","theDuelist:UmbralHorrorGhost+1"],"picked":"theDuelist:GhostrickMuseum","floor":28},{"not_picked":["theDuelist:FossilSkullknight","theDuelist:PowerGiant","theDuelist:GolemSentry","theDuelist:GemArmadillo+1"],"picked":"theDuelist:LabyrinthWall","floor":29},{"not_picked":["theDuelist:UmbralHorrorGhost+1","theDuelist:SkullServant","theDuelist:Wightprincess+1","theDuelist:IlBlud","theDuelist:ArchfiendSoldier"],"picked":"SKIP","floor":31}],"player_experience":264528,"relics_obtained":[{"floor":9.0,"key":"Akabeko"},{"floor":11.0,"key":"Pen Nib"},{"floor":13.0,"key":"White Beast Statue"},{"floor":26,"key":"Lantern"},{"floor":31,"key":"Potion Belt"}],"event_choices":[{"damage_healed":0.0,"max_hp_gain":0.0,"max_hp_loss":0.0,"gold_gain":77.0,"event_name":"Golden Wing","player_choice":"Gained Gold","floor":4.0,"gold_loss":0.0,"damage_taken":0.0},{"damage_healed":0.0,"max_hp_gain":0.0,"max_hp_loss":0.0,"gold_gain":0.0,"event_name":"Millennium Items","player_choice":"Took item - Received: Millennium Prayerbook","duelist":true,"floor":10.0,"gold_loss":0.0,"damage_taken":0.0},{"damage_healed":0,"gold_gain":0,"player_choice":"Shed Blood","damage_taken":25,"max_hp_gain":5,"max_hp_loss":0,"event_name":"Forgotten Altar","floor":19,"gold_loss":0},{"damage_healed":0,"gold_gain":0,"player_choice":"Traded Relic","damage_taken":0,"relics_obtained":["Nloth\u0027s Gift"],"max_hp_gain":0,"max_hp_loss":0,"event_name":"N\u0027loth","floor":20,"relics_lost":["Pen Nib"],"gold_loss":0},{"cards_removed":["theDuelist:Relinkuriboh"],"damage_healed":0,"gold_gain":0,"player_choice":"Gave Gold","damage_taken":0,"max_hp_gain":0,"max_hp_loss":0,"event_name":"Beggar","floor":24,"gold_loss":75}],"is_beta":false,"boss_relics":[{"not_picked":["HoveringKite","theDuelist:MillenniumKey"],"picked":"Mark of Pain"}],"items_purged_floors":[30],"is_endless":false,"potions_floor_spawned":[1,2,11,14,16,18,21,22,28,29,31],"killed_by":"Collector","ascension_level":20}}