{"host":"b4asi0laiv85suj9","time":1608208423,"event":{"mods":["BaseMod","Minty Spire (QoL Compilation)","MostiFishMod","Relic Stats","StSLib","TestMod","noobMod"],"gold_per_floor":[114,126,145,145,164,164,192,211,238,238,260,290,290,307,307,415,415,441,260,285,311,311,344,344,378,403,418,446,463,463,463,463,575,575,606,411,411,427,481,512,512,166,189,189,208,231,231,267,267,271,271,271,11,45,51],"floor_reached":56,"playtime":1841,"items_purged":["Strike_B","Strike_B+1","Defend_B","Defend_B"],"score":2534,"play_id":"62e2afc5-c562-43ae-9f27-1717fc735f97","local_time":"20201217203343","is_ascension_mode":true,"campfire_choices":[{"data":"Purity","floor":6,"key":"SMITH"},{"data":"MostiFishMod:SparklingWater","floor":13,"key":"SMITH"},{"data":"Coolheaded","floor":15,"key":"SMITH"},{"data":"Turbo","floor":24,"key":"SMITH"},{"floor":30,"key":"RECALL"},{"data":"MostiFishMod:Neurotoxin","floor":32,"key":"SMITH"},{"data":"MostiFishMod:PathToVictory","floor":41,"key":"SMITH"},{"data":"Ball Lightning","floor":44,"key":"SMITH"},{"data":"TalkToTheHand","floor":49,"key":"SMITH"},{"data":"Core Surge","floor":52,"key":"SMITH"}],"circlet_count":0,"master_deck":["AscendersBane","Defend_B","Defend_B","Zap","Dualcast","MostiFishMod:Neptune+1","MostiFishMod:TheEndOfMoonlight","MostiFishMod:SparklingWater+1","MostiFishMod:FantasySummer","MostiFishMod:NightSea","Turbo+1","Cold Snap","Acrobatics+1","Purity+1","Coolheaded+1","MostiFishMod:Neurotoxin+1","MostiFishMod:FourSeasons+1","Core Surge+1","MostiFishMod:PathToVictory+1","Clumsy","Ball Lightning+1","Blade Dance","TalkToTheHand+1","Wallop"],"relics":["testmod-TestBox","DaveBox","ice","MoonlightInvasionPlan","testmod-IntensifyImprint","BirthdayGift-Icosahedron","Question Card","PrismaticShard","testmod-Acrobat","Omamori","ImportantClient","ExusiaiGun","Whetstone","Bronze Scales","Ancient Tea Set","Centennial Puzzle","testmod-TimeTraveler","DataDisk","testmod-Laevatain","Mercury Hourglass","Sundial","Smiling Mask","testmod-Justice","ImprovedEquipment"],"acts_visited":["Exordium","TheCity","TheBeyond","TheEnding"],"potions_floor_usage":[],"damage_taken":[{"damage":0,"enemies":"2 Louse","floor":1,"turns":2},{"damage":0,"enemies":"Cultist","floor":2,"turns":1},{"damage":0,"enemies":"Jaw Worm","floor":3,"turns":1},{"damage":0,"enemies":"2 Fungi Beasts","floor":5,"turns":2},{"damage":0,"enemies":"Gremlin Nob","floor":7,"turns":2},{"damage":0,"enemies":"Lots of Slimes","floor":8,"turns":1},{"damage":0,"enemies":"3 Louse","floor":11,"turns":1},{"damage":0,"enemies":"Lagavulin","floor":12,"turns":2},{"damage":0,"enemies":"Large Slime","floor":14,"turns":1},{"damage":0,"enemies":"Hexaghost","floor":16,"turns":2},{"damage":6,"enemies":"Chosen","floor":18,"turns":2},{"damage":0,"enemies":"3 Byrds","floor":20,"turns":1},{"damage":0,"enemies":"Centurion and Healer","floor":21,"turns":2},{"damage":0,"enemies":"Book of Stabbing","floor":23,"turns":2},{"damage":0,"enemies":"Slavers","floor":25,"turns":1},{"damage":0,"enemies":"3 Cultists","floor":27,"turns":1},{"damage":0,"enemies":"Gremlin Leader","floor":28,"turns":1},{"damage":0,"enemies":"Snake Plant","floor":29,"turns":1},{"damage":0,"enemies":"Champ","floor":33,"turns":1},{"damage":0,"enemies":"3 Shapes","floor":35,"turns":2},{"damage":0,"enemies":"3 Darklings","floor":38,"turns":1},{"damage":0,"enemies":"2 Orb Walkers","floor":39,"turns":1},{"damage":0,"enemies":"Reptomancer","floor":40,"turns":1},{"damage":0,"enemies":"Spire Growth","floor":45,"turns":1},{"damage":0,"enemies":"Transient","floor":46,"turns":5},{"damage":0,"enemies":"Giant Head","floor":48,"turns":1},{"damage":0,"enemies":"Donu and Deca","floor":50,"turns":1},{"damage":0,"enemies":"Shield and Spear","floor":54,"turns":1},{"damage":0,"enemies":"The Heart","floor":55,"turns":1}],"seed_played":"-5110575585003915780","potions_obtained":[{"floor":1,"key":"Swift Potion"},{"floor":2,"key":"Fire Potion"},{"floor":7,"key":"FocusPotion"}],"is_trial":false,"path_per_floor":["M","M","M","?","M","R","E","M","T","?","M","E","R","M","R","B",null,"M","$","M","M","?","E","R","E","T","M","E","M","R","?","R","B",null,"M","$","?","M","?","E","R","$","T","R","M","M","?","E","R","B",null,"R","$","E","B",null],"character_chosen":"DEFECT","items_purchased":["MostiFishMod:FourSeasons","DataDisk","Sundial","Ball Lightning","ImprovedEquipment"],"campfire_rested":0,"item_purchase_floors":[19,36,42,42,53],"current_hp_per_floor":[69,70,71,71,72,72,73,74,74,59,60,61,61,62,62,63,72,67,67,68,69,69,70,70,71,71,72,73,74,74,74,74,75,75,75,75,75,75,75,75,75,75,75,75,75,75,75,75,75,75,75,75,75,75,75],"gold":51,"neow_bonus":"BOSS_RELIC","is_daily":false,"chose_seed":false,"campfire_upgraded":9,"win_rate":0.0,"timestamp":1608208423,"path_taken":["M","M","M","?","M","R","E","?","T","?","M","E","R","M","R","BOSS","M","$","M","M","?","E","R","E","T","?","E","M","R","?","R","BOSS","M","$","?","M","?","E","R","$","T","R","M","M","?","E","R","BOSS","R","$","E","BOSS"],"items_purchased_type":["Card","Relic","Relic","Card","Relic"],"build_version":"2020-12-13","purchased_purges":4,"victory":true,"max_hp_per_floor":[75,75,75,75,75,75,75,75,75,75,75,75,75,75,75,75,75,75,75,75,75,75,75,75,75,75,75,75,75,75,75,75,75,75,75,75,75,75,75,75,75,75,75,75,75,75,75,75,75,75,75,75,75,75,75],"relic_stats":{"Centennial Puzzle":[0],"counters":[29,42],"Sundial":[0],"Bronze Scales":[27],"Whetstone":["Strike_B","MostiFishMod:FourSeasons"],"Question Card":26,"Smiling Mask":100,"obtain_stats":[{"DaveBox":0,"ice":0,"BirthdayGift-Icosahedron":0,"ExusiaiGun":17,"Whetstone":23,"PrismaticShard":1,"Ancient Tea Set":26,"Smiling Mask":43,"Centennial Puzzle":28,"testmod-Laevatain":39,"Sundial":42,"Cracked Core":0,"ImportantClient":16,"testmod-IntensifyImprint":0,"testmod-TestBox":0,"testmod-TimeTraveler":34,"ImprovedEquipment":53,"MoonlightInvasionPlan":0,"Omamori":12,"testmod-Justice":48,"Question Card":1,"Mercury Hourglass":40,"DataDisk":36,"testmod-Acrobat":7,"Bronze Scales":25},{"DaveBox":0,"ice":0,"BirthdayGift-Icosahedron":0,"ExusiaiGun":10,"Whetstone":14,"PrismaticShard":1,"Ancient Tea Set":15,"Smiling Mask":23,"Centennial Puzzle":17,"testmod-Laevatain":22,"Sundial":23,"Cracked Core":0,"ImportantClient":10,"testmod-IntensifyImprint":0,"testmod-TestBox":0,"testmod-TimeTraveler":19,"ImprovedEquipment":27,"MoonlightInvasionPlan":0,"Omamori":8,"testmod-Justice":26,"Question Card":1,"Mercury Hourglass":23,"DataDisk":20,"testmod-Acrobat":5,"Bronze Scales":15},{"DaveBox":0,"ice":0,"BirthdayGift-Icosahedron":0,"ExusiaiGun":15,"Whetstone":22,"PrismaticShard":2,"Ancient Tea Set":23,"Smiling Mask":32,"Centennial Puzzle":25,"testmod-Laevatain":31,"Sundial":32,"Cracked Core":0,"ImportantClient":15,"testmod-IntensifyImprint":0,"testmod-TestBox":0,"testmod-TimeTraveler":27,"ImprovedEquipment":40,"MoonlightInvasionPlan":0,"Omamori":12,"testmod-Justice":39,"Question Card":2,"Mercury Hourglass":32,"DataDisk":29,"testmod-Acrobat":8,"Bronze Scales":23}],"Mercury Hourglass":[38]},"card_choices":[{"not_picked":["Static Discharge","Streamline"],"picked":"Turbo","floor":1},{"not_picked":["Body Slam","ThirdEye","Mind Blast"],"picked":"Cold Snap","floor":2},{"not_picked":["Swivel","PathToVictory","Conserve Battery"],"picked":"Acrobatics","floor":3},{"not_picked":["FollowUp","Redo","Expertise"],"picked":"Purity","floor":5},{"not_picked":["FlurryOfBlows","MostiFishMod:LegendTransform","Shockwave","JustLucky"],"picked":"SKIP","floor":7},{"not_picked":["Leg Sweep","testmod-LifeRuler","Sucker Punch"],"picked":"Coolheaded","floor":8},{"not_picked":["MostiFishMod:PerfectParry","testmod-DeathImprint","A Thousand Cuts","SignatureMove"],"picked":"SKIP","floor":11},{"not_picked":["Power Through","Blur","Warcry","EmptyFist"],"picked":"SKIP","floor":12},{"not_picked":["Conserve Battery","Flying Knee","Rebound","FollowUp"],"picked":"SKIP","floor":14},{"not_picked":["testmod-EnhanceArmerment","DeusExMachina","testmod-TreasureHunter"],"picked":"MostiFishMod:Neurotoxin","floor":16},{"not_picked":["Cold Snap","Double Energy+1","testmod-Provocation","Twin Strike"],"picked":"SKIP","floor":18},{"not_picked":["Turbo","Perseverance","testmod-HeadAttack","Hello World"],"picked":"SKIP","floor":20},{"not_picked":["Warcry+1","JustLucky","Gash","testmod-PocketStoneCalender+1"],"picked":"SKIP","floor":21},{"not_picked":["Acrobatics+1","Cleave","BootSequence","Deflect"],"picked":"SKIP","floor":23},{"not_picked":["WreathOfFlame","Twin Strike","Dagger Throw"],"picked":"Core Surge","floor":25},{"not_picked":["Barrage","MostiFishMod:PerfectParry","Spot Weakness+1","PathToVictory"],"picked":"SKIP","floor":27},{"not_picked":["Underhanded Strike","Headbutt","WindmillStrike","Dropkick"],"picked":"SKIP","floor":28},{"not_picked":["Sword Boomerang","Stack","JustLucky+1","Dagger Throw"],"picked":"SKIP","floor":29},{"not_picked":["MostiFishMod:SupremeArchaeology","Brutality","Night Terror"],"picked":"MostiFishMod:PathToVictory","floor":33},{"not_picked":["PiercingWail+1","Wild Strike","Swift Strike","Sweeping Beam+1"],"picked":"SKIP","floor":35},{"not_picked":["Armaments","Outmaneuver+1","Conserve Battery+1","Reflex+1"],"picked":"SKIP","floor":38},{"not_picked":["Reinforced Body","Shockwave+1","Dagger Spray+1","Dodge and Roll+1"],"picked":"SKIP","floor":40},{"not_picked":["Halt+1","Protect","Rebound"],"picked":"Blade Dance","floor":45},{"not_picked":["Inflame+1","Body Slam+1","Blood for Blood","Dramatic Entrance+1"],"picked":"SKIP","floor":46},{"not_picked":["Dropkick+1","Jack Of All Trades","Tempest+1"],"picked":"TalkToTheHand","floor":48},{"not_picked":["Dash","Blizzard","Cloak And Dagger+1"],"picked":"Wallop","floor":54}],"player_experience":188891,"relics_obtained":[{"floor":1,"key":"Question Card"},{"floor":1,"key":"PrismaticShard"},{"floor":7,"key":"testmod-Acrobat"},{"floor":12,"key":"Omamori"},{"floor":16,"key":"ImportantClient"},{"floor":23,"key":"Whetstone"},{"floor":25,"key":"Bronze Scales"},{"floor":26,"key":"Ancient Tea Set"},{"floor":28,"key":"Centennial Puzzle"},{"floor":39,"key":"testmod-Laevatain"},{"floor":40,"key":"Mercury Hourglass"},{"floor":43,"key":"Smiling Mask"},{"floor":48,"key":"testmod-Justice"}],"event_choices":[{"cards_removed":["Strike_B"],"damage_healed":0,"gold_gain":0,"player_choice":"Purged","damage_taken":0,"max_hp_gain":0,"max_hp_loss":0,"event_name":"Purifier","floor":4,"gold_loss":0},{"damage_healed":0,"gold_gain":0,"player_choice":"Entered Light","damage_taken":15,"max_hp_gain":0,"max_hp_loss":0,"event_name":"Shining Light","floor":10,"gold_loss":0,"cards_upgraded":["Acrobatics","MostiFishMod:Neptune"]},{"cards_removed":["Strike_B"],"damage_healed":0,"gold_gain":0,"player_choice":"Purged","damage_taken":0,"max_hp_gain":0,"max_hp_loss":0,"event_name":"Purifier","floor":22,"gold_loss":0},{"damage_healed":0,"gold_gain":0,"player_choice":"Ignored","damage_taken":0,"max_hp_gain":0,"max_hp_loss":0,"event_name":"Vampires","floor":31,"gold_loss":0},{"damage_healed":0,"gold_gain":0,"player_choice":"Ignored","damage_taken":0,"max_hp_gain":0,"max_hp_loss":0,"event_name":"Tomb of Lord Red Mask","floor":37,"gold_loss":0},{"damage_healed":0,"gold_gain":0,"player_choice":"Fight","damage_taken":0,"max_hp_gain":0,"max_hp_loss":0,"event_name":"Mysterious Sphere","floor":39,"gold_loss":0},{"damage_healed":0,"gold_gain":0,"player_choice":"Ignored","damage_taken":0,"max_hp_gain":0,"max_hp_loss":0,"event_name":"给自己的盒子","floor":47,"gold_loss":0}],"is_beta":false,"boss_relics":[{"not_picked":["GreenFoldingFan","OneHitWonderSystem"],"picked":"ExusiaiGun"},{"not_picked":["testmod-BatchProcessingSystem","Sozu"],"picked":"testmod-TimeTraveler"}],"items_purged_floors":[19,36,42,53],"is_endless":false,"potions_floor_spawned":[1,2,7,14,18,23,25,29,33,39,45],"ascension_level":11}}