{"host":"9ndbo4kgsfoemf7y","time":1608199065,"event":{"mods":["AchievementEnabler","BaseMod","Colored Map","DeckTracker","Keyboard Shortcuts","Minty Spire (QoL Compilation)","Permanent Neow","Quick Restart","Relic Stats","StSLib","SuperFastMode"],"gold_per_floor":[117,117,131,148,167,196,196,227,251,176,176,176,12,12,12,12,12],"floor_reached":16,"playtime":370,"items_purged":["Strike_G"],"score":200,"play_id":"24895d9f-e768-472d-ae1b-24f1294b7734","local_time":"20201217185745","is_ascension_mode":true,"campfire_choices":[{"floor":7.0,"key":"REST"},{"floor":11.0,"key":"REST"},{"data":"Venomology","floor":15.0,"key":"SMITH"}],"circlet_count":0,"master_deck":["AscendersBane","Strike_G","Strike_G","Strike_G","Defend_G","Defend_G","Defend_G","Defend_G","Defend_G","Survivor","Neutralize","Venomology+1","Well Laid Plans","Reflex","Dagger Throw","Acrobatics","Blade Dance","Adrenaline","Cloak And Dagger"],"relics":["Ring of the Snake","NlothsMask","Dream Catcher","Lantern","Potion Belt"],"acts_visited":["Exordium"],"potions_floor_usage":[16],"damage_taken":[{"damage":16.0,"enemies":"Cultist","floor":1.0,"turns":5.0},{"damage":3.0,"enemies":"2 Louse","floor":3.0,"turns":4.0},{"damage":5.0,"enemies":"Jaw Worm","floor":4.0,"turns":3.0},{"damage":0.0,"enemies":"Gremlin Gang","floor":5.0,"turns":4.0},{"damage":33.0,"enemies":"Gremlin Nob","floor":6.0,"turns":5.0},{"damage":10.0,"enemies":"3 Sentries","floor":8.0,"turns":6.0},{"damage":60,"enemies":"The Guardian","floor":16,"turns":7}],"seed_played":"-581623173335813445","potions_obtained":[{"floor":3.0,"key":"Explosive Potion"},{"floor":5.0,"key":"ColorlessPotion"}],"is_trial":false,"path_per_floor":["M","?","M","M","M","E","R","E","T","$","R","?","$","?","R","B"],"character_chosen":"THE_SILENT","items_purchased":["Potion Belt"],"campfire_rested":2,"item_purchase_floors":[13],"current_hp_per_floor":[43,43,40,35,35,2,20,10,10,10,28,21,21,26,26,0,0],"gold":12,"neow_bonus":"THREE_RARE_CARDS","is_daily":false,"chose_seed":false,"campfire_upgraded":1,"win_rate":0.0,"timestamp":1608199065,"path_taken":["M","?","?","M","M","E","R","E","T","$","R","?","$","?","R","BOSS"],"items_purchased_type":["Relic"],"build_version":"2020-12-13","purchased_purges":1,"victory":false,"max_hp_per_floor":[60,60,60,60,60,60,60,60,60,60,60,60,60,65,65,65,65],"relic_stats":{"Dream Catcher":2,"counters":[7,34],"obtain_stats":[{"Potion Belt":13,"Dream Catcher":6,"Lantern":8,"Ring of the Snake":0,"NlothsMask":2},{"Potion Belt":6,"Dream Catcher":5,"Lantern":6,"Ring of the Snake":0,"NlothsMask":1},{"Potion Belt":27,"Dream Catcher":21,"Lantern":27,"Ring of the Snake":0,"NlothsMask":5}],"Ring of the Snake":[14]},"card_choices":[{"not_picked":["Glass Knife","Unload"],"picked":"Venomology","floor":0.0},{"not_picked":["Quick Slash","Prepared"],"picked":"Well Laid Plans","floor":1.0},{"not_picked":["Quick Slash","Outmaneuver"],"picked":"Reflex","floor":3.0},{"not_picked":["Deadly Poison","Backstab"],"picked":"Dagger Throw","floor":4.0},{"not_picked":["Outmaneuver","Backflip"],"picked":"Acrobatics","floor":5.0},{"not_picked":["Deflect","Acrobatics"],"picked":"Blade Dance","floor":6.0},{"not_picked":["Blur","Dodge and Roll"],"picked":"Adrenaline","floor":7.0},{"not_picked":["Acrobatics","Deadly Poison"],"picked":"Cloak And Dagger","floor":8.0}],"player_experience":688826,"relics_obtained":[{"floor":6.0,"key":"Dream Catcher"},{"floor":8.0,"key":"Lantern"}],"event_choices":[{"damage_healed":0.0,"max_hp_gain":0.0,"max_hp_loss":0.0,"gold_gain":0.0,"event_name":"FaceTrader","player_choice":"Trade","floor":2.0,"gold_loss":0.0,"damage_taken":0.0,"relics_obtained":["NlothsMask"]},{"cards_removed":["Strike_G"],"damage_healed":0.0,"max_hp_gain":0.0,"max_hp_loss":0.0,"gold_gain":0.0,"event_name":"Golden Wing","player_choice":"Card Removal","floor":12.0,"gold_loss":0.0,"damage_taken":7.0},{"damage_healed":0.0,"max_hp_gain":5.0,"max_hp_loss":0.0,"gold_gain":0.0,"event_name":"Big Fish","player_choice":"Donut","floor":14.0,"gold_loss":0.0,"damage_taken":0.0}],"is_beta":false,"boss_relics":[],"items_purged_floors":[10],"is_endless":false,"potions_floor_spawned":[3,5],"killed_by":"The Guardian","ascension_level":17}}