{"host":"6qohxdms6n72zb21","time":1608190714,"event":{"mods":["2.2 Compatiblity","Act Like it!","Ascension Reborn","BaseMod","Better Synergies","Downfall","Energized Spire","Hubris","Minty Spire (QoL Compilation)","Quick Restart","Replay The Spire","Spicy Shops","StSLib"],"gold_per_floor":[118,190,4,4,16,16,16,16,16,16,47,47,81,101,101,199,199,212,222,232,232,249,279,279,279,279],"floor_reached":25,"playtime":1046,"items_purged":[],"score":254,"play_id":"345fd380-68c5-47db-b1b9-adbb75fc7198","local_time":"20201217023834","is_ascension_mode":true,"campfire_choices":[{"data":"Sunder","floor":6,"key":"SMITH"},{"data":"Zap","floor":10,"key":"SMITH"},{"data":"Lockon","floor":12,"key":"SMITH"},{"data":"Beam Cell","floor":15,"key":"SMITH"},{"floor":24,"key":"REST"}],"circlet_count":0,"master_deck":["Strike_B","Strike_B","Strike_B","Strike_B","Defend_B","Defend_B","Defend_B","Defend_B","Zap+1","Dualcast","Sunder+1","Lockon+1","Conserve Battery","Beam Cell+1","Hello World+1","Electrodynamics+1","Coolheaded","Crystallizer+1","Regret","Ball Lightning","Fission"],"relics":["Cracked Core","NeowsBlessing","Blood Vial","hubris:Icosahedron","Toy Ornithopter","Gremlin Horn","Letter Opener","Frozen Egg 2","hubris:Backtick","Ice Cream","Pet Ghost"],"acts_visited":["Exordium","TheCity"],"potions_floor_usage":[23],"damage_taken":[{"damage":0,"enemies":"Small Slimes","floor":1,"turns":1},{"damage":0,"enemies":"Cultist","floor":5,"turns":1},{"damage":0,"enemies":"Lagavulin","floor":11,"turns":1},{"damage":5,"enemies":"Gremlin Nob","floor":13,"turns":3},{"damage":5,"enemies":"2 Louse","floor":14,"turns":2},{"damage":33,"enemies":"Hexaghost","floor":16,"turns":9},{"damage":3,"enemies":"Chosen","floor":18,"turns":3},{"damage":5,"enemies":"Spheric Guardian","floor":19,"turns":3},{"damage":3,"enemies":"Snecko","floor":20,"turns":3},{"damage":3,"enemies":"Cultist and Chosen","floor":22,"turns":4},{"damage":54,"enemies":"Slavers","floor":23,"turns":4},{"damage":48,"enemies":"Shelled Parasite and Fungi","floor":25,"turns":4}],"seed_played":"-1807622756773151945","potions_obtained":[{"floor":13,"key":"Dexterity Potion"},{"floor":14,"key":"Elixir"},{"floor":16,"key":"Venom Potion"},{"floor":18,"key":"Guardian:BlockOnCardUsePotion"},{"floor":23,"key":"CultistPotion"}],"is_trial":false,"path_per_floor":["M","?","$","?","M","R","?","?","T","R","E","R","E","M","R","B",null,"M","M","M","?","M","E","R","M"],"character_chosen":"DEFECT","items_purchased":["Blood Vial","Lockon"],"campfire_rested":1,"item_purchase_floors":[3,3],"current_hp_per_floor":[75,75,75,75,75,75,75,75,75,75,75,75,70,67,67,36,75,72,69,68,68,67,20,42,0,0],"gold":279,"neow_bonus":"THREE_ENEMY_KILL","is_daily":false,"chose_seed":false,"campfire_upgraded":4,"win_rate":0.0,"timestamp":1608190714,"path_taken":["M","?","$","?","?","R","?","?","T","R","E","R","E","M","R","BOSS","M","?","M","?","M","E","R","?"],"items_purchased_type":["Relic","Card"],"build_version":"2020-12-13","purchased_purges":0,"victory":false,"max_hp_per_floor":[75,75,75,75,75,75,75,75,75,75,75,75,75,75,75,75,75,75,75,75,75,75,75,75,75,75],"card_choices":[{"not_picked":["Turbo","ReplaySolidLightProjector"],"picked":"Sunder","floor":1},{"not_picked":["Hello World","Go for the Eyes"],"picked":"Darkness","floor":5},{"not_picked":["Echo Form","Chaos"],"picked":"Conserve Battery","floor":11},{"not_picked":["Thunder Strike","Panic Button"],"picked":"Beam Cell","floor":13},{"not_picked":["Genetic Algorithm","Go for the Eyes"],"picked":"Hello World+1","floor":14},{"not_picked":["ReplayRNGCard","ReplayTheSpireMod:Omega Cannon"],"picked":"Electrodynamics+1","floor":16},{"not_picked":["Panic Button+1","Heatsinks+1"],"picked":"Coolheaded","floor":18},{"not_picked":["Hologram","Panic Button"],"picked":"ReplayTheSpireMod:Repulse","floor":19},{"not_picked":["Rip and Tear","Barrage+1"],"picked":"Crystallizer+1","floor":20},{"not_picked":["ReplayTheSpireMod:Repulse","BasicCrystalCard"],"picked":"Ball Lightning","floor":22},{"not_picked":["White Noise","Barrage"],"picked":"Fission","floor":23}],"player_experience":168748,"relics_obtained":[{"floor":9,"key":"Gremlin Horn"},{"floor":11,"key":"Letter Opener"},{"floor":13,"key":"Frozen Egg 2"},{"floor":23,"key":"Pet Ghost"}],"event_choices":[{"damage_healed":0,"gold_gain":72,"player_choice":"Gained Gold","damage_taken":0,"max_hp_gain":0,"max_hp_loss":0,"event_name":"Golden Wing","floor":2,"gold_loss":0},{"damage_healed":0,"gold_gain":0,"player_choice":"Ignored","damage_taken":0,"max_hp_gain":0,"max_hp_loss":0,"event_name":"Purifier","floor":4,"gold_loss":0},{"cards_removed":["Darkness"],"damage_healed":0,"gold_gain":0,"player_choice":"Gave Card","damage_taken":0,"relics_obtained":["Toy Ornithopter"],"max_hp_gain":0,"max_hp_loss":0,"event_name":"WeMeetAgain","floor":8,"gold_loss":0},{"cards_removed":["ReplayTheSpireMod:Repulse"],"damage_healed":0,"gold_gain":0,"player_choice":"Took Card","damage_taken":0,"max_hp_gain":0,"max_hp_loss":0,"event_name":"NoteForYourself","floor":21,"gold_loss":0,"cards_obtained":["Regret"]}],"is_beta":false,"boss_relics":[{"not_picked":["Replay:Bronze Core","Painkiller Herb"],"picked":"hubris:Backtick"}],"items_purged_floors":[],"is_endless":false,"potions_floor_spawned":[13,14,16,18,22,23],"killed_by":"Shelled Parasite and Fungi","ascension_level":0}}