{"host":"zftkeu5v9gqs3wr3","time":1608247796,"event":{"mods":["Act Like it!","Bard","BaseMod","CapriCore","Elementarium","Gensokyo","Jorbs\u0027s Wanderer Trilogy","Mad Scientist","Minty Spire (QoL Compilation)","Potionbrewer","Rare Cards Sparkle","Shade Mod","StSLib","The Cursed","The Immortal","The Runesmith","TheSwordswoman"],"gold_per_floor":[165,165,165,165,189,189,207,207,262,287,9,48,48,48,48,178,178,149,18,32,32,32,32,73,96,123,148,63,86,86,105,105,105,105],"floor_reached":33,"playtime":2222,"items_purged":["Injury"],"score":290,"play_id":"9810a34d-515d-4411-8e33-4fd23b74b077","local_time":"20201217232956","is_ascension_mode":false,"campfire_choices":[{"data":"Crippling Poison","floor":6,"key":"SMITH"},{"data":"Deadly Poison","floor":8,"key":"SMITH"},{"data":"Outmaneuver","floor":13,"key":"SMITH"},{"floor":15,"key":"REST"},{"floor":23,"key":"REST"},{"floor":30,"key":"REST"},{"floor":32,"key":"REST"}],"circlet_count":0,"master_deck":["Strike_G+1","Strike_G+1","Strike_G+1","Strike_G+1","Strike_G+1","Defend_G+1","Defend_G+1","Defend_G+1","Defend_G+1","Defend_G+1","Survivor+1","Neutralize+1","Deadly Poison+1","Crippling Poison+1","Bane","Deflect","Noxious Fumes","Poisoned Stab","Deadly Poison","Outmaneuver+1","Deflect","Adrenaline","Slice","Catalyst","Prepared","PiercingWail","Noxious Fumes","Escape Plan+1","Deflect","Phantasmal Killer"],"relics":["Tiny House","Golden Idol","Smiling Mask","Nunchaku","Strange Spoon","War Paint","SlaversCollar","potionbrewer:BottledElixir","Bag of Marbles","potionbrewer:Torch"],"acts_visited":["Exordium","TheCity"],"potions_floor_usage":[10,12,16,29,29,29],"damage_taken":[{"damage":0,"enemies":"Small Slimes","floor":1,"turns":3},{"damage":2,"enemies":"Jaw Worm","floor":5,"turns":4},{"damage":0,"enemies":"2 Louse","floor":7,"turns":3},{"damage":0,"enemies":"2 Fungi Beasts","floor":10,"turns":2},{"damage":23,"enemies":"3 Sentries","floor":12,"turns":7},{"damage":4,"enemies":"3 Sentries","floor":14,"turns":7},{"damage":17,"enemies":"Hexaghost","floor":16,"turns":8},{"damage":14,"enemies":"2 Thieves","floor":18,"turns":5},{"damage":17,"enemies":"Spheric Guardian","floor":20,"turns":4},{"damage":28,"enemies":"Book of Stabbing","floor":24,"turns":6},{"damage":10,"enemies":"Shelled Parasite and Fungi","floor":25,"turns":5},{"damage":8,"enemies":"Centurion and Healer","floor":27,"turns":6},{"damage":7,"enemies":"Sentry and Sphere","floor":29,"turns":4},{"damage":4,"enemies":"Shelled Parasite and Fungi","floor":31,"turns":4},{"damage":68,"enemies":"Champ","floor":33,"turns":8}],"seed_played":"-7171565940509997724","potions_obtained":[{"floor":0,"key":"potionbrewer:QuicksilverPotion"},{"floor":1,"key":"FearPotion"},{"floor":5,"key":"potionbrewer:NoxiousPotion"},{"floor":7,"key":"BlessingOfTheForge"},{"floor":14,"key":"PowerPotion"},{"floor":25,"key":"potionbrewer:NoxiousPotion"},{"floor":27,"key":"potionbrewer:NoxiousPotion"},{"floor":29,"key":"potionbrewer:DiscountPotion"}],"is_trial":false,"path_per_floor":["M","?","?","?","M","R","M","R","T","M","$","E","R","?","R","B",null,"M","$","M","?","$","R","E","M","T","M","?","M","R","M","R","B"],"character_chosen":"THE_SILENT","items_purchased":["Poisoned Stab","Strange Spoon","Deadly Poison","Outmaneuver","Catalyst"],"campfire_rested":4,"item_purchase_floors":[11,11,11,11,19],"current_hp_per_floor":[75,75,75,72,70,70,70,70,70,70,70,47,47,43,65,48,75,61,61,44,44,44,66,38,28,28,20,20,13,35,31,53,0,0],"gold":105,"neow_bonus":"BOSS_RELIC","is_daily":false,"chose_seed":false,"campfire_upgraded":3,"win_rate":0.0,"timestamp":1608247796,"path_taken":["M","?","?","?","M","R","M","R","T","M","$","E","R","?","R","BOSS","M","$","M","?","$","R","E","M","T","M","?","M","R","M","R","BOSS"],"items_purchased_type":["Card","Relic","Card","Card","Card"],"build_version":"2020-12-13","purchased_purges":1,"victory":false,"max_hp_per_floor":[75,75,75,75,75,75,75,75,75,75,75,75,75,75,75,75,75,75,75,75,75,75,75,75,75,75,75,75,75,75,75,75,75,75],"card_choices":[{"not_picked":["Well Laid Plans","Escape Plan"],"picked":"Deadly Poison","floor":0},{"not_picked":["PiercingWail","Prepared"],"picked":"Crippling Poison","floor":1},{"not_picked":["Cloak And Dagger","Leg Sweep"],"picked":"Bane","floor":5},{"not_picked":["Tactician","Flying Knee"],"picked":"Deflect","floor":7},{"not_picked":["Underhanded Strike","Endless Agony"],"picked":"Noxious Fumes","floor":10},{"not_picked":["Prepared","Calculated Gamble"],"picked":"Deflect","floor":12},{"not_picked":["Night Terror","Burst"],"picked":"Adrenaline","floor":16},{"not_picked":["Acrobatics","Deflect"],"picked":"Slice","floor":18},{"not_picked":["Heel Hook","Blur+1"],"picked":"Prepared","floor":20},{"not_picked":["Flechettes","Dodge and Roll"],"picked":"PiercingWail","floor":24},{"not_picked":["Flying Knee","Blur"],"picked":"Noxious Fumes","floor":25},{"not_picked":["Crippling Poison","Outmaneuver+1"],"picked":"Escape Plan+1","floor":27},{"not_picked":["Acrobatics","Underhanded Strike"],"picked":"Deflect","floor":29},{"not_picked":["Poisoned Stab","Heel Hook"],"picked":"Phantasmal Killer","floor":31}],"player_experience":68892,"relics_obtained":[{"floor":9,"key":"Nunchaku"},{"floor":12,"key":"War Paint"},{"floor":24,"key":"potionbrewer:BottledElixir"},{"floor":26,"key":"Bag of Marbles"}],"event_choices":[{"damage_healed":0,"gold_gain":0,"player_choice":"Ignored","damage_taken":0,"max_hp_gain":0,"max_hp_loss":0,"event_name":"Golden Wing","floor":2,"gold_loss":0},{"damage_healed":0,"gold_gain":0,"player_choice":"Take Wound","damage_taken":0,"relics_obtained":["Golden Idol"],"max_hp_gain":0,"max_hp_loss":0,"event_name":"Golden Idol","floor":3,"gold_loss":0,"cards_obtained":["Injury"]},{"damage_healed":0,"gold_gain":0,"player_choice":"Success","damage_taken":3,"relics_obtained":["Smiling Mask"],"max_hp_gain":0,"max_hp_loss":0,"event_name":"Scrap Ooze","floor":4,"gold_loss":0},{"damage_healed":0,"gold_gain":0,"player_choice":"Simplicity","damage_taken":0,"max_hp_gain":0,"max_hp_loss":0,"event_name":"Back to Basics","floor":21,"gold_loss":0,"cards_upgraded":["Strike_G","Strike_G","Strike_G","Strike_G","Strike_G","Defend_G","Defend_G","Defend_G","Defend_G"]},{"damage_healed":0,"gold_gain":0,"player_choice":"Obtained Relic","damage_taken":0,"relics_obtained":["potionbrewer:Torch"],"max_hp_gain":0,"max_hp_loss":0,"event_name":"Addict","floor":28,"gold_loss":85}],"is_beta":false,"boss_relics":[{"not_picked":["Snecko Eye","Astrolabe"],"picked":"SlaversCollar"}],"items_purged_floors":[19],"is_endless":false,"potions_floor_spawned":[1,5,7,14,25,27,29],"killed_by":"Champ","ascension_level":0}}