{"host":"o1wkfo8ppvrprpet","time":1608221797,"event":{"mods":["Aspiration","Astrologer","BaseMod","CapriCore","Colored Powertips","Koishi","Minty Spire (QoL Compilation)","Replay The Spire","RumiaBox-露米娅的神秘盒子","Spicy Shops","StSLib","The Administrix","The Alterego","The Gatherer","The Immortal","Waifu the Spire"],"gold_per_floor":[116,135,152,163,163,163,193,193,193,193,193,193,20,41,41,41,41,41],"floor_reached":17,"playtime":750,"items_purged":["alterego_mod:Strike"],"score":105,"play_id":"3a35f671-a7b0-41ba-81ea-0bd16741d190","local_time":"20201218001637","is_ascension_mode":false,"campfire_choices":[{"data":"alterego_mod:Mirror","floor":6,"key":"SMITH"},{"data":"alterego_mod:HighServant","floor":8,"key":"SMITH"},{"data":"alterego_mod:Birthday","floor":10,"key":"SMITH"},{"data":"alterego_mod:Cushion","floor":12,"key":"SMITH"},{"floor":15,"key":"REST"}],"circlet_count":0,"master_deck":["alterego_mod:Strike","alterego_mod:Strike","alterego_mod:Strike","alterego_mod:Defend","alterego_mod:Defend","alterego_mod:Defend","alterego_mod:Defend","alterego_mod:Impale","alterego_mod:BigMeatyClaws","alterego_mod:BrynhildrsRune","alterego_mod:Birthday+1","alterego_mod:Mirror+1","alterego_mod:HighServant+1","alterego_mod:Cushion+1","Injury","alterego_mod:BiFurious","alterego_mod:DeftHands","alterego_mod:Bunnysuit+1"],"relics":["alterego_mod:MasochisticConstitution","NeowsBlessing","Toxic Egg 2","ReplayTheSpireMod:Shallot","Art of War","Golden Idol","ChewingGum"],"acts_visited":["Exordium","TheCity"],"potions_floor_usage":[7,14],"damage_taken":[{"damage":0,"enemies":"Jaw Worm","floor":1,"turns":1},{"damage":0,"enemies":"Small Slimes","floor":2,"turns":1},{"damage":0,"enemies":"2 Louse","floor":3,"turns":1},{"damage":21,"enemies":"2 Fungi Beasts","floor":4,"turns":6},{"damage":42,"enemies":"Lagavulin","floor":7,"turns":8},{"damage":5,"enemies":"3 Louse","floor":14,"turns":4},{"damage":58,"enemies":"Fading Forest","floor":16,"turns":11}],"seed_played":"-7079963693270456061","potions_obtained":[{"floor":3,"key":"Weak Potion"},{"floor":7,"key":"LiquidBronze"}],"is_trial":false,"path_per_floor":["M","M","M","M","?","R","E","R","T","R","?","R","$","M","R","B",null],"character_chosen":"The_Alterego","items_purchased":["alterego_mod:BiFurious","alterego_mod:DeftHands"],"campfire_rested":1,"item_purchase_floors":[13,13],"current_hp_per_floor":[70,70,70,51,51,51,12,12,12,12,12,12,12,18,38,18,69,69],"gold":41,"neow_bonus":"THREE_ENEMY_KILL","is_daily":false,"chose_seed":false,"campfire_upgraded":4,"win_rate":0.0,"timestamp":1608221797,"path_taken":["M","M","M","M","?","R","E","R","T","R","?","R","?","M","R","BOSS"],"items_purchased_type":["Card","Card"],"build_version":"2020-12-13","purchased_purges":1,"victory":false,"max_hp_per_floor":[70,70,70,71,71,71,72,72,72,72,67,67,67,68,68,69,69,69],"card_choices":[{"not_picked":["alterego_mod:Clap","alterego_mod:Stockings"],"picked":"alterego_mod:Birthday","floor":1},{"not_picked":["alterego_mod:Bloomers","alterego_mod:Maid"],"picked":"alterego_mod:Mirror","floor":2},{"not_picked":["alterego_mod:DeftHands","alterego_mod:IndependentAction"],"picked":"alterego_mod:HighServant","floor":3},{"not_picked":["alterego_mod:DustData","alterego_mod:Cycle"],"picked":"alterego_mod:Cushion","floor":4},{"not_picked":["alterego_mod:Punishment","alterego_mod:BoobPocket+1","alterego_mod:Complex"],"picked":"SKIP","floor":7},{"not_picked":["alterego_mod:DustData","alterego_mod:1TonWallop"],"picked":"alterego_mod:Bunnysuit+1","floor":14}],"player_experience":599028,"relics_obtained":[{"floor":7,"key":"ReplayTheSpireMod:Shallot"},{"floor":9,"key":"Art of War"}],"event_choices":[{"damage_healed":0,"gold_gain":0,"player_choice":"Lose Max HP","damage_taken":0,"relics_obtained":["Golden Idol"],"max_hp_gain":0,"max_hp_loss":5,"event_name":"Golden Idol","floor":11,"gold_loss":0}],"is_beta":false,"boss_relics":[{"not_picked":["Replay:Bronze Core","Ectoplasm"],"picked":"ChewingGum"}],"items_purged_floors":[13],"is_endless":false,"potions_floor_spawned":[3,7,16],"ascension_level":0}}