{"host":"e4wnmsyty9uvvtwf","time":1608218353,"event":{"mods":["Aspiration","BaseMod","Colored Map","Colored Powertips","Marisa£®ÏF”Í°°ƒß¿Ì…≥£©","Minty Spire (QoL Compilation)","Rare Cards Sparkle","Replay The Spire","StSLib"],"gold_per_floor":[119,394,404,130,150,150,175,175,175,187,187,212,89,115,115,189,189,203,76,86,98,117,117,145,145,145,165,180,210,210,222,222,294,294,308,271,321,374,129,164,164,184,237,249,276,288,325,353,365,377],"floor_reached":51,"playtime":2972,"items_purged":["Regret"],"score":1211,"play_id":"dae26233-29a4-42f4-93a7-5f7d5b3c4047","local_time":"20201217231913","is_ascension_mode":true,"campfire_choices":[{"data":"Neutralize","floor":6.0,"key":"SMITH"},{"floor":8.0,"key":"REST"},{"data":"Blade Dance","floor":11.0,"key":"SMITH"},{"data":"Accuracy","floor":15.0,"key":"SMITH"},{"floor":23.0,"key":"REST"},{"data":"Accuracy","floor":25.0,"key":"SMITH"},{"floor":32,"key":"REST"},{"data":"Poison Darts","floor":41,"key":"SMITH"},{"data":"Malaise","floor":44,"key":"SMITH"},{"data":"Finisher","floor":49,"key":"SMITH"}],"circlet_count":0,"master_deck":["AscendersBane","Strike_G","Strike_G","Defend_G+1","Defend_G+1","Defend_G+1","Defend_G+1","Defend_G+1","Survivor","Neutralize+1","Heel Hook","Blade Dance+1","Halt","FollowUp","Leg Sweep","Footwork","Accuracy+1","PiercingWail","Escape Plan","Malaise+1","Deflect","Accuracy+1","Outmaneuver+1","Distraction","Poison Darts+1","Prepared+1","Deflect+1","Prepared+1","Pot Of Greed+1","Pot Of Greed+1","Pot Of Greed+1","Tactician+1","Doppelganger+1","Blade Dance+1","Escape Plan+1","Slice","Finisher+1","Bandage Up+1","Terror+1","Pot Of Greed+1","Prepared+1","Footwork","Flash of Steel","Poison Darts+1","Deflect+1"],"relics":["Ring of the Snake","aspiration:Nostalgia","Replay:M_SmolderingBlood","Medical Kit","Mercury Hourglass","Paper Crane","Sundial","Replay:Bottled Eggs","Replay:Drink Me","Toxic Egg 2","Peace Pipe","Grinning Jar","ChewingGum","CatCart","Incense Burner","OrangePellets","Lizard Tail","MawBank","Counterbalance"],"acts_visited":["Exordium","TheCity","TheBeyond"],"potions_floor_usage":[37,50],"damage_taken":[{"damage":7.0,"enemies":"Small Slimes","floor":1.0,"turns":5.0},{"damage":3.0,"enemies":"Cultist","floor":3.0,"turns":4.0},{"damage":1.0,"enemies":"2 Louse","floor":5.0,"turns":4.0},{"damage":36.0,"enemies":"3 Sentries","floor":7.0,"turns":11.0},{"damage":0.0,"enemies":"Large Slime","floor":10.0,"turns":4.0},{"damage":4.0,"enemies":"Gremlin Nob","floor":12.0,"turns":4.0},{"damage":0.0,"enemies":"Lagavulin","floor":14.0,"turns":5.0},{"damage":2.0,"enemies":"The Guardian","floor":16.0,"turns":11.0},{"damage":0.0,"enemies":"3 Byrds","floor":18.0,"turns":4.0},{"damage":22.0,"enemies":"2 Thieves","floor":20.0,"turns":4.0},{"damage":5.0,"enemies":"Shelled Parasite and Fungi","floor":21.0,"turns":6.0},{"damage":4.0,"enemies":"Chosen and Byrds","floor":22.0,"turns":7.0},{"damage":3.0,"enemies":"Slavers","floor":24.0,"turns":6.0},{"damage":0.0,"enemies":"Centurion and Healer","floor":27.0,"turns":6.0},{"damage":0.0,"enemies":"Shelled Parasite and Fungi","floor":28.0,"turns":8.0},{"damage":0.0,"enemies":"Replay:Snechameleon","floor":29.0,"turns":9.0},{"damage":0.0,"enemies":"Snake Plant","floor":31.0,"turns":4.0},{"damage":5,"enemies":"Champ","floor":33,"turns":13},{"damage":3,"enemies":"3 Darklings","floor":35,"turns":4},{"damage":0,"enemies":"Orin","floor":37,"turns":10},{"damage":8,"enemies":"2 Orb Walkers","floor":38,"turns":5},{"damage":0,"enemies":"Giant Head","floor":40,"turns":8},{"damage":0,"enemies":"Orb Walker","floor":42,"turns":2},{"damage":0,"enemies":"Transient","floor":45,"turns":5},{"damage":0,"enemies":"Mind Bloom Boss Battle","floor":47,"turns":4},{"damage":0,"enemies":"Maw","floor":48,"turns":5},{"damage":18,"enemies":"Replay:Hell Engine","floor":50,"turns":10}],"seed_played":"7381899263433899920","potions_obtained":[{"floor":7.0,"key":"Reflective Coating"},{"floor":10.0,"key":"AttackPotion"},{"floor":14.0,"key":"GhostInAJar"},{"floor":16.0,"key":"AttackPotion"},{"floor":21.0,"key":"Strength Potion"},{"floor":27.0,"key":"SmokeBomb"},{"floor":28.0,"key":"Block Potion"},{"floor":40,"key":"SpeedPotion"}],"is_trial":false,"path_per_floor":["M","?","M","$","M","R","E","R","T","M","R","E","$","E","R","B",null,"M","$","M","M","M","R","E","R","T","M","M","E","?","M","R_BF","B",null,"M","$","?","?","$","E","R","M","T","R","M","?","?","M","R","B",null],"character_chosen":"THE_SILENT","items_purchased":["Medical Kit","Halt","Accuracy","PiercingWail","Deflect","Accuracy","Escape Plan+1","OrangePellets","Bandage Up+1"],"campfire_rested":3,"item_purchase_floors":[4,4,13,13,19,19,36,39,39],"current_hp_per_floor":[52,52,49,49,48,48,12,31,31,31,31,27,27,27,27,25,44,44,44,22,17,13,28,25,25,25,25,25,25,12,12,28,23,47,44,44,44,36,36,42,42,42,42,42,48,48,54,55,55,41],"gold":389,"neow_bonus":"NOSTALGIA","is_daily":false,"chose_seed":false,"campfire_upgraded":7,"win_rate":0.0,"timestamp":1608218353,"path_taken":["M","?","M","$","M","R","E","R","T","M","R","E","?","E","R","BOSS","M","$","M","M","M","R","E","R","T","?","M","E","?","M","R_BF","BOSS","M","$","?","?","$","E","R","?","T","R","M","?","?","M","R","BOSS"],"items_purchased_type":["Relic","Card","Card","Card","Card","Card","Card","Relic","Card"],"build_version":"2020-12-13","purchased_purges":1,"victory":true,"max_hp_per_floor":[66,66,66,66,66,66,66,66,66,66,66,66,66,66,66,66,50,50,50,50,50,50,50,50,50,50,50,50,50,55,55,55,55,55,55,55,55,55,55,55,55,55,55,55,55,55,55,55,55,55],"card_choices":[{"not_picked":["BowlingBash","Choke"],"picked":"Heel Hook","floor":1.0},{"not_picked":["Deflect","Footwork"],"picked":"Blade Dance","floor":3.0},{"not_picked":["Catalyst","PiercingWail","Sucker Punch"],"picked":"SKIP","floor":5.0},{"not_picked":["ReplayTheSpireMod:Scrap Shanks","Dagger Spray"],"picked":"FollowUp","floor":7.0},{"not_picked":["Hidden Blade","Dagger Throw"],"picked":"Leg Sweep","floor":10.0},{"not_picked":["Dodge and Roll","Flying Knee"],"picked":"Footwork","floor":12.0},{"not_picked":["CrushJoints","Crippling Poison"],"picked":"Escape Plan","floor":14.0},{"not_picked":["Corpse Explosion","Tools of the Trade"],"picked":"Malaise","floor":16.0},{"not_picked":["Backflip","Heel Hook","Well Laid Plans+1"],"picked":"SKIP","floor":18.0},{"not_picked":["Deflect","Choke"],"picked":"Outmaneuver+1","floor":20.0},{"not_picked":["Terror","Underhanded Strike"],"picked":"Distraction","floor":21.0},{"not_picked":["Expertise","Underhanded Strike"],"picked":"Poison Darts","floor":22.0},{"not_picked":["Dagger Throw","Riddle With Holes"],"picked":"Prepared+1","floor":24.0},{"not_picked":["Riddle With Holes","Underhanded Strike+1"],"picked":"Deflect+1","floor":27.0},{"not_picked":["Underhanded Strike","Bane"],"picked":"Prepared+1","floor":28.0},{"not_picked":["Prepared+1","Bane","Night Terror+1"],"picked":"SKIP","floor":29.0},{"not_picked":["Noxious Fumes","Acrobatics+1"],"picked":"Tactician+1","floor":31.0},{"not_picked":["ReplayTheSpireMod:Necrosis+1","Grand Finale"],"picked":"Doppelganger+1","floor":33},{"not_picked":["ReplayTheSpireMod:Scrap Shanks","Dagger Throw"],"picked":"Blade Dance+1","floor":35},{"not_picked":["All Out Attack","Underhanded Strike"],"picked":"Slice","floor":37},{"not_picked":["ReplayTheSpireMod:Shiv Toss+1","Choke+1"],"picked":"Finisher","floor":38},{"not_picked":["Bane","Deflect+1"],"picked":"Terror+1","floor":40},{"not_picked":["Caltrops","Bane"],"picked":"Prepared+1","floor":42},{"not_picked":["Replay:Poison Smokescreen+1","Flying Knee+1"],"picked":"Footwork","floor":45},{"not_picked":["Deep Breath+1","Blind+1"],"picked":"Flash of Steel","floor":46},{"not_picked":["Dagger Spray","Quick Slash"],"picked":"Poison Darts+1","floor":47},{"not_picked":["Flying Knee","Deadly Poison+1"],"picked":"Deflect+1","floor":48}],"player_experience":620606,"relics_obtained":[{"floor":7.0,"key":"Mercury Hourglass"},{"floor":9.0,"key":"Paper Crane"},{"floor":12.0,"key":"Sundial"},{"floor":14.0,"key":"Replay:Bottled Eggs"},{"floor":24.0,"key":"Toxic Egg 2"},{"floor":26.0,"key":"Peace Pipe"},{"floor":29.0,"key":"Grinning Jar"},{"floor":37,"key":"CatCart"},{"floor":38,"key":"Incense Burner"},{"floor":40,"key":"Lizard Tail"},{"floor":43,"key":"MawBank"},{"floor":47,"key":"Counterbalance"}],"event_choices":[{"damage_healed":0.0,"max_hp_gain":0.0,"max_hp_loss":0.0,"gold_gain":275.0,"event_name":"Golden Shrine","player_choice":"Desecrate","floor":2.0,"gold_loss":0.0,"damage_taken":0.0,"cards_obtained":["Regret"]},{"damage_healed":0.0,"max_hp_gain":5.0,"max_hp_loss":0.0,"gold_gain":0.0,"event_name":"Forgotten Altar","player_choice":"Shed Blood","floor":30.0,"gold_loss":0.0,"damage_taken":18.0},{"damage_healed":0,"gold_gain":0,"player_choice":"Fight","damage_taken":0,"max_hp_gain":0,"max_hp_loss":0,"event_name":"OrinTheCat","floor":37,"gold_loss":0},{"damage_healed":0,"gold_gain":0,"player_choice":"Fight","damage_taken":0,"max_hp_gain":0,"max_hp_loss":0,"event_name":"Mysterious Sphere","floor":38,"gold_loss":0},{"damage_healed":0,"gold_gain":0,"player_choice":"Memory 1","damage_taken":0,"max_hp_gain":0,"max_hp_loss":0,"event_name":"SensoryStone","floor":46,"gold_loss":0},{"damage_healed":0,"gold_gain":0,"player_choice":"Fight","damage_taken":0,"max_hp_gain":0,"max_hp_loss":0,"event_name":"MindBloom","floor":47,"gold_loss":0}],"is_beta":false,"boss_relics":[{"not_picked":["Empty Cage","Honey Jar"],"picked":"Replay:Drink Me"},{"not_picked":["Sozu","aspiration:WatcherSkillbook"],"picked":"ChewingGum"}],"items_purged_floors":[4],"is_endless":false,"potions_floor_spawned":[7,10,14,16,20,21,27,28,40,45,47,48],"ascension_level":15}}