{"host":"emw2hz5jk2llz0ec","time":1608208219,"event":{"mods":["AchievementEnabler","BaseMod","Colored Map","Colored Powertips","Highlight Path","Minty Spire (QoL Compilation)","Quick Restart","Relic Stats","StSLib","SuperFastMode","¡¾¹¦ÄÜMod¡¿Neow½±Àø"],"gold_per_floor":[114,114,114,132,151,151,181,181,181,193,210,135,150,150,150,245,245,255,180,10,27,27,45,45,45,45,45,60,160,85,98,98,193,193,206,81,91,137,137,137,137,137,137,168,131,149,149,149,149,149,149,149,64,93,93,93],"floor_reached":55,"playtime":3605,"items_purged":["Strike_R","Strike_R","Perfected Strike+1"],"score":668,"play_id":"1642b612-5d2e-4819-93a0-28fa2f14e938","local_time":"20201217203019","is_ascension_mode":false,"campfire_choices":[{"data":"Power Through","floor":6.0,"key":"SMITH"},{"data":"Second Wind","floor":8.0,"key":"SMITH"},{"data":"Body Slam","floor":15.0,"key":"SMITH"},{"data":"Shockwave","floor":25.0,"key":"SMITH"},{"floor":27.0,"key":"RECALL"},{"data":"Entrench","floor":32.0,"key":"SMITH"},{"data":"Fire Breathing","floor":40.0,"key":"SMITH"},{"data":"Defend_R","floor":42.0,"key":"SMITH"},{"data":"Dark Embrace","floor":47.0,"key":"SMITH"},{"floor":49.0,"key":"REST"},{"data":"Defend_R","floor":52.0,"key":"SMITH"}],"circlet_count":0,"master_deck":["Defend_R","Defend_R+1","Defend_R+1","Power Through+1","Fire Breathing+1","Second Wind+1","Body Slam+1","Shockwave+1","Entrench+1","Havoc+1","Wild Strike+1","Battle Trance+1","Dark Embrace+1","Dark Shackles"],"relics":["Burning Blood","Pen Nib","Matryoshka","Lantern","HornCleat","Regal Pillow","Tiny Chest","Sozu","Letter Opener","Prayer Wheel","Bottled Lightning","Astrolabe","WingedGreaves","Self Forming Clay","Kunai","Juzu Bracelet","Blood Vial"],"acts_visited":["Exordium","TheCity","TheBeyond","TheEnding"],"potions_floor_usage":[],"damage_taken":[{"damage":3.0,"enemies":"Cultist","floor":1.0,"turns":5.0},{"damage":0.0,"enemies":"2 Louse","floor":4.0,"turns":2.0},{"damage":1.0,"enemies":"Jaw Worm","floor":5.0,"turns":5.0},{"damage":33.0,"enemies":"Gremlin Nob","floor":7.0,"turns":5.0},{"damage":12.0,"enemies":"Blue Slaver","floor":10.0,"turns":5.0},{"damage":0.0,"enemies":"Looter","floor":11.0,"turns":1.0},{"damage":1.0,"enemies":"Lots of Slimes","floor":13.0,"turns":8.0},{"damage":12.0,"enemies":"Hexaghost","floor":16.0,"turns":10.0},{"damage":2.0,"enemies":"3 Byrds","floor":18.0,"turns":6.0},{"damage":0.0,"enemies":"Spheric Guardian","floor":21.0,"turns":3.0},{"damage":14.0,"enemies":"Snecko","floor":23.0,"turns":7.0},{"damage":16.0,"enemies":"Chosen and Byrds","floor":28.0,"turns":8.0},{"damage":0.0,"enemies":"Colosseum Slavers","floor":29.0,"turns":5.0},{"damage":12.0,"enemies":"Colosseum Nobs","floor":29.0,"turns":6.0},{"damage":0.0,"enemies":"Snake Plant","floor":31.0,"turns":4.0},{"damage":57.0,"enemies":"Champ","floor":33.0,"turns":14.0},{"damage":5.0,"enemies":"3 Shapes","floor":35.0,"turns":3.0},{"damage":0.0,"enemies":"3 Darklings","floor":37.0,"turns":4.0},{"damage":0.0,"enemies":"2 Orb Walkers","floor":38.0,"turns":3.0},{"damage":16.0,"enemies":"Reptomancer","floor":44.0,"turns":4.0},{"damage":9.0,"enemies":"4 Shapes","floor":46.0,"turns":4.0},{"damage":4.0,"enemies":"Donu and Deca","floor":50.0,"turns":6.0},{"damage":48.0,"enemies":"Shield and Spear","floor":54.0,"turns":7.0},{"damage":41,"enemies":"The Heart","floor":55,"turns":3}],"seed_played":"315971051761832179","potions_obtained":[{"floor":5.0,"key":"BlessingOfTheForge"},{"floor":7.0,"key":"FearPotion"},{"floor":13.0,"key":"Ancient Potion"}],"is_trial":false,"path_per_floor":["M","?","?","M","M","R","E","R","T","M","M","$","M","T","R","B",null,"M","?","$","M","?","M","T","R","T","R","M","?","$","M","R","B",null,"M","$","M","?","?","R","T","R","T","E","$","M","R","$","R","B",null,"R","$","E","B"],"character_chosen":"IRONCLAD","items_purchased":["Shockwave","Entrench","Dark Embrace","Dark Shackles"],"campfire_rested":1,"item_purchase_floors":[20,30,45,53],"current_hp_per_floor":[80,80,80,80,80,80,53,53,53,47,53,53,58,58,58,52,80,80,80,80,80,80,72,72,72,72,72,62,62,62,68,68,17,80,80,80,80,80,80,80,80,80,80,70,70,67,67,67,80,80,80,80,80,38,0,0],"gold":93,"neow_bonus":"RANDOM_COMMON_RELIC","is_daily":false,"chose_seed":false,"campfire_upgraded":9,"win_rate":0.0,"timestamp":1608208219,"path_taken":["M","?","?","M","M","R","E","R","T","M","M","$","M","?","R","BOSS","M","?","$","M","?","?","?","R","T","R","M","?","$","M","R","BOSS","M","$","M","?","?","R","?","R","T","E","$","M","R","$","R","BOSS","R","$","E","BOSS"],"items_purchased_type":["Card","Card","Card","Card"],"build_version":"2020-11-30","purchased_purges":3,"victory":false,"max_hp_per_floor":[80,80,80,80,80,80,80,80,80,80,80,80,80,80,80,80,80,80,80,80,80,80,80,80,80,80,80,80,80,80,80,80,80,80,80,80,80,80,80,80,80,80,80,80,80,80,80,80,80,80,80,80,80,80,80,80],"relic_stats":{"Regal Pillow":0,"counters":[24,128],"Self Forming Clay":[45],"Astrolabe":["Havoc","Wild Strike","Perfected Strike"],"Pen Nib":[15],"Juzu Bracelet":0,"Letter Opener":[243],"Burning Blood":99,"Sozu":8,"Blood Vial":2,"Tiny Chest":2,"Prayer Wheel":4,"Kunai":[0],"obtain_stats":[{"Lantern":9,"Regal Pillow":14,"Self Forming Clay":41,"Astrolabe":34,"Pen Nib":0,"Juzu Bracelet":44,"Letter Opener":26,"Burning Blood":0,"Sozu":17,"Blood Vial":54,"Matryoshka":7,"HornCleat":9,"Tiny Chest":14,"Prayer Wheel":29,"WingedGreaves":38,"Bottled Lightning":29,"Kunai":43},{"Lantern":4,"Regal Pillow":7,"Self Forming Clay":19,"Astrolabe":16,"Pen Nib":0,"Juzu Bracelet":20,"Letter Opener":11,"Burning Blood":0,"Sozu":8,"Blood Vial":23,"Matryoshka":4,"HornCleat":4,"Tiny Chest":7,"Prayer Wheel":14,"WingedGreaves":19,"Bottled Lightning":14,"Kunai":19},{"Lantern":17,"Regal Pillow":31,"Self Forming Clay":104,"Astrolabe":94,"Pen Nib":0,"Juzu Bracelet":108,"Letter Opener":57,"Burning Blood":0,"Sozu":41,"Blood Vial":125,"Matryoshka":17,"HornCleat":17,"Tiny Chest":31,"Prayer Wheel":76,"WingedGreaves":104,"Bottled Lightning":76,"Kunai":104}]},"card_choices":[{"not_picked":["Wild Strike","Combust"],"picked":"Power Through","floor":1.0},{"not_picked":["Infernal Blade","Iron Wave"],"picked":"Fire Breathing","floor":4.0},{"not_picked":["Sword Boomerang","Pommel Strike"],"picked":"Second Wind","floor":5.0},{"not_picked":["Sever Soul","Blood for Blood","Thunderclap"],"picked":"SKIP","floor":7.0},{"not_picked":["Wild Strike","Pummel"],"picked":"Body Slam","floor":10.0},{"not_picked":["True Grit","Spot Weakness","Pommel Strike"],"picked":"SKIP","floor":11.0},{"not_picked":["Flex","Uppercut","Thunderclap"],"picked":"SKIP","floor":13.0},{"not_picked":["Rage+1","Clash","Sword Boomerang"],"picked":"SKIP","floor":18.0},{"not_picked":["Pommel Strike","Rage","Heavy Blade+1"],"picked":"SKIP","floor":21.0},{"not_picked":["Carnage+1","Armaments","Dropkick"],"picked":"SKIP","floor":23.0},{"not_picked":["Flex","Cleave+1","Body Slam"],"picked":"SKIP","floor":28.0},{"not_picked":["Headbutt","Anger","Sword Boomerang"],"picked":"SKIP","floor":31.0},{"not_picked":["Fiend Fire","Wild Strike","Iron Wave"],"picked":"SKIP","floor":31.0},{"not_picked":["Burning Pact","Dual Wield+1"],"picked":"Battle Trance+1","floor":35.0},{"not_picked":["Clash+1","Flame Barrier+1","True Grit"],"picked":"SKIP","floor":35.0},{"not_picked":["Iron Wave","Pommel Strike","Intimidate"],"picked":"SKIP","floor":37.0},{"not_picked":["Havoc+1","Clash+1","Whirlwind+1"],"picked":"SKIP","floor":37.0},{"not_picked":["Iron Wave+1","Shrug It Off","Whirlwind+1"],"picked":"SKIP","floor":44.0},{"not_picked":["Iron Wave+1","Shrug It Off","Whirlwind+1"],"picked":"SKIP","floor":44.0},{"not_picked":["Shrug It Off+1","Dropkick","Cleave+1"],"picked":"SKIP","floor":46.0},{"not_picked":["Havoc+1","Shrug It Off","Iron Wave"],"picked":"SKIP","floor":46.0},{"not_picked":["Shrug It Off+1","Dropkick","Cleave+1"],"picked":"SKIP","floor":46.0},{"not_picked":["Havoc+1","Shrug It Off","Iron Wave"],"picked":"SKIP","floor":46.0},{"not_picked":["Shockwave+1","Blood for Blood+1","Pommel Strike+1"],"picked":"SKIP","floor":54.0}],"player_experience":294847,"relics_obtained":[{"floor":7.0,"key":"Matryoshka"},{"floor":9.0,"key":"Lantern"},{"floor":9.0,"key":"HornCleat"},{"floor":14.0,"key":"Regal Pillow"},{"floor":14.0,"key":"Tiny Chest"},{"floor":26.0,"key":"Letter Opener"},{"floor":29.0,"key":"Prayer Wheel"},{"floor":29.0,"key":"Bottled Lightning"},{"floor":38.0,"key":"WingedGreaves"},{"floor":41.0,"key":"Self Forming Clay"},{"floor":43.0,"key":"Kunai"},{"floor":44.0,"key":"Juzu Bracelet"},{"floor":54.0,"key":"Blood Vial"}],"event_choices":[{"damage_healed":0.0,"max_hp_gain":0.0,"max_hp_loss":0.0,"gold_gain":0.0,"event_name":"Liars Game","player_choice":"Ignored","floor":2.0,"gold_loss":0.0,"damage_taken":0.0},{"cards_removed":["Strike_R"],"damage_healed":0.0,"max_hp_gain":0.0,"max_hp_loss":0.0,"gold_gain":0.0,"event_name":"Living Wall","player_choice":"Forget","floor":3.0,"gold_loss":0.0,"damage_taken":0.0},{"cards_removed":["Strike_R"],"damage_healed":0.0,"max_hp_gain":0.0,"max_hp_loss":0.0,"gold_gain":0.0,"event_name":"Beggar","player_choice":"Gave Gold","floor":19.0,"gold_loss":75.0,"damage_taken":0.0},{"damage_healed":0.0,"max_hp_gain":0.0,"max_hp_loss":0.0,"gold_gain":0.0,"event_name":"Lab","player_choice":"Got Potions","floor":22.0,"gold_loss":0.0,"damage_taken":0.0},{"damage_healed":0.0,"max_hp_gain":0.0,"max_hp_loss":0.0,"gold_gain":0.0,"event_name":"Colosseum","player_choice":"Fight","floor":29.0,"gold_loss":0.0,"damage_taken":0.0},{"damage_healed":0.0,"max_hp_gain":0.0,"max_hp_loss":0.0,"gold_gain":0.0,"event_name":"Colosseum","player_choice":"Fought Nobs","floor":29.0,"gold_loss":0.0,"damage_taken":0.0},{"damage_healed":0.0,"max_hp_gain":0.0,"max_hp_loss":0.0,"gold_gain":0.0,"event_name":"Mysterious Sphere","player_choice":"Fight","floor":38.0,"gold_loss":0.0,"damage_taken":0.0},{"damage_healed":0.0,"max_hp_gain":0.0,"max_hp_loss":0.0,"gold_gain":0.0,"event_name":"SensoryStone","player_choice":"Memory 1","floor":39.0,"gold_loss":0.0,"damage_taken":0.0}],"is_beta":false,"boss_relics":[{"not_picked":["Busted Crown","SacredBark"],"picked":"Sozu"},{"not_picked":["Runic Dome","Fusion Hammer"],"picked":"Astrolabe"}],"items_purged_floors":[12,20,36],"is_endless":false,"potions_floor_spawned":[5,7,13,21,29,31,37,54],"killed_by":"The Heart","ascension_level":0}}