{"host":"bxn2em57qlx5u4i0","time":1608184437,"event":{"mods":["BaseMod","Colored Map","Colored Powertips","Highlight Path","Minty Spire (QoL Compilation)","Random Character Button","Relic Sorter","Relic Stats","StSLib","SuperFastMode"],"gold_per_floor":[110,110,75,102,102,102,130,155,155,168,498,559,559,559,559,648,648,672,697,697,712,13,13,44,44,44,78,105,125,125,15,15,113,113,127,87,87,101,120,151,151,182,182,182,213,231,255,45,45,45,45,45,45,4,43,43,43],"floor_reached":56,"playtime":2415,"items_purged":["Setup"],"score":2204,"play_id":"db06147b-0d26-48ed-aa1f-ead957c070d3","local_time":"20201217005357","is_ascension_mode":true,"campfire_choices":[{"data":"Neutralize","floor":6.0,"key":"SMITH"},{"data":"Burst","floor":13.0,"key":"SMITH"},{"data":"Survivor","floor":15.0,"key":"SMITH"},{"data":"Flechettes","floor":23.0,"key":"SMITH"},{"data":"Calculated Gamble","floor":32.0,"key":"SMITH"},{"floor":41.0,"key":"RECALL"},{"floor":44.0,"key":"REST"},{"floor":49.0,"key":"REST"},{"floor":53.0,"key":"REST"}],"circlet_count":0,"master_deck":["AscendersBane","Survivor+1","Neutralize+1","Deadly Poison+1","Burst+1","Dash","Noxious Fumes+1","A Thousand Cuts+1","PiercingWail","Flechettes+1","Dagger Spray","Escape Plan","Acrobatics","Envenom+1","Calculated Gamble+1","Dagger Spray","Deflect","Escape Plan","Blur","Tools of the Trade+1","Footwork+1","Footwork+1","Backflip+1","Backflip","Noxious Fumes+1","Reflex","Footwork+1"],"relics":["Ring of the Snake","NeowsBlessing","Meat on the Bone","Toy Ornithopter","Frozen Egg 2","Odd Mushroom","StrikeDummy","Old Coin","Ice Cream","Golden Idol","Pandora\u0027s Box","Eternal Feather","The Specimen","Akabeko","Ancient Tea Set","Mercury Hourglass","Potion Belt","Fusion Hammer","Dream Catcher","PreservedInsect","Boot","ClockworkSouvenir","White Beast Statue"],"acts_visited":["Exordium","TheCity","TheBeyond","TheEnding"],"potions_floor_usage":[55,55,56],"damage_taken":[{"damage":0.0,"enemies":"Jaw Worm","floor":1.0,"turns":1.0},{"damage":0.0,"enemies":"Gremlin Nob","floor":7.0,"turns":1.0},{"damage":0.0,"enemies":"The Mushroom Lair","floor":8.0,"turns":1.0},{"damage":0.0,"enemies":"Small Slimes","floor":10.0,"turns":3.0},{"damage":14.0,"enemies":"3 Sentries","floor":11.0,"turns":8.0},{"damage":40.0,"enemies":"Gremlin Nob","floor":12.0,"turns":5.0},{"damage":13.0,"enemies":"Hexaghost","floor":16.0,"turns":9.0},{"damage":0.0,"enemies":"3 Byrds","floor":18.0,"turns":4.0},{"damage":0.0,"enemies":"Chosen","floor":19.0,"turns":5.0},{"damage":14.0,"enemies":"Centurion and Healer","floor":21.0,"turns":6.0},{"damage":31.0,"enemies":"Slavers","floor":24.0,"turns":5.0},{"damage":21.0,"enemies":"Book of Stabbing","floor":27.0,"turns":6.0},{"damage":3.0,"enemies":"Snake Plant","floor":29.0,"turns":3.0},{"damage":12.0,"enemies":"Champ","floor":33.0,"turns":12.0},{"damage":7.0,"enemies":"3 Darklings","floor":35.0,"turns":3.0},{"damage":3.0,"enemies":"3 Shapes","floor":38.0,"turns":3.0},{"damage":7.0,"enemies":"3 Darklings","floor":39.0,"turns":4.0},{"damage":0.0,"enemies":"Giant Head","floor":40.0,"turns":9.0},{"damage":0.0,"enemies":"Reptomancer","floor":42.0,"turns":4.0},{"damage":0.0,"enemies":"Nemesis","floor":45.0,"turns":7.0},{"damage":0.0,"enemies":"Writhing Mass","floor":46.0,"turns":7.0},{"damage":1.0,"enemies":"4 Shapes","floor":47.0,"turns":5.0},{"damage":11.0,"enemies":"Donu and Deca","floor":50.0,"turns":9.0},{"damage":35.0,"enemies":"Time Eater","floor":51.0,"turns":15.0},{"damage":72,"enemies":"Shield and Spear","floor":55,"turns":6},{"damage":34,"enemies":"The Heart","floor":56,"turns":2}],"seed_played":"-3736991085120334515","potions_obtained":[{"floor":7.0,"key":"Block Potion"},{"floor":16.0,"key":"BlessingOfTheForge"},{"floor":18.0,"key":"CunningPotion"},{"floor":19.0,"key":"FearPotion"},{"floor":27.0,"key":"Strength Potion"},{"floor":39.0,"key":"LiquidMemories"},{"floor":42.0,"key":"GamblersBrew"},{"floor":45.0,"key":"Energy Potion"},{"floor":46.0,"key":"LiquidBronze"},{"floor":55,"key":"SkillPotion"}],"is_trial":false,"path_per_floor":["M","?","?","T","?","R","E","?","T","M","E","?","R","?","R","B",null,"M","M","?","M","$","R","E","?","T","E","T","M","?","$","R","B",null,"M","$","?","M","M","E","R","E","T","R","E","M","M","$","R","B","B",null,"R","$","E","B"],"character_chosen":"THE_SILENT","items_purchased":["Eternal Feather","The Specimen","Dexterity Potion","SpeedPotion","Footwork+1","ClockworkSouvenir","Noxious Fumes+1","Footwork+1"],"campfire_rested":3,"item_purchase_floors":[22,22,31,31,36,48,48,54],"current_hp_per_floor":[59,48,64,64,64,64,64,64,64,64,50,27,27,27,27,26,52,52,52,36,34,34,43,34,34,34,25,25,34,34,34,43,43,60,53,53,53,50,43,43,55,55,55,65,65,65,64,64,65,54,36,58,65,65,15,0,0],"gold":43,"neow_bonus":"THREE_ENEMY_KILL","is_daily":false,"chose_seed":false,"campfire_upgraded":5,"win_rate":0.0,"timestamp":1608184437,"path_taken":["M","?","?","?","?","R","E","?","T","?","E","?","R","?","R","BOSS","M","M","?","M","$","R","E","?","T","E","?","M","?","$","R","BOSS","M","$","?","M","?","E","R","E","T","R","E","M","?","$","R","BOSS","BOSS","R","$","E","BOSS"],"items_purchased_type":["Relic","Relic","Potion","Potion","Card","Relic","Card","Card"],"build_version":"2020-12-13","purchased_purges":1,"victory":false,"max_hp_per_floor":[66,66,66,66,66,66,66,66,66,66,66,66,66,60,60,60,60,60,60,65,65,65,65,65,65,65,65,65,65,65,65,65,65,65,65,65,65,65,65,65,65,65,65,65,65,65,65,65,65,65,65,65,65,65,65,65,65],"relic_stats":{"Dream Catcher":3,"counters":[26,143],"Golden Idol":150,"Pandora\u0027s Box":["PiercingWail","Flechettes","Deadly Poison","Setup","Dagger Spray","Escape Plan","Acrobatics","Envenom","Calculated Gamble","Dagger Spray"],"Eternal Feather":48,"PreservedInsect":127,"Boot":[33],"obtain_stats":[{"Ice Cream":12,"Potion Belt":28,"NeowsBlessing":0,"The Specimen":22,"Golden Idol":14,"Eternal Feather":22,"PreservedInsect":42,"Frozen Egg 2":7,"Odd Mushroom":8,"Ancient Tea Set":26,"Boot":45,"Akabeko":24,"White Beast Statue":55,"Old Coin":11,"Mercury Hourglass":27,"ClockworkSouvenir":48,"Dream Catcher":40,"Pandora\u0027s Box":17,"Fusion Hammer":34,"StrikeDummy":9,"Toy Ornithopter":4,"Ring of the Snake":0,"Meat on the Bone":2},{"Ice Cream":6,"Potion Belt":12,"NeowsBlessing":0,"The Specimen":10,"Golden Idol":6,"Eternal Feather":10,"PreservedInsect":19,"Frozen Egg 2":2,"Odd Mushroom":3,"Ancient Tea Set":11,"Boot":20,"Akabeko":11,"White Beast Statue":25,"Old Coin":5,"Mercury Hourglass":12,"ClockworkSouvenir":22,"Dream Catcher":18,"Pandora\u0027s Box":7,"Fusion Hammer":14,"StrikeDummy":3,"Toy Ornithopter":1,"Ring of the Snake":0,"Meat on the Bone":1},{"Ice Cream":19,"Potion Belt":54,"NeowsBlessing":0,"The Specimen":43,"Golden Idol":19,"Eternal Feather":43,"PreservedInsect":92,"Frozen Egg 2":2,"Odd Mushroom":3,"Ancient Tea Set":48,"Boot":99,"Akabeko":48,"White Beast Statue":141,"Old Coin":14,"Mercury Hourglass":54,"ClockworkSouvenir":111,"Dream Catcher":88,"Pandora\u0027s Box":28,"Fusion Hammer":69,"StrikeDummy":3,"Toy Ornithopter":1,"Ring of the Snake":0,"Meat on the Bone":1}],"Toy Ornithopter":35,"Ring of the Snake":[52],"Meat on the Bone":108,"Mercury Hourglass":[266]},"card_choices":[{"not_picked":["Sucker Punch","Caltrops"],"picked":"Deadly Poison","floor":1.0},{"not_picked":["Dash","All Out Attack"],"picked":"Burst","floor":7.0},{"not_picked":["Prepared","Choke"],"picked":"Dash","floor":8.0},{"not_picked":["Flying Knee","Deflect"],"picked":"Noxious Fumes+1","floor":10.0},{"not_picked":["All Out Attack","Bane","Deflect"],"picked":"SKIP","floor":11.0},{"not_picked":["Glass Knife","Night Terror"],"picked":"A Thousand Cuts+1","floor":16.0},{"not_picked":["Sucker Punch","Eviscerate","Bane"],"picked":"SKIP","floor":18.0},{"not_picked":["Expertise+1","Skewer","Outmaneuver"],"picked":"SKIP","floor":19.0},{"not_picked":["Acrobatics","Catalyst"],"picked":"Deflect","floor":21.0},{"not_picked":["Dagger Throw","Expertise+1","Backstab"],"picked":"SKIP","floor":24.0},{"not_picked":["Dodge and Roll","Caltrops+1"],"picked":"Escape Plan","floor":27.0},{"not_picked":["Backstab","Acrobatics"],"picked":"Blur","floor":29.0},{"not_picked":["Grand Finale","Adrenaline"],"picked":"Tools of the Trade+1","floor":33.0},{"not_picked":["Deadly Poison","Prepared","Quick Slash"],"picked":"SKIP","floor":35.0},{"not_picked":["Cloak And Dagger+1","PiercingWail"],"picked":"Backflip+1","floor":38.0},{"not_picked":["Dagger Spray","Prepared+1","Underhanded Strike"],"picked":"SKIP","floor":39.0},{"not_picked":["Skewer","Calculated Gamble","All Out Attack"],"picked":"SKIP","floor":40.0},{"not_picked":["Flying Knee","Terror"],"picked":"Backflip","floor":42.0},{"not_picked":["Riddle With Holes","Flying Knee","Outmaneuver+1"],"picked":"SKIP","floor":45.0},{"not_picked":["Dash","Phantasmal Killer","Sucker Punch+1"],"picked":"SKIP","floor":46.0},{"not_picked":["Outmaneuver+1","Acrobatics+1","Poisoned Stab"],"picked":"SKIP","floor":47.0},{"not_picked":["Flying Knee","Choke"],"picked":"Reflex","floor":53.0},{"not_picked":["Dash","Underhanded Strike+1","Riddle With Holes+1"],"picked":"SKIP","floor":55}],"player_experience":2803971,"relics_obtained":[{"floor":4.0,"key":"Toy Ornithopter"},{"floor":7.0,"key":"Frozen Egg 2"},{"floor":8.0,"key":"Odd Mushroom"},{"floor":9.0,"key":"StrikeDummy"},{"floor":11.0,"key":"Old Coin"},{"floor":12.0,"key":"Ice Cream"},{"floor":24.0,"key":"Akabeko"},{"floor":26.0,"key":"Ancient Tea Set"},{"floor":27.0,"key":"Mercury Hourglass"},{"floor":28.0,"key":"Potion Belt"},{"floor":40.0,"key":"Dream Catcher"},{"floor":42.0,"key":"PreservedInsect"},{"floor":45.0,"key":"Boot"},{"floor":55,"key":"White Beast Statue"}],"event_choices":[{"damage_healed":0.0,"max_hp_gain":0.0,"max_hp_loss":0.0,"gold_gain":0.0,"event_name":"Scrap Ooze","player_choice":"Success","floor":2.0,"gold_loss":0.0,"damage_taken":11.0,"relics_obtained":["Meat on the Bone"]},{"damage_healed":16.0,"max_hp_gain":0.0,"max_hp_loss":0.0,"gold_gain":0.0,"event_name":"The Cleric","player_choice":"Healed","floor":3.0,"gold_loss":35.0,"damage_taken":0.0},{"damage_healed":0.0,"max_hp_gain":0.0,"max_hp_loss":0.0,"gold_gain":0.0,"event_name":"Living Wall","player_choice":"Grow","floor":5.0,"gold_loss":0.0,"damage_taken":0.0,"cards_upgraded":["Deadly Poison"]},{"damage_healed":0.0,"max_hp_gain":0.0,"max_hp_loss":0.0,"gold_gain":0.0,"event_name":"Mushrooms","player_choice":"Fought Mushrooms","floor":8.0,"gold_loss":0.0,"damage_taken":0.0},{"damage_healed":0.0,"max_hp_gain":0.0,"max_hp_loss":0.0,"gold_gain":0.0,"event_name":"Dead Adventurer","player_choice":"Searched \u00271\u0027 times","floor":12.0,"gold_loss":0.0,"damage_taken":0.0},{"damage_healed":0.0,"max_hp_gain":0.0,"max_hp_loss":6.0,"gold_gain":0.0,"event_name":"Golden Idol","player_choice":"Lose Max HP","floor":14.0,"gold_loss":0.0,"damage_taken":0.0,"relics_obtained":["Golden Idol"]},{"damage_healed":0.0,"max_hp_gain":5.0,"max_hp_loss":0.0,"gold_gain":0.0,"event_name":"Forgotten Altar","player_choice":"Shed Blood","floor":20.0,"gold_loss":0.0,"damage_taken":21.0},{"cards_removed":["Deadly Poison"],"damage_healed":0.0,"max_hp_gain":0.0,"max_hp_loss":0.0,"gold_gain":0.0,"event_name":"Back to Basics","player_choice":"Elegance","floor":25.0,"gold_loss":0.0,"damage_taken":0.0},{"damage_healed":0.0,"max_hp_gain":0.0,"max_hp_loss":0.0,"gold_gain":0.0,"event_name":"Beggar","player_choice":"Ignored","floor":30.0,"gold_loss":0.0,"damage_taken":0.0},{"damage_healed":0.0,"max_hp_gain":0.0,"max_hp_loss":0.0,"gold_gain":0.0,"event_name":"Duplicator","player_choice":"Copied","floor":37.0,"gold_loss":0.0,"damage_taken":0.0,"cards_obtained":["Footwork"]}],"is_beta":false,"boss_relics":[{"not_picked":["WristBlade","Ectoplasm"],"picked":"Pandora\u0027s Box"},{"not_picked":["Calling Bell","Busted Crown"],"picked":"Fusion Hammer"}],"items_purged_floors":[22],"is_endless":false,"potions_floor_spawned":[7,16,18,19,27,39,42,45,46,55],"killed_by":"The Heart","ascension_level":20}}