{"host":"95i1gxnztdrdyvhi","time":1608242581,"event":{"mods":["AchievementEnabler","Act Like it!","BaseMod","Downfall","Minty Spire (QoL Compilation)","Quick Restart","StSLib"],"gold_per_floor":[99,99,128,128,128,159,159,175,210,135,26,40,25,45,57,155,155,155,180,180,180,180,197,248,248,98,128,142,52,37,54,65,161,161,161,171,198,207,207,217,285,310,310,343,343,360,360,360,371,371,371,371,371],"floor_reached":52,"playtime":4644,"items_purged":["champ:Strike","champ:Strike"],"score":944,"play_id":"06743a55-ec92-40c8-8bd6-5012c154db96","local_time":"20201217220301","is_ascension_mode":false,"campfire_choices":[{"data":"champ:Taunt","floor":1,"key":"SMITH"},{"data":"champ:Riposte","floor":5,"key":"SMITH"},{"data":"champ:SkillfulDodge","floor":10,"key":"SMITH"},{"data":"champ:Circumvent","floor":18,"key":"SMITH"},{"floor":21,"key":"RECALL"},{"data":"champ:HoldFirm","floor":26,"key":"SMITH"},{"data":"champ:Circumvent","floor":35,"key":"SMITH"},{"data":"champ:DefensiveStyle","floor":39,"key":"SMITH"},{"data":"champ:DeathBlow","floor":43,"key":"SMITH"}],"circlet_count":0,"master_deck":["champ:Strike","champ:Defend+1","champ:Defend","champ:Defend+1","champ:Defend","champ:Execute","champ:Taunt+1","champ:Riposte+1","champ:Circumvent+1","champ:ShieldThrow","champ:SkillfulDodge+1","champ:GutPunch","champ:ShieldWall","champ:Circumvent+1","champ:IronFortress","champ:BringItOn","champ:VampiricStrike","champ:VampiricStrike","champ:HoldFirm+1","Slimebound:CheckThePlaybook","champ:FlashCut","champ:DeathBlow+1","champ:EnGarde+1","champ:DefensiveStyle+1","champ:CalledShot+1","champ:LastStand"],"relics":["champ:ChampionCrown","downfall:HeartsMalice","champ:GladiatorsBookOfMartialProwess","PreservedInsect","Bag of Marbles","sneckomod:BlankCard","downfall:HeartBlessingGreen","Black Star","Boot","Orichalcum","Nilry\u0027s Codex","downfall:HeartBlessingRed","downfall:HeartBlessingBlue","Letter Opener","Meat on the Bone","champ:ChampionCrownUpgraded","champ:DefensiveTrainingManual","HornCleat","champ:FightingForDummies","White Beast Statue","Regal Pillow","Mango","War Paint","StrikeDummy","Question Card"],"acts_visited":["Exordium","TheCity","TheBeyond","TheEnding"],"potions_floor_usage":[46],"damage_taken":[{"damage":0,"enemies":"Small Slimes","floor":2,"turns":1},{"damage":0,"enemies":"Gremlin Nob","floor":3,"turns":1},{"damage":0,"enemies":"3 Sentries","floor":6,"turns":1},{"damage":0,"enemies":"Cultist","floor":8,"turns":3},{"damage":15,"enemies":"Lagavulin","floor":9,"turns":5},{"damage":10,"enemies":"downfall:FleeingMerchant","floor":11,"turns":4},{"damage":0,"enemies":"Jaw Worm","floor":12,"turns":1},{"damage":0,"enemies":"downfall:FleeingMerchant","floor":13,"turns":4},{"damage":9,"enemies":"3 Louse","floor":14,"turns":2},{"damage":0,"enemies":"Exordium Wildlife","floor":15,"turns":2},{"damage":48,"enemies":"downfall:Defect","floor":16,"turns":10},{"damage":52,"enemies":"Book of Stabbing","floor":19,"turns":6},{"damage":3,"enemies":"Spheric Guardian","floor":23,"turns":3},{"damage":31,"enemies":"Slavers","floor":27,"turns":5},{"damage":20,"enemies":"3 Byrds","floor":28,"turns":6},{"damage":13,"enemies":"downfall:FleeingMerchant","floor":29,"turns":4},{"damage":10,"enemies":"downfall:FleeingMerchant","floor":30,"turns":4},{"damage":0,"enemies":"Snake Plant","floor":31,"turns":4},{"damage":3,"enemies":"Chosen and Byrds","floor":32,"turns":7},{"damage":87,"enemies":"downfall:Silent","floor":33,"turns":12},{"damage":56,"enemies":"3 Darklings","floor":36,"turns":5},{"damage":23,"enemies":"Nemesis","floor":37,"turns":6},{"damage":28,"enemies":"downfall:FleeingMerchant","floor":38,"turns":2},{"damage":6,"enemies":"Orb Walker","floor":40,"turns":2},{"damage":44,"enemies":"Giant Head","floor":42,"turns":8},{"damage":95,"enemies":"Reptomancer","floor":44,"turns":6},{"damage":7,"enemies":"Transient","floor":46,"turns":5},{"damage":45,"enemies":"Maw","floor":49,"turns":6},{"damage":80,"enemies":"downfall:Ironclad","floor":50,"turns":15},{"damage":194,"enemies":"downfall:CharBossMerchant","floor":52,"turns":8}],"seed_played":"-2040533038034093766","potions_obtained":[{"floor":3,"key":"sneckomod:MuddlingPotion"},{"floor":6,"key":"Swift Potion"},{"floor":9,"key":"champ:TechniquePotion"},{"floor":16,"key":"Guardian:BlockOnCardUsePotion"},{"floor":46,"key":"Weak Potion"}],"is_trial":false,"path_per_floor":["R","M","E","?","R","E","T","M","E","R","$","M","$","M","M","B",null,"R","E","?","R","?","M","T","?","R","E","M","$","$","M","M","B",null,"R","M","E","$","R","M","T","E","R","E","?","M","?","?","M","B",null,"E"],"character_chosen":"THE_CHAMP","items_purchased":["champ:Circumvent","champ:IronFortress","champ:FightingForDummies","CultistPotion"],"campfire_rested":0,"item_purchase_floors":[11,11,38,38],"current_hp_per_floor":[90,90,90,90,90,90,90,90,80,80,75,75,80,76,81,50,90,90,70,39,39,23,37,37,37,47,51,54,59,79,100,100,100,100,100,100,100,100,100,100,100,98,98,104,104,113,113,113,114,114,114,0,0],"gold":371,"neow_bonus":"THREE_ENEMY_KILL","is_daily":false,"chose_seed":false,"campfire_upgraded":8,"win_rate":0.0,"timestamp":1608242581,"path_taken":["R","M","E","?","R","E","T","M","E","R","?","M","?","M","M","BOSS","R","E","?","R","?","M","T","?","R","E","?","$","$","M","M","BOSS","R","M","E","$","R","M","T","E","R","E","?","M","?","?","M","BOSS","E"],"items_purchased_type":["Card","Card","Relic","Potion"],"build_version":"2020-12-13","purchased_purges":2,"victory":false,"max_hp_per_floor":[90,90,90,90,90,90,90,90,90,90,90,90,90,90,90,90,90,90,90,90,90,90,90,90,90,100,100,100,100,100,100,100,100,100,100,100,100,100,100,100,100,114,114,114,114,114,114,114,114,114,114,114,114],"card_choices":[{"not_picked":["champ:FanOfKnives","champ:Duel"],"picked":"champ:Riposte","floor":2},{"not_picked":["champ:Haymaker","champ:AdrenalArmor"],"picked":"champ:Circumvent","floor":3},{"not_picked":["champ:GladiatorsShout","champ:IronFortress"],"picked":"champ:ShieldThrow","floor":6},{"not_picked":["champ:DefensiveShout","champ:Haymaker"],"picked":"champ:SkillfulDodge","floor":8},{"not_picked":["champ:RapidStrikes","champ:CalledShot"],"picked":"champ:GutPunch","floor":9},{"not_picked":["champ:FlashCut","champ:Circumvent"],"picked":"champ:ShieldWall","floor":11},{"not_picked":["champ:BladeFlurry","champ:DeathBlow"],"picked":"champ:BringItOn","floor":12},{"not_picked":["champ:GutPunch","champ:AdrenalArmor","champ:FanOfKnives"],"picked":"SKIP","floor":13},{"not_picked":["champ:RecklessLeap","champ:BerserkersShout","champ:Riposte"],"picked":"SKIP","floor":14},{"not_picked":["champ:Riposte","champ:Aggression"],"picked":"champ:VampiricStrike","floor":15},{"not_picked":["champ:SwordThrow","champ:Devastate"],"picked":"champ:VampiricStrike","floor":16},{"not_picked":["champ:BerserkersShout","champ:TornadoPunch"],"picked":"champ:HoldFirm","floor":19},{"not_picked":["champ:Duel","champ:SkillfulDodge","champ:FanOfKnives+1"],"picked":"SKIP","floor":23},{"not_picked":["champ:CrookedStrike","champ:HoldFirm","champ:TornadoPunch"],"picked":"SKIP","floor":27},{"not_picked":["champ:FocusedBerserking+1","champ:BladeFlurry"],"picked":"champ:FlashCut","floor":28},{"not_picked":["champ:FocusedGladiator+1","champ:FanOfKnives","champ:PerfectedStrike"],"picked":"SKIP","floor":29},{"not_picked":["champ:Shatter","champ:HeartStrike","champ:BerserkerStyle"],"picked":"SKIP","floor":30},{"not_picked":["champ:TornadoPunch","champ:Encircle","champ:Haymaker"],"picked":"SKIP","floor":31},{"not_picked":["champ:FanOfKnives","champ:StanceDance"],"picked":"champ:DeathBlow","floor":32},{"not_picked":["champ:BringItOn","champ:RisingSlash"],"picked":"champ:EnGarde+1","floor":36},{"not_picked":["champ:FanOfKnives+1","champ:FocusedGladiator+1"],"picked":"champ:DefensiveStyle","floor":37},{"not_picked":["champ:Encircle","champ:BringItOn"],"picked":"champ:CalledShot+1","floor":38},{"not_picked":["champ:BladeFlurry+1","champ:FaceSlap+1","champ:PerfectedStrike+1"],"picked":"SKIP","floor":40},{"not_picked":["champ:PerfectedStrike+1","champ:BerserkersShout+1","champ:CalledShot"],"picked":"SKIP","floor":42},{"not_picked":["champ:Encircle","champ:CrookedStrike","champ:BladeFlurry"],"picked":"SKIP","floor":44},{"not_picked":["champ:Duel","champ:FanOfKnives+1","champ:Backstep+1","champ:GladiatorsShout+1"],"picked":"SKIP","floor":46},{"not_picked":["champ:ArenaPreparation","champ:DefensiveShout+1","champ:FlashCut"],"picked":"champ:LastStand","floor":49}],"player_experience":757315,"relics_obtained":[{"floor":3,"key":"champ:GladiatorsBookOfMartialProwess"},{"floor":6,"key":"PreservedInsect"},{"floor":7,"key":"Bag of Marbles"},{"floor":9,"key":"sneckomod:BlankCard"},{"floor":19,"key":"Boot"},{"floor":19,"key":"Orichalcum"},{"floor":22,"key":"Nilry\u0027s Codex"},{"floor":27,"key":"Letter Opener"},{"floor":27,"key":"Meat on the Bone"},{"floor":37,"key":"champ:DefensiveTrainingManual"},{"floor":37,"key":"HornCleat"},{"floor":41,"key":"White Beast Statue"},{"floor":42,"key":"Regal Pillow"},{"floor":42,"key":"Mango"},{"floor":44,"key":"War Paint"},{"floor":44,"key":"StrikeDummy"},{"floor":45,"key":"Question Card"}],"event_choices":[{"damage_healed":0,"gold_gain":0,"player_choice":"Ignored","damage_taken":0,"max_hp_gain":0,"max_hp_loss":0,"event_name":"NoteForYourself","floor":4,"gold_loss":0},{"damage_healed":0,"gold_gain":0,"player_choice":"Got Potions","damage_taken":0,"max_hp_gain":0,"max_hp_loss":0,"event_name":"Lab","floor":25,"gold_loss":0},{"cards_removed":["champ:Strike"],"damage_healed":0,"gold_gain":0,"player_choice":"Removed Attack","damage_taken":0,"max_hp_gain":0,"max_hp_loss":0,"event_name":"Falling","floor":48,"gold_loss":0}],"is_beta":false,"boss_relics":[{"not_picked":["Snecko Eye","Runic Dome"],"picked":"Black Star"},{"not_picked":["Fusion Hammer","Astrolabe"],"picked":"champ:ChampionCrownUpgraded"}],"items_purged_floors":[29,38],"is_endless":false,"potions_floor_spawned":[3,6,9,14,15,16,27,28,31,32,40,42,44,46,49],"killed_by":"downfall:CharBossMerchant","ascension_level":0}}