{"host":"f0gpob8hq9vgebej","time":1608188476,"event":{"mods":["AchievementEnabler","BaseMod","Googly Eyes","Minty Spire (QoL Compilation)","Quick Restart","SuperFastMode"],"gold_per_floor":[118,136,154,164,114,114,0,16,16,16,19,19,19,29,29,29,29],"floor_reached":16,"playtime":389,"items_purged":["Defend_G"],"score":146,"play_id":"89b1b51a-b0a2-40ff-a7fb-5813595836ed","local_time":"20201217160116","is_ascension_mode":true,"campfire_choices":[{"data":"Crippling Poison","floor":6,"key":"SMITH"},{"data":"Cloak And Dagger","floor":10,"key":"SMITH"},{"data":"Footwork","floor":13,"key":"SMITH"},{"data":"Tactician","floor":15,"key":"SMITH"}],"circlet_count":0,"master_deck":["AscendersBane","Strike_G","Strike_G","Strike_G","Defend_G","Defend_G","Defend_G","Defend_G","Survivor","Neutralize","Flying Knee","Cloak And Dagger+1","Backflip","Crippling Poison+1","Footwork+1","Prepared","Well Laid Plans","Tactician+1"],"relics":["Ring of the Snake","NeowsBlessing","Kunai"],"acts_visited":["Exordium"],"potions_floor_usage":[16,16],"damage_taken":[{"damage":0,"enemies":"Jaw Worm","floor":1,"turns":1},{"damage":0,"enemies":"Small Slimes","floor":2,"turns":1},{"damage":0,"enemies":"2 Louse","floor":3,"turns":1},{"damage":14,"enemies":"Lots of Slimes","floor":4,"turns":6},{"damage":0,"enemies":"Large Slime","floor":8,"turns":7},{"damage":2,"enemies":"Exordium Thugs","floor":11,"turns":4},{"damage":3,"enemies":"2 Fungi Beasts","floor":14,"turns":3},{"damage":53,"enemies":"Slime Boss","floor":16,"turns":16}],"seed_played":"-4541951390802490845","potions_obtained":[{"floor":1,"key":"Regen Potion"},{"floor":3,"key":"Ancient Potion"}],"is_trial":false,"path_per_floor":["M","M","M","M","?","R","$","M","T","R","M","?","R","M","R","B"],"character_chosen":"THE_SILENT","items_purchased":["Footwork"],"campfire_rested":0,"item_purchase_floors":[7],"current_hp_per_floor":[63,63,63,49,49,49,49,49,49,49,47,40,40,37,37,0,0],"gold":29,"neow_bonus":"THREE_ENEMY_KILL","is_daily":false,"chose_seed":false,"campfire_upgraded":4,"win_rate":0.0,"timestamp":1608188476,"path_taken":["M","M","M","M","?","R","$","M","T","R","M","?","R","M","R","BOSS"],"items_purchased_type":["Card"],"build_version":"2020-12-13","purchased_purges":1,"victory":false,"max_hp_per_floor":[70,70,70,70,70,70,70,70,70,70,70,70,70,70,70,70,70],"card_choices":[{"not_picked":["Infinite Blades","Quick Slash"],"picked":"Flying Knee","floor":1},{"not_picked":["All Out Attack","Bane"],"picked":"Cloak And Dagger","floor":2},{"not_picked":["Dagger Spray","Caltrops"],"picked":"Backflip","floor":3},{"not_picked":["Infinite Blades","Storm of Steel"],"picked":"Crippling Poison","floor":4},{"not_picked":["Setup","Footwork"],"picked":"Prepared","floor":8},{"not_picked":["Deflect","Backflip"],"picked":"Well Laid Plans","floor":11},{"not_picked":["Deadly Poison","Leg Sweep"],"picked":"Tactician","floor":14}],"player_experience":170577,"relics_obtained":[{"floor":9,"key":"Kunai"}],"event_choices":[{"cards_removed":["Strike_G"],"damage_healed":0,"gold_gain":0,"player_choice":"Card Removal","damage_taken":0,"max_hp_gain":0,"max_hp_loss":0,"event_name":"The Cleric","floor":5,"gold_loss":50},{"cards_removed":["Strike_G"],"damage_healed":0,"gold_gain":0,"player_choice":"Card Removal","damage_taken":7,"max_hp_gain":0,"max_hp_loss":0,"event_name":"Golden Wing","floor":12,"gold_loss":0}],"is_beta":false,"boss_relics":[],"items_purged_floors":[7],"is_endless":false,"potions_floor_spawned":[1,3,14],"killed_by":"Slime Boss","ascension_level":11}}