{"host":"llpusn9usp8rznkj","time":1608237907,"event":{"mods":["2.2 Compatiblity","BaseMod","Colored Map","Colored Powertips","Conspire","Downfall","Hubris","Minty Spire (QoL Compilation)","Rare Cards Sparkle","Replay The Spire","StSLib","The Cursed"],"gold_per_floor":[118,118,128,128,146,146,176,20,47,67,67,67],"floor_reached":11,"playtime":275,"items_purged":["Decay"],"score":146,"play_id":"f065ed03-f3ff-4a81-b68d-11e48ee28cac","local_time":"20201217154507","is_ascension_mode":true,"campfire_choices":[{"data":"Dualcast","floor":6,"key":"SMITH"}],"circlet_count":0,"master_deck":["AscendersBane","Strike_B","Strike_B","Strike_B","Strike_B","Defend_B","Defend_B","Defend_B","Defend_B","Zap+1","Dualcast+1","Auto Shields","Coolheaded","Hologram","Sunder","FTL","Storm"],"relics":["Cracked Core","NeowsBlessing","Strawberry","ReplayTheSpireMod:Lightbulb"],"acts_visited":["Exordium"],"potions_floor_usage":[7,7],"damage_taken":[{"damage":0,"enemies":"Jaw Worm","floor":1,"turns":1},{"damage":0,"enemies":"2 Louse","floor":3,"turns":1},{"damage":0,"enemies":"Cultist","floor":5,"turns":1},{"damage":48,"enemies":"Gremlin Nob","floor":7,"turns":5},{"damage":0,"enemies":"2 Fungi Beasts","floor":10,"turns":4},{"damage":0,"enemies":"3 Sentries","floor":11,"turns":2}],"seed_played":"-3801011586012851152","potions_obtained":[{"floor":1,"key":"ColorlessPotion"},{"floor":3,"key":"GamblersBrew"},{"floor":10,"key":"SpeedPotion"}],"is_trial":false,"path_per_floor":["M","?","M","?","M","R","E","$","T","M","E"],"character_chosen":"DEFECT","items_purchased":["FTL"],"campfire_rested":0,"item_purchase_floors":[8],"current_hp_per_floor":[64,64,64,64,64,64,23,23,23,23,23,23],"gold":67,"neow_bonus":"THREE_ENEMY_KILL","is_daily":false,"chose_seed":false,"campfire_upgraded":1,"win_rate":0.0,"timestamp":1608237907,"path_taken":["M","?","M","?","M","R","E","$","T","M","E"],"items_purchased_type":["Card"],"build_version":"2020-12-13","purchased_purges":1,"victory":false,"max_hp_per_floor":[71,71,71,71,71,71,78,78,78,78,78,78],"card_choices":[{"not_picked":["Panic Button","Double Energy"],"picked":"Auto Shields","floor":1},{"not_picked":["Rebound","Beam Cell"],"picked":"Coolheaded","floor":3},{"not_picked":["Streamline","Fusion"],"picked":"Hologram","floor":5},{"not_picked":["Beam Cell","Doom and Gloom"],"picked":"Sunder","floor":7},{"not_picked":["Tempest","Leap"],"picked":"Storm","floor":10}],"player_experience":1072887,"relics_obtained":[{"floor":7,"key":"Strawberry"},{"floor":9,"key":"ReplayTheSpireMod:Lightbulb"}],"event_choices":[{"damage_healed":0,"gold_gain":0,"player_choice":"Grow","damage_taken":0,"max_hp_gain":0,"max_hp_loss":0,"event_name":"Living Wall","floor":2,"gold_loss":0,"cards_upgraded":["Zap"]},{"damage_healed":0,"gold_gain":0,"player_choice":"Cursed","damage_taken":0,"max_hp_gain":0,"max_hp_loss":0,"event_name":"Wheel of Change","floor":4,"gold_loss":0,"cards_obtained":["Decay"]}],"is_beta":false,"boss_relics":[],"items_purged_floors":[8],"is_endless":false,"potions_floor_spawned":[1,3,10],"killed_by":"3 Sentries","ascension_level":20}}