{"host":"1hv1kueuvc4r3rdp","time":1608177573,"event":{"mods":["AchievementEnabler","BaseMod","DeckTracker","Highlight Path","Minty Spire (QoL Compilation)","Permanent Neow","StSLib"],"gold_per_floor":[115,130,7,22,35,35,69,69,69,69,83,98,131,131,131,233,233,217,228,228,228],"floor_reached":20,"playtime":1321,"items_purged":["Normality"],"score":233,"play_id":"7778aea2-7436-4ef5-bc1a-af1b048ed274","local_time":"20201216215933","is_ascension_mode":true,"campfire_choices":[{"data":"Tempest","floor":6,"key":"SMITH"},{"floor":10,"key":"REST"},{"data":"Lockon","floor":15,"key":"SMITH"}],"circlet_count":0,"master_deck":["Strike_B","Strike_B","Strike_B","Strike_B","Defend_B","Defend_B","Defend_B","Defend_B","Zap","Dualcast","Auto Shields+1","Lockon+1","Tempest+1","Reinforced Body","Thunder Strike","Coolheaded","Aggregate+1"],"relics":["Cracked Core","StoneCalendar","Ornamental Fan","CaptainsWheel","Dead Branch","Emotion Chip","SlaversCollar"],"acts_visited":["Exordium","TheCity"],"potions_floor_usage":[5,13,16,18,20],"damage_taken":[{"damage":0,"enemies":"2 Louse","floor":1,"turns":2},{"damage":0,"enemies":"Cultist","floor":2,"turns":4},{"damage":1,"enemies":"Small Slimes","floor":4,"turns":3},{"damage":33,"enemies":"Exordium Thugs","floor":5,"turns":4},{"damage":19,"enemies":"Lagavulin","floor":7,"turns":6},{"damage":0,"enemies":"2 Fungi Beasts","floor":11,"turns":3},{"damage":0,"enemies":"Looter","floor":12,"turns":3},{"damage":10,"enemies":"3 Sentries","floor":13,"turns":4},{"damage":15,"enemies":"Hexaghost","floor":16,"turns":7},{"damage":20,"enemies":"2 Thieves","floor":18,"turns":4},{"damage":19,"enemies":"Shell Parasite","floor":19,"turns":6},{"damage":22,"enemies":"Sentry and Sphere","floor":20,"turns":6}],"seed_played":"-1248256854078501402","potions_obtained":[{"floor":2,"key":"Explosive Potion"},{"floor":4,"key":"AttackPotion"},{"floor":11,"key":"FocusPotion"},{"floor":19,"key":"SkillPotion"}],"is_trial":false,"path_per_floor":["M","M","$","M","M","R","E","?","T","R","M","M","E","T","R","B",null,"M","M","M"],"character_chosen":"DEFECT","items_purchased":["AttackPotion"],"campfire_rested":1,"item_purchase_floors":[3],"current_hp_per_floor":[75,75,75,74,41,41,22,22,22,44,44,44,34,34,34,19,61,41,22,0,0],"gold":228,"neow_bonus":"ONE_RARE_RELIC","is_daily":false,"chose_seed":false,"campfire_upgraded":2,"win_rate":0.0,"timestamp":1608177573,"path_taken":["M","M","$","M","M","R","E","?","T","R","M","?","E","?","R","BOSS","M","M","M"],"items_purchased_type":["Potion"],"build_version":"2020-12-13","purchased_purges":1,"victory":false,"max_hp_per_floor":[75,75,75,75,75,75,75,75,75,75,75,75,75,75,75,75,75,75,75,75,75],"card_choices":[{"not_picked":["Recycle","Stack"],"picked":"Auto Shields","floor":1},{"not_picked":["Gash","Go for the Eyes","Heatsinks"],"picked":"SKIP","floor":2},{"not_picked":["Reprogram","Coolheaded"],"picked":"Lockon","floor":4},{"not_picked":["Hologram","Cold Snap"],"picked":"Tempest","floor":5},{"not_picked":["Redo","Recycle","Hologram"],"picked":"SKIP","floor":7},{"not_picked":["Chill","Conserve Battery"],"picked":"Reinforced Body","floor":11},{"not_picked":["Steam","Gash","Rebound"],"picked":"SKIP","floor":12},{"not_picked":["Redo","Steam","Self Repair"],"picked":"SKIP","floor":13},{"not_picked":["Creative AI","Multi-Cast"],"picked":"Thunder Strike","floor":16},{"not_picked":["Conserve Battery","Hologram+1"],"picked":"Coolheaded","floor":18},{"not_picked":["Tempest+1","Sweeping Beam"],"picked":"Aggregate+1","floor":19}],"player_experience":1036121,"relics_obtained":[{"floor":7,"key":"Ornamental Fan"},{"floor":9,"key":"CaptainsWheel"},{"floor":13,"key":"Dead Branch"},{"floor":14,"key":"Emotion Chip"}],"event_choices":[{"damage_healed":0,"gold_gain":0,"player_choice":"Forge","damage_taken":0,"max_hp_gain":0,"max_hp_loss":0,"event_name":"Accursed Blacksmith","floor":8,"gold_loss":0,"cards_upgraded":["Auto Shields"]}],"is_beta":false,"boss_relics":[{"not_picked":["Philosopher\u0027s Stone","Fusion Hammer"],"picked":"SlaversCollar"}],"items_purged_floors":[3],"is_endless":false,"potions_floor_spawned":[2,4,11,12,19],"killed_by":"Sentry and Sphere","ascension_level":5}}