{"host":"69rply1jf2d1wbmp","time":1608247088,"event":{"mods":["BaseMod","Minty Spire (QoL Compilation)","Quick Restart"],"gold_per_floor":[114,126,126,145,145,145,110,110,180,195,224,234,56,84,84,184,184,200,200,228,127,147,47,76,93,93,118,118,144,144,162,162,257,257,270,75,75,6,21,53,65,65,91,141,141,141,176,190,190,190,190,190,16,42,42,42],"floor_reached":55,"playtime":2283,"items_purged":["Strike_G","Strike_G","Strike_G","Strike_G"],"score":843,"play_id":"2346e14c-4750-459c-b636-778a792b5d46","local_time":"20201217181808","is_ascension_mode":false,"campfire_choices":[{"floor":6,"key":"REST"},{"data":"Noxious Fumes","floor":8,"key":"SMITH"},{"floor":15,"key":"REST"},{"data":"Terror","floor":28,"key":"SMITH"},{"data":"Blade Dance","floor":30,"key":"SMITH"},{"data":"Catalyst","floor":32,"key":"SMITH"},{"data":"Noxious Fumes","floor":42,"key":"SMITH"},{"floor":45,"key":"REST"},{"floor":49,"key":"RECALL"},{"data":"Bouncing Flask","floor":52,"key":"SMITH"}],"circlet_count":0,"master_deck":["Strike_G","Defend_G","Defend_G","Defend_G","Defend_G","Defend_G","Survivor","Neutralize","All Out Attack","Accuracy","Noxious Fumes+1","Bouncing Flask+1","Blade Dance+1","Infinite Blades","Deadly Poison","Backflip","Adrenaline","CurseOfTheBell","Terror+1","Shame","Deflect","Accuracy","Catalyst+1","Caltrops+1","Deflect","Cloak And Dagger+1","Burst","Escape Plan+1","Phantasmal Killer","Noxious Fumes+1","Blade Dance+1","Deflect+1","After Image","Footwork","Bane+1","Choke+1"],"relics":["Ring of the Serpent","Oddly Smooth Stone","Turnip","Molten Egg 2","Darkstone Periapt","Lantern","Vajra","Calling Bell","Nunchaku","Meat on the Bone","Mango","Eternal Feather","Red Mask","Happy Flower","Smiling Mask","Calipers","Bronze Scales","Blood Vial","TungstenRod","Incense Burner","Ninja Scroll","Tingsha"],"acts_visited":["Exordium","TheCity","TheBeyond","TheEnding"],"potions_floor_usage":[12,14,14,20,27,27,39,40,46,50,50,50],"damage_taken":[{"damage":0,"enemies":"Cultist","floor":1,"turns":5},{"damage":8,"enemies":"Jaw Worm","floor":2,"turns":5},{"damage":0,"enemies":"2 Louse","floor":4,"turns":2},{"damage":0,"enemies":"Looter","floor":10,"turns":4},{"damage":27,"enemies":"3 Sentries","floor":11,"turns":7},{"damage":0,"enemies":"Large Slime","floor":12,"turns":4},{"damage":25,"enemies":"Lagavulin","floor":14,"turns":5},{"damage":3,"enemies":"Slime Boss","floor":16,"turns":8},{"damage":14,"enemies":"2 Thieves","floor":18,"turns":4},{"damage":7,"enemies":"Masked Bandits","floor":20,"turns":4},{"damage":0,"enemies":"Chosen","floor":22,"turns":4},{"damage":21,"enemies":"Book of Stabbing","floor":24,"turns":4},{"damage":7,"enemies":"Snake Plant","floor":25,"turns":4},{"damage":14,"enemies":"Gremlin Leader","floor":27,"turns":7},{"damage":25,"enemies":"Book of Stabbing","floor":29,"turns":5},{"damage":7,"enemies":"3 Cultists","floor":31,"turns":4},{"damage":73,"enemies":"Automaton","floor":33,"turns":7},{"damage":13,"enemies":"3 Darklings","floor":35,"turns":4},{"damage":2,"enemies":"Orb Walker","floor":39,"turns":3},{"damage":31,"enemies":"Reptomancer","floor":40,"turns":4},{"damage":0,"enemies":"4 Shapes","floor":41,"turns":4},{"damage":71,"enemies":"2 Orb Walkers","floor":44,"turns":6},{"damage":0,"enemies":"Transient","floor":46,"turns":1},{"damage":0,"enemies":"Giant Head","floor":47,"turns":6},{"damage":5,"enemies":"Jaw Worm Horde","floor":48,"turns":4},{"damage":51,"enemies":"Donu and Deca","floor":50,"turns":7},{"damage":77,"enemies":"Shield and Spear","floor":54,"turns":6},{"damage":61,"enemies":"The Heart","floor":55,"turns":3}],"seed_played":"-3000314078152892633","potions_obtained":[{"floor":1,"key":"Block Potion"},{"floor":4,"key":"Dexterity Potion"},{"floor":11,"key":"CultistPotion"},{"floor":16,"key":"BlessingOfTheForge"},{"floor":20,"key":"GamblersBrew"},{"floor":25,"key":"Weak Potion"},{"floor":27,"key":"BlessingOfTheForge"},{"floor":31,"key":"SmokeBomb"},{"floor":33,"key":"Block Potion"},{"floor":39,"key":"LiquidMemories"},{"floor":47,"key":"AttackPotion"},{"floor":48,"key":"Regen Potion"}],"is_trial":false,"path_per_floor":["M","M","?","M","T","R","?","R","T","M","E","M","$","E","R","B",null,"M","?","?","$","M","$","E","M","T","E","R","E","R","M","R","B",null,"M","$","?","$","M","E","M","R","T","?","R","M","E","M","R","B",null,"R","$","E","B"],"character_chosen":"THE_SILENT","items_purchased":["Infinite Blades","Deadly Poison","Deflect","Accuracy","Blood Vial","Noxious Fumes","Footwork","Bane+1"],"campfire_rested":3,"item_purchase_floors":[13,13,21,21,36,38,53,53],"current_hp_per_floor":[70,62,29,29,29,50,67,67,67,67,40,40,40,15,36,33,90,76,82,75,75,75,75,54,59,59,57,72,59,74,67,82,21,96,83,83,83,83,83,54,56,74,74,17,63,65,67,64,82,60,96,96,96,31,0,0],"gold":42,"neow_bonus":"RANDOM_COMMON_RELIC","is_daily":false,"chose_seed":false,"campfire_upgraded":6,"win_rate":0.0,"timestamp":1608247088,"path_taken":["M","M","?","M","?","R","?","R","T","M","E","M","$","E","R","BOSS","M","?","?","$","M","$","E","M","T","E","R","E","R","M","R","BOSS","M","$","?","?","?","E","?","R","T","?","R","M","E","M","R","BOSS","R","$","E","BOSS"],"items_purchased_type":["Card","Card","Card","Card","Relic","Card","Card","Card"],"build_version":"2020-12-13","purchased_purges":4,"victory":false,"max_hp_per_floor":[70,70,70,70,70,70,70,70,70,70,70,70,70,70,70,70,90,90,96,96,96,96,96,96,96,96,96,96,96,96,96,96,96,96,96,96,96,96,96,96,96,96,96,96,96,96,96,96,96,96,96,96,96,96,96,96],"card_choices":[{"not_picked":["Catalyst","Flying Knee"],"picked":"All Out Attack","floor":1},{"not_picked":["Dash","Flying Knee"],"picked":"Accuracy","floor":2},{"not_picked":["Quick Slash","Concentrate"],"picked":"Noxious Fumes","floor":4},{"not_picked":["Flying Knee+1","All Out Attack+1"],"picked":"Bouncing Flask","floor":10},{"not_picked":["Burst","Sucker Punch+1","Predator+1"],"picked":"SKIP","floor":11},{"not_picked":["Deflect","Prepared"],"picked":"Blade Dance","floor":12},{"not_picked":["Dodge and Roll","Masterful Stab+1"],"picked":"Backflip","floor":14},{"not_picked":["Malaise","Venomology"],"picked":"Adrenaline","floor":16},{"not_picked":["Dash+1","Cloak And Dagger"],"picked":"Terror","floor":18},{"not_picked":["PiercingWail+1","Dash+1"],"picked":"Catalyst","floor":22},{"not_picked":["Underhanded Strike+1","Crippling Poison"],"picked":"Caltrops+1","floor":24},{"not_picked":["Dagger Spray+1","Prepared"],"picked":"Deflect","floor":25},{"not_picked":["Dodge and Roll","Dagger Spray+1"],"picked":"Cloak And Dagger+1","floor":27},{"not_picked":["Acrobatics","All Out Attack+1","Dagger Spray+1"],"picked":"SKIP","floor":29},{"not_picked":["Cloak And Dagger","Backflip"],"picked":"Burst","floor":31},{"not_picked":["Backflip","Bouncing Flask"],"picked":"Escape Plan+1","floor":35},{"not_picked":["Riddle With Holes+1","Quick Slash+1"],"picked":"Blade Dance+1","floor":39},{"not_picked":["Heel Hook+1","Predator+1"],"picked":"Deflect+1","floor":40},{"not_picked":["Tactician+1","Cloak And Dagger+1","Dagger Throw+1"],"picked":"SKIP","floor":41},{"not_picked":["Quick Slash+1","Bane+1"],"picked":"After Image","floor":47},{"not_picked":["Riddle With Holes+1","Deflect","Dodge and Roll"],"picked":"SKIP","floor":48},{"not_picked":["Slice+1","Choke+1","Flechettes+1"],"picked":"SKIP","floor":54},{"not_picked":["Slice+1","Flechettes+1"],"picked":"Choke+1","floor":54}],"player_experience":351278,"relics_obtained":[{"floor":5,"key":"Molten Egg 2"},{"floor":9,"key":"Darkstone Periapt"},{"floor":11,"key":"Lantern"},{"floor":14,"key":"Vajra"},{"floor":17,"key":"Nunchaku"},{"floor":17,"key":"Meat on the Bone"},{"floor":17,"key":"Mango"},{"floor":20,"key":"Red Mask"},{"floor":24,"key":"Happy Flower"},{"floor":26,"key":"Smiling Mask"},{"floor":27,"key":"Calipers"},{"floor":29,"key":"Bronze Scales"},{"floor":40,"key":"TungstenRod"},{"floor":44,"key":"Incense Burner"},{"floor":47,"key":"Ninja Scroll"},{"floor":54,"key":"Tingsha"}],"event_choices":[{"damage_healed":0,"gold_gain":0,"player_choice":"Success","damage_taken":33,"relics_obtained":["Turnip"],"max_hp_gain":0,"max_hp_loss":0,"event_name":"Scrap Ooze","floor":3,"gold_loss":0},{"damage_healed":17,"gold_gain":0,"player_choice":"Healed","damage_taken":0,"max_hp_gain":0,"max_hp_loss":0,"event_name":"The Cleric","floor":7,"gold_loss":35},{"damage_healed":0,"gold_gain":0,"player_choice":"Stole Relic","damage_taken":0,"relics_obtained":["Eternal Feather"],"max_hp_gain":0,"max_hp_loss":0,"event_name":"Addict","floor":19,"gold_loss":0,"cards_obtained":["Shame"]},{"damage_healed":0,"gold_gain":0,"player_choice":"Fought Bandits","damage_taken":0,"max_hp_gain":0,"max_hp_loss":0,"event_name":"Masked Bandits","floor":20,"gold_loss":0},{"damage_healed":0,"gold_gain":0,"player_choice":"1 cards matched","damage_taken":0,"max_hp_gain":0,"max_hp_loss":0,"event_name":"Match and Keep!","floor":37,"gold_loss":0,"cards_obtained":["Phantasmal Killer"]},{"damage_healed":0,"gold_gain":0,"player_choice":"Fight","damage_taken":0,"max_hp_gain":0,"max_hp_loss":0,"event_name":"Mysterious Sphere","floor":44,"gold_loss":0}],"is_beta":false,"boss_relics":[{"not_picked":["Velvet Choker","SacredBark"],"picked":"Calling Bell"},{"not_picked":["Pandora\u0027s Box","Sozu"],"picked":"Ring of the Serpent"}],"items_purged_floors":[13,23,36,53],"is_endless":false,"potions_floor_spawned":[1,4,11,16,20,25,27,31,33,35,39,47,48],"killed_by":"The Heart","ascension_level":0}}