{"host":"drkpql2ocxl3f5d4","time":1608221044,"event":{"mods":["Act Like it!","Ascension Reborn","Aspiration","BaseMod","Challenge The Spire","Colored Map","Conspire","Downfall","Energized Spire","Friendly Minions","Googly Eyes","Halation","Hubris","Infinite Spire","Jedi Mod","Minty Spire (QoL Compilation)","READ ME - Guardian Mod","Replay The Spire","Spikes Relics","StSLib","The Construct","vexMod"],"gold_per_floor":[99,99,99,99,125,142,167,196,216,249,249,249,249,50,68,171,171,96,96,111,130,130,130,177,102,117,117],"floor_reached":26,"playtime":1338,"items_purged":[],"score":245,"play_id":"8213c63e-f253-4407-a20d-67c4e1b88af2","local_time":"20201217170404","is_ascension_mode":false,"campfire_choices":[{"data":"hexamod:Float","floor":1,"key":"SMITH"},{"data":"hexamod:EtherealExpedition","floor":4,"key":"SMITH"},{"data":"hexamod:HeatShield","floor":18,"key":"SMITH"},{"floor":23,"key":"RECALL"},{"data":"hexamod:BurningTouch","floor":25,"key":"SMITH"}],"circlet_count":0,"master_deck":["hexamod:Strike","hexamod:Strike","hexamod:Strike","hexamod:Strike+1","hexamod:Defend","hexamod:Defend+1","hexamod:Defend","hexamod:Defend","hexamod:Sear","hexamod:Float+1","hexamod:AdvancingGuard","hexamod:EtherealExpedition+1","hexamod:RadiantFlame+1","hexamod:HeatShield+1","hexamod:HauntingEcho+1","hexamod:PowerFromBeyond","Regret","Normality","hexamod:BurningTouch+1","expansioncontent:Chronoboost+1","hexamod:NightmareGuise","hexamod:FastForward","hexamod:BurningTouch+1","hexamod:StepThrough+1"],"relics":["hexamod:SpiritBrand","downfall:HeartsMalice","Frozen Egg 2","aspiration:FetidBarrel","aspiration:FrozenJewel","ReplayTheSpireMod:Ring of Challenge","Ring of Fury","Snecko Heart","downfall:HeartBlessingGreen","downfall:RedIOU","Lantern","downfall:HeartBlessingRed"],"acts_visited":["Exordium","TheCity"],"potions_floor_usage":[8,16,16,16],"damage_taken":[{"damage":0,"enemies":"Jaw Worm","floor":2,"turns":1},{"damage":0,"enemies":"Small Slimes","floor":3,"turns":1},{"damage":0,"enemies":"3 Sentries","floor":5,"turns":1},{"damage":0,"enemies":"2 Louse","floor":6,"turns":2},{"damage":23,"enemies":"Lagavulin","floor":8,"turns":8},{"damage":0,"enemies":"3 Louse","floor":9,"turns":4},{"damage":5,"enemies":"Replay:BlueRogue","floor":10,"turns":7},{"damage":2,"enemies":"downfall:FleeingMerchant","floor":14,"turns":4},{"damage":2,"enemies":"Red Slaver","floor":15,"turns":5},{"damage":26,"enemies":"downfall:Defect","floor":16,"turns":6},{"damage":1,"enemies":"Spheric Guardian","floor":20,"turns":4},{"damage":13,"enemies":"3 Byrds","floor":21,"turns":6},{"damage":57,"enemies":"Book of Stabbing","floor":26,"turns":6}],"seed_played":"-4790460966740759456","potions_obtained":[{"floor":5,"key":"sneckomod:MuddlingPotion"},{"floor":6,"key":"Adrenaline Potion"},{"floor":9,"key":"Weak Potion"},{"floor":10,"key":"FearPotion"},{"floor":20,"key":"FearPotion"},{"floor":21,"key":"CultistPotion"}],"is_trial":false,"path_per_floor":["R","M","M","R","E","M","T","E","M","E","?","?","?","$","M","B",null,"R","?","M","M","?","R","T","R","E"],"character_chosen":"THE_SPIRIT","items_purchased":["expansioncontent:Chronoboost+1","hexamod:NightmareGuise","hexamod:FastForward"],"campfire_rested":0,"item_purchase_floors":[14,14,14],"current_hp_per_floor":[70,70,70,70,70,70,70,47,47,42,42,42,49,47,45,19,70,70,70,69,56,56,56,56,56,0,0],"gold":117,"neow_bonus":"THREE_ENEMY_KILL","is_daily":false,"chose_seed":false,"campfire_upgraded":4,"win_rate":0.0,"timestamp":1608221044,"path_taken":["R","M","M","R","E","M","T","E","M","E","?","?","?","?","M","BOSS","R","?","M","M","?","R","T","R","E"],"items_purchased_type":["Card","Card","Card"],"build_version":"2020-12-13","purchased_purges":0,"victory":false,"max_hp_per_floor":[70,70,70,70,70,70,70,70,70,70,70,70,70,70,70,70,70,70,70,70,70,70,70,70,70,70,70],"card_choices":[{"not_picked":["hexamod:HeatShield","hexamod:SpectralAdrenaline"],"picked":"hexamod:AdvancingGuard","floor":2},{"not_picked":["hexamod:Hexaguard","hexamod:FirstSeal"],"picked":"hexamod:EtherealExpedition","floor":3},{"not_picked":["hexamod:ThermalTransfer","hexamod:TurnItUp","hexamod:SoulSteal"],"picked":"SKIP","floor":5},{"not_picked":["hexamod:NightmareGuise","hexamod:FastForward"],"picked":"hexamod:RadiantFlame+1","floor":6},{"not_picked":["hexamod:GhostLash","hexamod:HeatMetal"],"picked":"hexamod:HeatShield","floor":8},{"not_picked":["hexamod:NightmareStrike","hexamod:GhostShield"],"picked":"hexamod:HauntingEcho","floor":9},{"not_picked":["hexamod:Firestarter","hexamod:SearingWound"],"picked":"hexamod:PowerFromBeyond","floor":10},{"not_picked":["hexamod:AdvancingGuard","hexamod:BacktrackSmack"],"picked":"hexamod:BurningTouch","floor":14},{"not_picked":["hexamod:GhostOfSpirePast+1","hexamod:ShieldOfDarkness","hexamod:BurningTouch"],"picked":"SKIP","floor":15},{"not_picked":["hexamod:GhostShield","hexamod:ShieldOfDarkness"],"picked":"hexamod:BurningTouch+1","floor":20},{"not_picked":["hexamod:ThirdSeal","hexamod:GhostLash"],"picked":"hexamod:StepThrough+1","floor":21}],"player_experience":709070,"relics_obtained":[{"floor":5,"key":"Frozen Egg 2"},{"floor":7,"key":"Juzu Bracelet"},{"floor":8,"key":"aspiration:FetidBarrel"},{"floor":10,"key":"aspiration:FrozenJewel"},{"floor":12,"key":"ReplayTheSpireMod:Ring of Challenge"},{"floor":12,"key":"Ring of Fury"},{"floor":24,"key":"Lantern"}],"event_choices":[],"is_beta":false,"boss_relics":[{"not_picked":["ReplayTheSpireMod:SealedPack","energizedSpire:CursedPentagram"],"picked":"Snecko Heart"}],"items_purged_floors":[],"is_endless":false,"potions_floor_spawned":[5,6,9,10,20,21],"killed_by":"Book of Stabbing","ascension_level":0}}