{"host":"2n2g1vowfllvjtvi","time":1608202077,"event":{"mods":["AchievementEnabler","BaseMod","Custom Start","GifTheSpireLib","Keyboard Shortcuts","Minty Spire (QoL Compilation)","Quick Restart","Rare Cards Sparkle","StSLib","SuperFastMode"],"gold_per_floor":[114,114,1,1,16,16,57,57,57,396,321,341,357,357,357],"floor_reached":14,"playtime":199,"items_purged":["Strike_G"],"score":215,"play_id":"57e1a894-3501-4bdd-875d-5ec8263c2150","local_time":"20201217194757","is_ascension_mode":true,"campfire_choices":[{"data":"Poisoned Stab","floor":6,"key":"SMITH"},{"data":"Bouncing Flask","floor":8,"key":"SMITH"}],"circlet_count":0,"master_deck":["AscendersBane","Strike_G","Strike_G","Strike_G","Defend_G","Defend_G","Defend_G","Defend_G","Defend_G","Survivor","Neutralize","Prepared","Tactician","Poisoned Stab+1","Bouncing Flask+1","Catalyst","Calculated Gamble"],"relics":["Ring of the Snake","NeowsBlessing","Golden Idol","InkBottle","Torii","Old Coin"],"acts_visited":["Exordium"],"potions_floor_usage":[13],"damage_taken":[{"damage":0,"enemies":"Small Slimes","floor":1,"turns":1},{"damage":0,"enemies":"2 Louse","floor":5,"turns":1},{"damage":0,"enemies":"Gremlin Nob","floor":7,"turns":1},{"damage":25,"enemies":"Lagavulin","floor":10,"turns":6},{"damage":1,"enemies":"Cultist","floor":12,"turns":4},{"damage":12,"enemies":"Exordium Wildlife","floor":13,"turns":8},{"damage":0,"enemies":"3 Sentries","floor":14,"turns":1}],"seed_played":"-1977821606225246324","potions_obtained":[{"floor":10,"key":"Weak Potion"},{"floor":13,"key":"CunningPotion"}],"is_trial":false,"path_per_floor":["M","?","$","?","M","R","E","R","T","E","?","M","M","E"],"character_chosen":"THE_SILENT","items_purchased":["Tactician"],"campfire_rested":0,"item_purchase_floors":[3],"current_hp_per_floor":[59,36,36,41,41,41,41,41,41,16,16,15,3,3,3],"gold":357,"neow_bonus":"THREE_ENEMY_KILL","is_daily":false,"chose_seed":false,"campfire_upgraded":2,"win_rate":0.0,"timestamp":1608202077,"path_taken":["M","?","$","?","M","R","E","R","T","E","?","M","M","E"],"items_purchased_type":["Card"],"build_version":"2020-12-13","purchased_purges":1,"victory":false,"max_hp_per_floor":[66,66,66,71,71,71,71,71,71,71,71,71,71,71,71],"card_choices":[{"not_picked":["Sucker Punch","Blade Dance"],"picked":"Prepared","floor":1},{"not_picked":["Outmaneuver","Leg Sweep"],"picked":"Poisoned Stab","floor":5},{"not_picked":["Acrobatics","Doppelganger"],"picked":"Bouncing Flask","floor":7},{"not_picked":["Storm of Steel","PiercingWail","Caltrops"],"picked":"SKIP","floor":10},{"not_picked":["Deflect","Flying Knee"],"picked":"Catalyst","floor":12},{"not_picked":["Poisoned Stab","Flechettes"],"picked":"Calculated Gamble","floor":13}],"player_experience":427451,"relics_obtained":[{"floor":7,"key":"InkBottle"},{"floor":9,"key":"Torii"},{"floor":10,"key":"Old Coin"}],"event_choices":[{"damage_healed":0,"gold_gain":0,"player_choice":"Take Damage","damage_taken":23,"relics_obtained":["Golden Idol"],"max_hp_gain":0,"max_hp_loss":0,"event_name":"Golden Idol","floor":2,"gold_loss":0},{"damage_healed":0,"gold_gain":0,"player_choice":"Donut","damage_taken":0,"max_hp_gain":5,"max_hp_loss":0,"event_name":"Big Fish","floor":4,"gold_loss":0},{"cards_removed":["Strike_G"],"damage_healed":0,"gold_gain":0,"player_choice":"Card Removal","damage_taken":0,"max_hp_gain":0,"max_hp_loss":0,"event_name":"The Cleric","floor":11,"gold_loss":75}],"is_beta":false,"boss_relics":[],"items_purged_floors":[3],"is_endless":false,"potions_floor_spawned":[10,13],"killed_by":"3 Sentries","ascension_level":15}}