{"host":"g76rhe4j5kh9hdf9","time":1608243436,"event":{"mods":["Act Like it!","BaseMod","Better Third Choice","GifTheSpireLib","Minty Spire (QoL Compilation)","Relic Stats","Robot Space Explorer","Spicy Shops","StSLib"],"gold_per_floor":[116,116,126,50,50,75,75,110,191,208,208,238,257,276,276,372,372,383,383,399,246,265,265,265,290,316,346,372,372,46,79,79,177,177,191,66,82,82,82,82,113,130,153,183,195,195,222,272,272,272,272,272,20,53,53],"floor_reached":56,"playtime":2809,"items_purged":["RobotSpaceExplorer:Strike","Writhe","RobotSpaceExplorer:Strike","RobotSpaceExplorer:Strike"],"score":1542,"play_id":"c2df08f9-5ed4-4bf2-9856-862cdb62429a","local_time":"20201217141716","is_ascension_mode":true,"campfire_choices":[{"data":"RobotSpaceExplorer:Comet","floor":7,"key":"SMITH"},{"data":"RobotSpaceExplorer:IronShell","floor":11,"key":"SMITH"},{"data":"RobotSpaceExplorer:Comet","floor":15,"key":"SMITH"},{"data":"RobotSpaceExplorer:ShockMissile","floor":23,"key":"SMITH"},{"data":"RobotSpaceExplorer:FranticSearch","floor":32,"key":"SMITH"},{"floor":40,"key":"RECALL"},{"data":"Madness","floor":49,"key":"SMITH"},{"data":"Madness","floor":52,"key":"SMITH"}],"circlet_count":0,"master_deck":["RobotSpaceExplorer:Defend","RobotSpaceExplorer:Defend","RobotSpaceExplorer:Defend","RobotSpaceExplorer:Scan+1","RobotSpaceExplorer:MiniLasers+1","RobotSpaceExplorer:ShovelStrike","RobotSpaceExplorer:Comet+1","RobotSpaceExplorer:JunkDive","RobotSpaceExplorer:IronShell+1","RobotSpaceExplorer:Comet+1","RobotSpaceExplorer:FranticSearch+1","RobotSpaceExplorer:Pulsar+1","RobotSpaceExplorer:JunkDive","RobotSpaceExplorer:Arsenal","CurseOfTheBell","Madness+1","Madness+1","RobotSpaceExplorer:BlastShield","RobotSpaceExplorer:Pulsar+1"],"relics":["RobotSpaceExplorer:RoboCore","NeowsBlessing","Pen Nib","Turnip","Sundial","Matryoshka","Sozu","Lantern","Pantograph","Oddly Smooth Stone","PreservedInsect","Art of War","HornCleat","Mummified Hand","Ancient Tea Set","Nilry\u0027s Codex","OrangePellets","Potion Belt","Blue Candle","Calling Bell","Kunai","Dream Catcher","CaptainsWheel","Omamori","Toy Ornithopter","Bag of Preparation","Pocketwatch","RobotSpaceExplorer:PlasmaHourglass","Bronze Scales"],"acts_visited":["Exordium","TheCity","TheBeyond","TheEnding"],"potions_floor_usage":[16,54,55],"damage_taken":[{"damage":0,"enemies":"2 Louse","floor":1,"turns":1},{"damage":0,"enemies":"Cultist","floor":3,"turns":1},{"damage":0,"enemies":"3 Sentries","floor":6,"turns":1},{"damage":16,"enemies":"Lagavulin","floor":8,"turns":6},{"damage":0,"enemies":"Jaw Worm","floor":10,"turns":3},{"damage":0,"enemies":"Gremlin Nob","floor":12,"turns":4},{"damage":0,"enemies":"2 Fungi Beasts","floor":13,"turns":1},{"damage":0,"enemies":"Looter","floor":14,"turns":3},{"damage":11,"enemies":"The Guardian","floor":16,"turns":6},{"damage":0,"enemies":"Spheric Guardian","floor":18,"turns":2},{"damage":0,"enemies":"3 Byrds","floor":20,"turns":2},{"damage":8,"enemies":"Snake Plant","floor":22,"turns":2},{"damage":11,"enemies":"Slavers","floor":25,"turns":3},{"damage":2,"enemies":"Book of Stabbing","floor":27,"turns":4},{"damage":0,"enemies":"Gremlin Leader","floor":31,"turns":4},{"damage":0,"enemies":"Collector","floor":33,"turns":4},{"damage":0,"enemies":"3 Darklings","floor":35,"turns":3},{"damage":0,"enemies":"3 Shapes","floor":37,"turns":3},{"damage":0,"enemies":"Giant Head","floor":41,"turns":6},{"damage":0,"enemies":"Transient","floor":42,"turns":5},{"damage":8,"enemies":"Nemesis","floor":44,"turns":5},{"damage":3,"enemies":"Jaw Worm Horde","floor":45,"turns":4},{"damage":1,"enemies":"Giant Head","floor":47,"turns":6},{"damage":0,"enemies":"Mind Bloom Boss Battle","floor":48,"turns":6},{"damage":10,"enemies":"Donu and Deca","floor":50,"turns":6},{"damage":13,"enemies":"Shield and Spear","floor":54,"turns":4},{"damage":58,"enemies":"The Heart","floor":55,"turns":7}],"seed_played":"8007060773519512799","potions_obtained":[{"floor":3,"key":"Explosive Potion"},{"floor":8,"key":"FearPotion"},{"floor":12,"key":"PowerPotion"}],"is_trial":false,"path_per_floor":["M","?","M","$","?","E","R","E","T","M","R","E","M","M","R","B",null,"M","?","M","$","M","R","?","E","T","E","T","?","$","E","R","B",null,"M","$","M","$","?","R","E","M","T","E","M","?","E","?","R","B",null,"R","$","E","B",null],"character_chosen":"RobotSpaceExplorer","items_purchased":["RobotSpaceExplorer:Comet","Lantern","OrangePellets","Potion Belt","RobotSpaceExplorer:PlasmaHourglass"],"campfire_rested":0,"item_purchase_floors":[4,21,30,30,53],"current_hp_per_floor":[75,75,75,75,60,60,60,44,44,44,44,44,44,44,44,33,75,75,75,75,75,67,67,67,56,56,54,54,38,38,38,38,63,75,75,75,75,75,66,66,66,66,66,58,55,55,54,75,75,65,75,75,75,62,17],"gold":53,"neow_bonus":"THREE_ENEMY_KILL","is_daily":false,"chose_seed":false,"campfire_upgraded":7,"win_rate":0.0,"timestamp":1608243436,"path_taken":["M","?","M","$","?","E","R","E","T","M","R","E","M","M","R","BOSS","M","?","?","$","M","R","?","E","T","E","?","?","?","E","R","BOSS","M","$","M","$","?","R","E","M","T","E","M","?","E","?","R","BOSS","R","$","E","BOSS"],"items_purchased_type":["Card","Relic","Relic","Relic","Relic"],"build_version":"2020-12-13","purchased_purges":4,"victory":true,"max_hp_per_floor":[75,75,75,75,75,75,75,75,75,75,75,75,75,75,75,75,75,75,75,75,75,75,75,75,75,75,75,75,75,75,75,75,75,75,75,75,75,75,75,75,75,75,75,75,75,75,75,75,75,75,75,75,75,75,75],"relic_stats":{"counters":[27,102],"Blue Candle":[3],"Pen Nib":[14],"PreservedInsect":452,"Bag of Preparation":[8],"Sozu":8,"OrangePellets":[4],"Dream Catcher":0,"Sundial":[14],"Mummified Hand":[10],"Pantograph":59,"Bronze Scales":[78],"Turnip":[2],"Art of War":[12],"Kunai":[15],"obtain_stats":[{"Lantern":21,"Nilry\u0027s Codex":29,"RobotSpaceExplorer:PlasmaHourglass":53,"Bag of Preparation":47,"Ancient Tea Set":28,"Sozu":17,"Dream Catcher":34,"Matryoshka":12,"HornCleat":27,"Sundial":9,"Mummified Hand":28,"Pantograph":24,"Kunai":34,"Potion Belt":30,"NeowsBlessing":0,"Blue Candle":31,"Oddly Smooth Stone":25,"RobotSpaceExplorer:RoboCore":0,"Pen Nib":6,"PreservedInsect":26,"Omamori":41,"Calling Bell":34,"OrangePellets":30,"CaptainsWheel":34,"Bronze Scales":54,"Turnip":8,"Art of War":26,"Toy Ornithopter":44,"Pocketwatch":48},{"Lantern":11,"Nilry\u0027s Codex":14,"RobotSpaceExplorer:PlasmaHourglass":25,"Bag of Preparation":23,"Ancient Tea Set":14,"Sozu":9,"Dream Catcher":16,"Matryoshka":6,"HornCleat":14,"Sundial":4,"Mummified Hand":14,"Pantograph":12,"Kunai":16,"Potion Belt":14,"NeowsBlessing":0,"Blue Candle":15,"Oddly Smooth Stone":13,"RobotSpaceExplorer:RoboCore":0,"Pen Nib":3,"PreservedInsect":13,"Omamori":19,"Calling Bell":16,"OrangePellets":14,"CaptainsWheel":16,"Bronze Scales":26,"Turnip":4,"Art of War":13,"Toy Ornithopter":21,"Pocketwatch":24},{"Lantern":30,"Nilry\u0027s Codex":39,"RobotSpaceExplorer:PlasmaHourglass":91,"Bag of Preparation":79,"Ancient Tea Set":39,"Sozu":26,"Dream Catcher":47,"Matryoshka":16,"HornCleat":39,"Sundial":9,"Mummified Hand":39,"Pantograph":32,"Kunai":47,"Potion Belt":39,"NeowsBlessing":0,"Blue Candle":43,"Oddly Smooth Stone":35,"RobotSpaceExplorer:RoboCore":0,"Pen Nib":3,"PreservedInsect":35,"Omamori":59,"Calling Bell":47,"OrangePellets":39,"CaptainsWheel":47,"Bronze Scales":95,"Turnip":9,"Art of War":35,"Toy Ornithopter":69,"Pocketwatch":85}],"Toy Ornithopter":0,"Pocketwatch":[6]},"card_choices":[{"not_picked":["RobotSpaceExplorer:StunGrenade","RobotSpaceExplorer:FreezingShield","RobotSpaceExplorer:Counterblock"],"picked":"SKIP","floor":1},{"not_picked":["RobotSpaceExplorer:MakeshiftVolley","RobotSpaceExplorer:SurgingStrike"],"picked":"RobotSpaceExplorer:ShovelStrike","floor":3},{"not_picked":["RobotSpaceExplorer:PowerCollector","RobotSpaceExplorer:StunGrenade"],"picked":"RobotSpaceExplorer:JunkDive","floor":6},{"not_picked":["RobotSpaceExplorer:Counterblock","RobotSpaceExplorer:Jetpack","RobotSpaceExplorer:PowerGlove"],"picked":"SKIP","floor":8},{"not_picked":["RobotSpaceExplorer:StunGrenade","RobotSpaceExplorer:FreezingShield"],"picked":"RobotSpaceExplorer:IronShell","floor":10},{"not_picked":["RobotSpaceExplorer:DoubleFind","RobotSpaceExplorer:SurgingShield"],"picked":"RobotSpaceExplorer:Comet","floor":12},{"not_picked":["RobotSpaceExplorer:ShovelStrike","RobotSpaceExplorer:StarDust","RobotSpaceExplorer:GlueSpray"],"picked":"SKIP","floor":13},{"not_picked":["RobotSpaceExplorer:Electroshield","RobotSpaceExplorer:ImprovisedAttack"],"picked":"RobotSpaceExplorer:FranticSearch","floor":14},{"not_picked":["RobotSpaceExplorer:Multitool","RobotSpaceExplorer:Explosion"],"picked":"RobotSpaceExplorer:ShockMissile","floor":16},{"not_picked":["RobotSpaceExplorer:GlueSpray","RobotSpaceExplorer:MakeshiftVolley"],"picked":"RobotSpaceExplorer:Pulsar+1","floor":18},{"not_picked":["RobotSpaceExplorer:MetalStrike","RobotSpaceExplorer:SwiftStep","RobotSpaceExplorer:Smokescreen"],"picked":"SKIP","floor":20},{"not_picked":["RobotSpaceExplorer:SlimeMissile","RobotSpaceExplorer:SurgingShield","RobotSpaceExplorer:DoubleFind+1"],"picked":"SKIP","floor":22},{"not_picked":["RobotSpaceExplorer:Pulsar","RobotSpaceExplorer:ImprovisedAttack"],"picked":"RobotSpaceExplorer:JunkDive","floor":25},{"not_picked":["RobotSpaceExplorer:SlimeMissile","RobotSpaceExplorer:ScrapToss","RobotSpaceExplorer:FreezeRay"],"picked":"SKIP","floor":27},{"not_picked":["RobotSpaceExplorer:SlimeMissile","RobotSpaceExplorer:FranticSearch","RobotSpaceExplorer:ScrapMissile"],"picked":"SKIP","floor":31},{"not_picked":["RobotSpaceExplorer:Asteroid","RobotSpaceExplorer:ShockMissile"],"picked":"RobotSpaceExplorer:Arsenal","floor":33},{"not_picked":["RobotSpaceExplorer:LuckyStrike+1","RobotSpaceExplorer:StunGrenade+1","RobotSpaceExplorer:Counterblock+1"],"picked":"SKIP","floor":35},{"not_picked":["RobotSpaceExplorer:MetalStrike","RobotSpaceExplorer:ToxicBomb+1","RobotSpaceExplorer:MakeshiftVolley"],"picked":"SKIP","floor":37},{"not_picked":["RobotSpaceExplorer:Blitz","RobotSpaceExplorer:SwiftStep+1","RobotSpaceExplorer:ScrapMissile"],"picked":"SKIP","floor":41},{"not_picked":["RobotSpaceExplorer:ScrapMissile","RobotSpaceExplorer:ImprovisedAttack","RobotSpaceExplorer:StunGrenade+1"],"picked":"SKIP","floor":42},{"not_picked":["RobotSpaceExplorer:ShockKick+1","RobotSpaceExplorer:SurgingStrike"],"picked":"RobotSpaceExplorer:BlastShield","floor":44},{"not_picked":["RobotSpaceExplorer:PlasmaMissile","RobotSpaceExplorer:MakeshiftVolley","RobotSpaceExplorer:ScrapMissile"],"picked":"SKIP","floor":45},{"not_picked":["RobotSpaceExplorer:LaserBurst+1","RobotSpaceExplorer:FranticSearch+1"],"picked":"RobotSpaceExplorer:Pulsar+1","floor":47},{"not_picked":["RobotSpaceExplorer:FranticSearch","RobotSpaceExplorer:Asteroid","RobotSpaceExplorer:SwiftStep+1"],"picked":"SKIP","floor":54}],"player_experience":454187,"relics_obtained":[{"floor":6,"key":"Pen Nib"},{"floor":8,"key":"Turnip"},{"floor":9,"key":"Sundial"},{"floor":12,"key":"Matryoshka"},{"floor":25,"key":"Oddly Smooth Stone"},{"floor":26,"key":"PreservedInsect"},{"floor":26,"key":"Art of War"},{"floor":27,"key":"HornCleat"},{"floor":28,"key":"Mummified Hand"},{"floor":28,"key":"Ancient Tea Set"},{"floor":29,"key":"Nilry\u0027s Codex"},{"floor":31,"key":"Blue Candle"},{"floor":34,"key":"Kunai"},{"floor":34,"key":"Dream Catcher"},{"floor":34,"key":"CaptainsWheel"},{"floor":41,"key":"Omamori"},{"floor":44,"key":"Toy Ornithopter"},{"floor":47,"key":"Bag of Preparation"},{"floor":48,"key":"Pocketwatch"},{"floor":54,"key":"Bronze Scales"}],"event_choices":[{"cards_removed":["RobotSpaceExplorer:Defend"],"damage_healed":0,"gold_gain":0,"player_choice":"Forget","damage_taken":0,"max_hp_gain":0,"max_hp_loss":0,"event_name":"Living Wall","floor":2,"gold_loss":0},{"damage_healed":75,"gold_gain":0,"player_choice":"Upgrade","damage_taken":15,"max_hp_gain":0,"max_hp_loss":75,"event_name":"betterThird:BetterShining","floor":5,"gold_loss":0,"cards_upgraded":["RobotSpaceExplorer:MiniLasers","RobotSpaceExplorer:Scan"]},{"cards_removed":["RobotSpaceExplorer:Strike"],"damage_healed":0,"gold_gain":0,"player_choice":"Purged","damage_taken":0,"max_hp_gain":0,"max_hp_loss":0,"event_name":"Purifier","floor":19,"gold_loss":0},{"damage_healed":0,"gold_gain":0,"player_choice":"Opened","damage_taken":0,"relics_obtained":["Pantograph"],"max_hp_gain":0,"max_hp_loss":0,"event_name":"The Mausoleum","floor":24,"gold_loss":0,"cards_obtained":["Writhe"]},{"damage_healed":0,"gold_gain":0,"player_choice":"Obtained Book","damage_taken":16,"max_hp_gain":0,"max_hp_loss":0,"event_name":"Cursed Tome","floor":29,"gold_loss":0},{"damage_healed":0,"gold_gain":0,"player_choice":"Embrace Madness","damage_taken":9,"max_hp_gain":0,"max_hp_loss":0,"event_name":"Winding Halls","floor":39,"gold_loss":0,"cards_obtained":["Madness","Madness"]},{"cards_removed":["RobotSpaceExplorer:ShockMissile"],"damage_healed":0,"gold_gain":0,"player_choice":"Removed Attack","damage_taken":0,"max_hp_gain":0,"max_hp_loss":0,"event_name":"Falling","floor":46,"gold_loss":0},{"damage_healed":0,"gold_gain":0,"player_choice":"Fight","damage_taken":0,"max_hp_gain":0,"max_hp_loss":0,"event_name":"MindBloom","floor":48,"gold_loss":0}],"is_beta":false,"boss_relics":[{"not_picked":["SacredBark","Runic Dome"],"picked":"Sozu"},{"not_picked":["SlaversCollar","Busted Crown"],"picked":"Calling Bell"}],"items_purged_floors":[21,30,36,53],"is_endless":false,"potions_floor_spawned":[3,8,12,13,18,20,33,35,37,45,47],"ascension_level":1}}