{"host":"mbjdlts9b6456t85","time":1608232204,"event":{"mods":["2.2 Compatiblity","AchievementEnabler","Aspiration","BaseMod","Better Altar","Better Match","Better Note","Better Sensory Stone","Better Skull","Better Third Choice","BetterRewards","CCEM","Clawfect","Conspire","Downfall","GifTheSpireLib","Googly Eyes","Halation","Highlight Path","Hubris","Minty Spire (QoL Compilation)","Permanent Neow","Replay The Spire","Shop Mod","Spicy Shops","StSLib","Stuff the Spire","Unceasing Turn Reminder","everything is the same but u backflip on backflip"],"gold_per_floor":[99,118,152,169,195,195,195,45,63,63,81,66,66,84,100,201,201,281,32,47,59,79,79,104,104,8,8,200,249,260,178,197,197,197],"floor_reached":33,"playtime":2693,"items_purged":[],"score":274,"play_id":"0071437b-9b76-46c4-8174-499c60c06a13","local_time":"20201217141003","is_ascension_mode":false,"campfire_choices":[{"floor":1,"key":"RECALL"},{"data":"Mind Blast","floor":8,"key":"SMITH"},{"data":"Slimebound:MegaLick","floor":10,"key":"SMITH"},{"data":"Slimebound:Split","floor":25,"key":"SMITH"},{"data":"Specialist","floor":27,"key":"SMITH"}],"circlet_count":0,"master_deck":["Slimebound:Strike_Slimebound","Slimebound:Strike_Slimebound","Slimebound:Tackle","Slimebound:Defend_Slimebound","Slimebound:Defend_Slimebound","Slimebound:Defend_Slimebound","Slimebound:Defend_Slimebound","Slimebound:Split+1","Slimebound:CorrosiveSpit","expansioncontent:DecasProtection","Slimebound:SamplingLick","Slimebound:Equalize","Slimebound:Schlurp","Slimebound:RejuvenatingLick","Mind Blast+1","Slimebound:MegaLick+1","Slimebound:SplitAcid","Slimebound:MassFeed+1","Slimebound:LeechEnergy","Slimebound:Nibble","Slimebound:MassRepurpose","Slimebound:GoopSpray","Pot Of Greed","Pot Of Greed","Slimebound:TongueLash","Pot Of Greed","Slimebound:LevelUp+1","Slimebound:OneTwoCombo","Regret","Slimebound:LevelUp","Specialist+1","Slimebound:Replication+1","Slimebound:Gluttony","Slimebound:SplitBruiser"],"relics":["Slimebound:AbsorbEndCombat","StuffTheSpire:PointBlank","hubris:ToyBattleship","downfall:HeartBlessingBlue","downfall:HeartBlessingRed","Cursed Key","Grinning Jar","halation:LostSnail","Boot","CCEMRelics:SpiritsEdge","Smiling Mask"],"acts_visited":["Exordium","TheCity"],"potions_floor_usage":[26,26,26,33],"damage_taken":[{"damage":9,"enemies":"Small Slimes","floor":2,"turns":4},{"damage":7,"enemies":"conspire:MimicChest","floor":3,"turns":6},{"damage":7,"enemies":"2 Louse","floor":4,"turns":2},{"damage":42,"enemies":"Gremlin Nob","floor":5,"turns":4},{"damage":8,"enemies":"Jaw Worm","floor":9,"turns":3},{"damage":7,"enemies":"3 Louse","floor":11,"turns":3},{"damage":18,"enemies":"downfall:FleeingMerchant","floor":12,"turns":4},{"damage":13,"enemies":"Red Slaver","floor":14,"turns":4},{"damage":18,"enemies":"Blue Slaver","floor":15,"turns":5},{"damage":88,"enemies":"downfall:Watcher","floor":16,"turns":10},{"damage":11,"enemies":"downfall:FleeingMerchant","floor":19,"turns":4},{"damage":13,"enemies":"3 Byrds","floor":20,"turns":4},{"damage":7,"enemies":"Centurion and Healer","floor":21,"turns":4},{"damage":12,"enemies":"conspire:HollyBat","floor":22,"turns":6},{"damage":21,"enemies":"downfall:FleeingMerchant","floor":26,"turns":4},{"damage":0,"enemies":"downfall:FleeingMerchant","floor":28,"turns":1},{"damage":21,"enemies":"Snake Plant","floor":30,"turns":2},{"damage":32,"enemies":"Snecko","floor":31,"turns":4},{"damage":12,"enemies":"Shelled Parasite and Fungi","floor":32,"turns":2},{"damage":73,"enemies":"downfall:Silent","floor":33,"turns":4}],"seed_played":"-5729828538490580008","potions_obtained":[{"floor":2,"key":"SpeedPotion"},{"floor":9,"key":"Strength Potion"},{"floor":11,"key":"Elixir"},{"floor":20,"key":"ColorlessPotion"},{"floor":22,"key":"Adrenaline Potion"},{"floor":32,"key":"Fire Potion"}],"is_trial":false,"path_per_floor":["R","M","?","M","E","?","T","R","M","R","M","$","?","M","M","B",null,"R","$","M","M","M","?","T","R","$","R","$","T","M","M","M","B"],"character_chosen":"SLIMEBOUND","items_purchased":["Grinning Jar","halation:LostSnail","Specialist","CCEMRelics:SpiritsEdge"],"campfire_rested":0,"item_purchase_floors":[19,19,26,28],"current_hp_per_floor":[60,59,60,60,30,30,30,40,52,52,61,68,68,70,60,12,70,70,67,70,74,70,70,70,70,73,73,73,73,57,55,51,0,0],"gold":197,"neow_bonus":"RANDOM_COLORLESS","is_daily":false,"chose_seed":false,"campfire_upgraded":4,"win_rate":0.0,"timestamp":1608232203,"path_taken":["R","M","?","M","E","?","T","R","?","R","M","$","?","M","M","BOSS","R","?","M","M","M","?","T","R","$","R","$","?","?","M","M","BOSS"],"items_purchased_type":["Relic","Relic","Card","Relic"],"build_version":"2020-12-13","purchased_purges":0,"victory":false,"max_hp_per_floor":[60,60,60,60,60,60,60,70,70,70,70,70,70,70,70,70,70,70,70,70,74,74,74,74,74,74,74,74,74,78,78,78,78,78],"card_choices":[{"not_picked":["expansioncontent:LastStand","expansioncontent:ChargeUp"],"picked":"expansioncontent:DecasProtection","floor":0},{"not_picked":["Slimebound:GoopSpray","Slimebound:DivideAndConquer"],"picked":"Slimebound:SamplingLick","floor":2},{"not_picked":["Slimebound:LeechingTouch","Slimebound:RainOfGoop"],"picked":"Slimebound:Equalize","floor":3},{"not_picked":["Slimebound:SlimeBrawl","Slimebound:ItLooksTasty"],"picked":"Slimebound:Schlurp","floor":4},{"not_picked":["Slimebound:SplitBruiser","Slimebound:GoopTackle"],"picked":"Slimebound:RejuvenatingLick","floor":5},{"not_picked":["expansioncontent:SuperHexaguard","expansioncontent:Torchfire"],"picked":"Mind Blast","floor":6},{"not_picked":["Slimebound:SlimeBrawl","Slimebound:SlimeSpikes"],"picked":"Slimebound:MegaLick","floor":9},{"not_picked":["Slimebound:FirmFortitude","Slimebound:GoopSpray"],"picked":"Slimebound:SplitAcid","floor":11},{"not_picked":["Slimebound:SplitLeeching","Slimebound:PressTheAttack"],"picked":"Slimebound:MassFeed","floor":12},{"not_picked":["Slimebound:BestDefense","Slimebound:FinishingTackle"],"picked":"Slimebound:LeechEnergy","floor":14},{"not_picked":["Slimebound:LeechingTouch","Slimebound:Equalize"],"picked":"Slimebound:Nibble","floor":15},{"not_picked":["Slimebound:DuplicatedForm","Slimebound:MinionMaster"],"picked":"Slimebound:MassRepurpose","floor":16},{"not_picked":["Slimebound:GrowthPunch","Slimebound:DivideAndConquer"],"picked":"Slimebound:GoopSpray","floor":19},{"not_picked":["Slimebound:ComboTackle","Slimebound:SamplingLick"],"picked":"Slimebound:TongueLash","floor":20},{"not_picked":["Slimebound:Schlurp","Slimebound:ViciousTackle"],"picked":"Slimebound:LevelUp+1","floor":21},{"not_picked":["Slimebound:SplitBruiser","Slimebound:GrowthPunch"],"picked":"Slimebound:OneTwoCombo","floor":22},{"not_picked":["Slimebound:DivideAndConquer+1","Slimebound:SlimeBrawl+1"],"picked":"Slimebound:LevelUp","floor":26},{"not_picked":["Slimebound:FormOfPuddle+1","Slimebound:Chomp+1"],"picked":"Slimebound:Replication+1","floor":28},{"not_picked":["Slimebound:LeechingTouch+1","Slimebound:RollThrough"],"picked":"Slimebound:Gluttony","floor":30},{"not_picked":["Slimebound:Nibble","Slimebound:Gluttony+1","Slimebound:Chomp"],"picked":"SKIP","floor":31},{"not_picked":["Slimebound:LeechingTouch","Slimebound:ViciousTackle"],"picked":"Slimebound:SplitBruiser","floor":32}],"player_experience":441097,"relics_obtained":[{"floor":3,"key":"StuffTheSpire:PointBlank"},{"floor":5,"key":"hubris:ToyBattleship"},{"floor":24,"key":"Boot"},{"floor":29,"key":"Smiling Mask"}],"event_choices":[{"damage_healed":0,"gold_gain":1,"player_choice":"1","damage_taken":0,"max_hp_gain":0,"max_hp_loss":0,"event_name":"betterStone:BetterStone","floor":6,"gold_loss":0},{"damage_healed":0,"gold_gain":0,"player_choice":"Upgraded","damage_taken":0,"max_hp_gain":0,"max_hp_loss":0,"event_name":"Upgrade Shrine","floor":13,"gold_loss":0,"cards_upgraded":["Slimebound:MassFeed"]},{"cards_removed":["Slimebound:Strike_Slimebound"],"damage_healed":0,"gold_gain":0,"player_choice":"Purged","damage_taken":0,"max_hp_gain":0,"max_hp_loss":0,"event_name":"Purifier","floor":23,"gold_loss":0}],"is_beta":false,"boss_relics":[{"not_picked":["aspiration:SilentSkillbook","halation:Prosthetics"],"picked":"Cursed Key"}],"items_purged_floors":[],"is_endless":false,"potions_floor_spawned":[2,9,11,20,22,32],"killed_by":"downfall:Silent","ascension_level":0}}