{"host":"qma899h3cz2w97yd","time":1608244958,"event":{"mods":["AchievementEnabler","Act Like it!","BaseMod","Bestiary","Block Reminder","Colored Powertips","Custom Start","Faster Ascension Climbing","Gremlin Skip","Highlight Path","Minty Spire (QoL Compilation)","Pale of the Ancients","Permanent Neow","Relic Stats","StSLib","The Dragon Tamer"],"gold_per_floor":[114,84,96,108,122,122,156,156,235,235,235,269,15,44,44,140,140,158,13,112,37,37,37,73,73,73,112,132,153,169,205,205,311,356,376,32,55,0,28,68,80,92,129,141,181,219,257,298,310,322,334,346,71,104,104],"floor_reached":56,"playtime":5475,"items_purged":["DTMod:Strike","DTMod:Strike","DTMod:DoubleHit+1"],"score":1649,"play_id":"258148f0-f32d-4cfd-8a50-f6c644991a02","local_time":"20201217174238","is_ascension_mode":true,"metric_token":1043,"campfire_choices":[{"data":"DTMod:RecklessFlurry","floor":6.0,"key":"SMITH"},{"data":"DTMod:DarkBreath","floor":8.0,"key":"SMITH"},{"data":"DTMod:HeatWave","floor":11.0,"key":"SMITH"},{"data":"DTMod:CleansingStrike","floor":15.0,"key":"SMITH"},{"data":"DTMod:BizarreTactic","floor":23.0,"key":"SMITH"},{"data":"DTMod:MagicField","floor":25.0,"key":"SMITH"},{"data":"DTMod:BurningForce","floor":32.0,"key":"SMITH"},{"data":"DTMod:GhostSkin","floor":41.0,"key":"SMITH"},{"floor":49.0,"key":"RECALL"},{"data":"DTMod:GearUp","floor":52.0,"key":"SMITH"}],"dtmod_dragon_data":[28,50,2,1,12,11],"circlet_count":0,"master_deck":["DTMod:SwitchingTactic+1","DTMod:HeatWave+1","DTMod:DarkBreath+1","DTMod:RecklessFlurry+1","DTMod:MagicField+1","DTMod:Hide+1","DTMod:Cover+1","DTMod:BalancedStrike+1","DTMod:Dissolve+1","DTMod:RecklessFlurry+1","DTMod:CleansingStrike+1","DTMod:Prediction+1","DTMod:MagicField+1","DTMod:FierySynthesis+1","DTMod:Cover+1","DTMod:BizarreTactic+1","DTMod:ShadowImage+1","DTMod:BurningForce+1","DTMod:Coolant+1","DTMod:Dissolve+1","DTMod:Dissolve+1","DTMod:Safeguard+1","DTMod:GhostSkin+1","DTMod:Multitask+1","DTMod:Multitask+1","DTMod:QuickFly+1","DTMod:EchoTactic+1","DTMod:BurningForce+1","DTMod:MagicField+1","DTMod:BizarreTactic+1","DTMod:BizarreTactic+1","DTMod:RunningTactic+1","DTMod:GearUp+1","DTMod:DragonDance"],"relics":["DTMod:PactStone","TungstenRod","Mummified Hand","Bag of Preparation","Whetstone","Orrery","Bag of Marbles","Cursed Key","Ancient Tea Set","CeramicFish","Lantern","Omamori","Pandora\u0027s Box","DTMod:AncientBone","Red Mask","MawBank","Mark of the Bloom","Bottled Flame","PreservedInsect","Strawberry","Nunchaku"],"acts_visited":["Exordium","TheCity","TheBeyond","TheEnding"],"potions_floor_usage":[55,55,55],"damage_taken":[{"damage":0.0,"enemies":"Jaw Worm","floor":1.0,"turns":4.0},{"damage":0.0,"enemies":"Cultist","floor":3.0,"turns":3.0},{"damage":0.0,"enemies":"2 Louse","floor":4.0,"turns":1.0},{"damage":0.0,"enemies":"Exordium Wildlife","floor":5.0,"turns":3.0},{"damage":0.0,"enemies":"3 Sentries","floor":7.0,"turns":3.0},{"damage":3.0,"enemies":"Lagavulin","floor":12.0,"turns":4.0},{"damage":1.0,"enemies":"3 Sentries","floor":14.0,"turns":8.0},{"damage":0.0,"enemies":"Slime Boss","floor":16.0,"turns":11.0},{"damage":0.0,"enemies":"Chosen","floor":18.0,"turns":2.0},{"damage":0.0,"enemies":"Book of Stabbing","floor":24.0,"turns":4.0},{"damage":0.0,"enemies":"Slavers","floor":27.0,"turns":2.0},{"damage":0.0,"enemies":"3 Byrds","floor":28.0,"turns":2.0},{"damage":0.0,"enemies":"Snake Plant","floor":29.0,"turns":2.0},{"damage":0.0,"enemies":"Cultist and Chosen","floor":30.0,"turns":1.0},{"damage":0.0,"enemies":"Book of Stabbing","floor":31.0,"turns":5.0},{"damage":11.0,"enemies":"Automaton","floor":33.0,"turns":12.0},{"damage":0.0,"enemies":"Orb Walker","floor":35.0,"turns":2.0},{"damage":0.0,"enemies":"3 Shapes","floor":37.0,"turns":3.0},{"damage":0.0,"enemies":"Transient","floor":39.0,"turns":5.0},{"damage":0.0,"enemies":"Reptomancer","floor":40.0,"turns":5.0},{"damage":0.0,"enemies":"Giant Head","floor":45.0,"turns":4.0},{"damage":0.0,"enemies":"Nemesis","floor":47.0,"turns":1.0},{"damage":0.0,"enemies":"Sphere and 2 Shapes","floor":48.0,"turns":2.0},{"damage":0.0,"enemies":"Donu and Deca","floor":50.0,"turns":7.0},{"damage":0.0,"enemies":"Shield and Spear","floor":54.0,"turns":3.0},{"damage":22,"enemies":"The Heart","floor":55,"turns":9}],"seed_played":"-1479033758664416529","potions_obtained":[{"floor":1.0,"key":"FairyPotion"},{"floor":2.0,"key":"Block Potion"},{"floor":2.0,"key":"SneckoOil"},{"floor":4.0,"key":"SkillPotion"},{"floor":7.0,"key":"PowerPotion"},{"floor":18.0,"key":"Fire Potion"},{"floor":33.0,"key":"EssenceOfSteel"},{"floor":45.0,"key":"AttackPotion"}],"is_trial":false,"path_per_floor":["M","?","M","M","M","R","E","R","T","?","R","E","$","E","R","B",null,"M","$","?","?","?","R","E","R","T","E","M","M","M","E","R","B",null,"M","$","M","?","M","E","R","?","T","?","E","T","E","M","R","B",null,"R","$","E","B",null],"character_chosen":"THE_DT","items_purchased":["DTMod:Dissolve","Orrery","DTMod:BizarreTactic","DTMod:AncientBone","DTMod:MagicField","Block Potion","DTMod:DragonDance","Weak Potion","Dexterity Potion"],"campfire_rested":0,"item_purchase_floors":[13,13,19,36,36,36,53,53,53],"current_hp_per_floor":[45,45,45,45,45,45,45,45,45,40,40,37,37,36,36,36,45,45,45,45,45,45,45,45,45,45,45,45,45,45,45,45,34,45,45,45,45,45,45,45,45,45,45,45,45,45,45,45,45,45,45,45,45,45,23],"gold":104,"neow_bonus":"THREE_CARDS","is_daily":false,"chose_seed":false,"campfire_upgraded":9,"win_rate":0.0,"timestamp":1608244958,"path_taken":["M","?","M","M","?","R","E","R","T","?","R","E","?","E","R","BOSS","M","$","?","?","?","R","E","R","T","E","M","M","M","E","R","BOSS","M","$","M","?","M","E","R","?","T","?","E","?","E","?","R","BOSS","R","$","E","BOSS"],"items_purchased_type":["Card","Relic","Card","Relic","Card","Potion","Card","Potion","Potion"],"build_version":"2020-12-13","purchased_purges":3,"victory":true,"max_hp_per_floor":[45,45,45,45,45,45,45,45,45,45,45,45,45,45,45,45,45,45,45,45,45,45,45,45,45,45,45,45,45,45,45,45,45,45,45,45,45,45,45,45,45,45,45,45,45,45,52,52,52,52,52,52,52,52,52],"relic_stats":{"Mark of the Bloom":59,"counters":[26,108],"CeramicFish":162,"PreservedInsect":115,"Bag of Preparation":[42],"Whetstone":["DTMod:Strike","DTMod:Strike"],"Cursed Key":2,"MawBank":156,"Nunchaku":[1],"Mummified Hand":[63],"Pandora\u0027s Box":["DTMod:GhostSkin","DTMod:Multitask","DTMod:Multitask","DTMod:QuickFly","DTMod:EchoTactic"],"obtain_stats":[{"Lantern":27,"Mark of the Bloom":44,"CeramicFish":24,"DTMod:AncientBone":36,"PreservedInsect":46,"Bag of Preparation":10,"Omamori":31,"Whetstone":12,"Cursed Key":17,"Ancient Tea Set":22,"MawBank":40,"Bottled Flame":45,"Nunchaku":54,"DTMod:PactStone":0,"Mummified Hand":9,"Strawberry":47,"Orrery":13,"Pandora\u0027s Box":34,"Bag of Marbles":14,"Red Mask":38,"TungstenRod":7},{"Lantern":11,"Mark of the Bloom":20,"CeramicFish":10,"DTMod:AncientBone":17,"PreservedInsect":21,"Bag of Preparation":5,"Omamori":15,"Whetstone":6,"Cursed Key":8,"Ancient Tea Set":9,"MawBank":20,"Bottled Flame":21,"Nunchaku":25,"DTMod:PactStone":0,"Mummified Hand":5,"Strawberry":22,"Orrery":6,"Pandora\u0027s Box":16,"Bag of Marbles":7,"Red Mask":18,"TungstenRod":5},{"Lantern":45,"Mark of the Bloom":82,"CeramicFish":43,"DTMod:AncientBone":69,"PreservedInsect":86,"Bag of Preparation":14,"Omamori":55,"Whetstone":18,"Cursed Key":37,"Ancient Tea Set":39,"MawBank":82,"Bottled Flame":86,"Nunchaku":99,"DTMod:PactStone":0,"Mummified Hand":14,"Strawberry":87,"Orrery":18,"Pandora\u0027s Box":67,"Bag of Marbles":26,"Red Mask":72,"TungstenRod":14}],"TungstenRod":18},"card_choices":[{"not_picked":["DTMod:MasterPlan","DTMod:Hide"],"picked":"DTMod:HeatWave","floor":0.0},{"not_picked":["DTMod:HeatWave","DTMod:FlameSlash"],"picked":"DTMod:DarkBreath","floor":1.0},{"not_picked":["DTMod:TauntingStrike","DTMod:Haste"],"picked":"DTMod:RecklessFlurry","floor":3.0},{"not_picked":["DTMod:BizarreTactic","DTMod:InvisibleFlame"],"picked":"DTMod:MagicField","floor":4.0},{"not_picked":["DTMod:Weaken","DTMod:Feint"],"picked":"DTMod:Hide","floor":5.0},{"not_picked":["DTMod:Shift","DTMod:MagicField"],"picked":"DTMod:Cover","floor":7.0},{"not_picked":["DTMod:GhostSkin","DTMod:Cover"],"picked":"DTMod:BalancedStrike","floor":12.0},{"not_picked":["DTMod:Punisher","DTMod:Shift"],"picked":"DTMod:RecklessFlurry","floor":13.0},{"not_picked":["DTMod:Punisher","DTMod:MaximumCharge"],"picked":"DTMod:CleansingStrike","floor":13.0},{"not_picked":["DTMod:HeatWave","DTMod:Punisher"],"picked":"DTMod:Prediction","floor":13.0},{"not_picked":["DTMod:Haste","DTMod:TriAttack"],"picked":"DTMod:MagicField","floor":13.0},{"not_picked":["DTMod:LowKick","DTMod:ComboAttack"],"picked":"DTMod:Shift","floor":14.0},{"not_picked":["DTMod:Multitask","DTMod:Safeguard"],"picked":"DTMod:FierySynthesis","floor":16.0},{"not_picked":["DTMod:MasterPlan","DTMod:ForkedFire"],"picked":"DTMod:Cover","floor":18.0},{"not_picked":["DTMod:ComboAttack+1","DTMod:CleansingStrike"],"picked":"DTMod:ShadowImage","floor":24.0},{"not_picked":["DTMod:TauntingStrike","DTMod:Training+1"],"picked":"DTMod:BurningForce","floor":27.0},{"not_picked":["DTMod:ForkedFire+1","DTMod:Punisher"],"picked":"DTMod:Coolant","floor":28.0},{"not_picked":["DTMod:ComboAttack+1","DTMod:CrossStep"],"picked":"DTMod:Dissolve","floor":29.0},{"not_picked":["DTMod:QuickFly+1","DTMod:WarmUp","DTMod:Punisher"],"picked":"SKIP","floor":30.0},{"not_picked":["DTMod:BuildUp","DTMod:TagTeam+1"],"picked":"DTMod:Dissolve","floor":31.0},{"not_picked":["DTMod:HeadStart","DTMod:Multitask"],"picked":"DTMod:Safeguard","floor":33.0},{"not_picked":["DTMod:Hide+1","DTMod:Training"],"picked":"DTMod:BurningForce+1","floor":35.0},{"not_picked":["DTMod:Astonish+1","DTMod:Feint+1"],"picked":"DTMod:BizarreTactic","floor":37.0},{"not_picked":["DTMod:HeatWave","DTMod:BurningEnergy+1"],"picked":"DTMod:BizarreTactic","floor":39.0},{"not_picked":["DTMod:HeatWave","DTMod:PurifyingFlame"],"picked":"DTMod:RunningTactic","floor":40.0},{"not_picked":["DTMod:RecklessFlurry","DTMod:Threaten+1","DTMod:BuildUp+1"],"picked":"SKIP","floor":45.0},{"not_picked":["DTMod:MasterPlan+1","DTMod:LastStand+1","DTMod:MagiciansMark+1"],"picked":"SKIP","floor":47.0},{"not_picked":["DTMod:Hide","DTMod:QuickFly+1"],"picked":"DTMod:GearUp","floor":48.0},{"not_picked":["DTMod:QuickFly","DTMod:HeatWave+1","DTMod:LastStand"],"picked":"SKIP","floor":54.0}],"player_experience":1032466,"relics_obtained":[{"floor":7.0,"key":"TungstenRod"},{"floor":9.0,"key":"Mummified Hand"},{"floor":12.0,"key":"Whetstone"},{"floor":14.0,"key":"Bag of Marbles"},{"floor":24.0,"key":"CeramicFish"},{"floor":27.0,"key":"Lantern"},{"floor":31.0,"key":"Omamori"},{"floor":40.0,"key":"MawBank"},{"floor":45.0,"key":"Bottled Flame"},{"floor":46.0,"key":"PreservedInsect"},{"floor":47.0,"key":"Strawberry"},{"floor":54.0,"key":"Nunchaku"}],"event_choices":[{"damage_healed":0.0,"max_hp_gain":0.0,"max_hp_loss":0.0,"gold_gain":0.0,"event_name":"The Woman in Blue","player_choice":"Bought 2 Potions","floor":2.0,"gold_loss":0.0,"damage_taken":0.0},{"damage_healed":0.0,"max_hp_gain":0.0,"max_hp_loss":0.0,"gold_gain":0.0,"event_name":"Scrap Ooze","player_choice":"Success","floor":10.0,"gold_loss":0.0,"damage_taken":7.0,"relics_obtained":["Bag of Preparation"]},{"damage_healed":0.0,"max_hp_gain":0.0,"max_hp_loss":0.0,"gold_gain":99.0,"event_name":"Nest","player_choice":"Stole From Cult","floor":20.0,"gold_loss":0.0,"damage_taken":0.0},{"cards_removed":["DTMod:Strike"],"damage_healed":0.0,"max_hp_gain":0.0,"max_hp_loss":0.0,"gold_gain":0.0,"event_name":"Beggar","player_choice":"Gave Gold","floor":21.0,"gold_loss":75.0,"damage_taken":0.0},{"damage_healed":0.0,"max_hp_gain":0.0,"max_hp_loss":0.0,"gold_gain":0.0,"event_name":"The Mausoleum","player_choice":"Opened","floor":22.0,"gold_loss":0.0,"damage_taken":0.0,"relics_obtained":["Ancient Tea Set"]},{"damage_healed":0.0,"max_hp_gain":0.0,"max_hp_loss":0.0,"gold_gain":0.0,"event_name":"Tomb of Lord Red Mask","player_choice":"Paid","floor":38.0,"gold_loss":55.0,"damage_taken":0.0,"relics_obtained":["Red Mask"]},{"cards_removed":["DTMod:Shift"],"damage_healed":0.0,"max_hp_gain":0.0,"max_hp_loss":0.0,"gold_gain":0.0,"event_name":"Falling","player_choice":"Removed Skill","floor":42.0,"gold_loss":0.0,"damage_taken":0.0},{"damage_healed":0.0,"max_hp_gain":0.0,"max_hp_loss":0.0,"gold_gain":0.0,"event_name":"MindBloom","player_choice":"Upgrade","floor":44.0,"gold_loss":0.0,"damage_taken":0.0,"cards_upgraded":["DTMod:DoubleHit","DTMod:SwitchingTactic","DTMod:Hide","DTMod:Cover","DTMod:BalancedStrike","DTMod:Dissolve","DTMod:RecklessFlurry","DTMod:Prediction","DTMod:MagicField","DTMod:FierySynthesis","DTMod:Cover","DTMod:ShadowImage","DTMod:Coolant","DTMod:Dissolve","DTMod:Dissolve","DTMod:Safeguard","DTMod:Multitask","DTMod:Multitask","DTMod:QuickFly","DTMod:EchoTactic","DTMod:MagicField","DTMod:BizarreTactic","DTMod:BizarreTactic","DTMod:RunningTactic"],"relics_obtained":["Mark of the Bloom"]}],"is_beta":false,"boss_relics":[{"not_picked":["Empty Cage","Runic Dome"],"picked":"Cursed Key"},{"not_picked":["Tiny House","Calling Bell"],"picked":"Pandora\u0027s Box"}],"items_purged_floors":[13,19,53],"is_endless":false,"potions_floor_spawned":[1,4,5,7,16,18,24,31,33,37,45],"ascension_level":1}}