{"host":"5trcja4hacd149zc","time":1608179494,"event":{"mods":["BaseMod","Colored Map","GifTheSpireLib","Minty Spire (QoL Compilation)","Relic Stats","StSLib"],"gold_per_floor":[119,269,269,294,274,299,315,315,315,342,0,0,17,17,17,89,89,101,101,1,55,72,72,72],"floor_reached":23,"playtime":438,"items_purged":["Doubt","Strike_B"],"score":440,"play_id":"209e3363-02bc-4037-923d-7d1e1a18b520","local_time":"20201216223134","is_ascension_mode":true,"campfire_choices":[{"data":"FTL","floor":8,"key":"SMITH"},{"data":"Ball Lightning","floor":12,"key":"SMITH"},{"data":"Self Repair","floor":15,"key":"SMITH"}],"circlet_count":0,"master_deck":["AscendersBane","Strike_B+1","Strike_B","Strike_B","Defend_B","Defend_B","Defend_B","Defend_B","Zap","Dualcast","Streamline+1","Leap","FTL+1","Rip and Tear","Ball Lightning+1","Self Repair+1","Conserve Battery","Core Surge","Chill+1"],"relics":["Cracked Core","NeowsBlessing","Whetstone","Boot","Darkstone Periapt","Happy Flower","Runic Capacitor","Runic Dome","Dream Catcher"],"acts_visited":["Exordium","TheCity"],"potions_floor_usage":[16],"damage_taken":[{"damage":0,"enemies":"Cultist","floor":1,"turns":1},{"damage":0,"enemies":"Lagavulin","floor":6,"turns":1},{"damage":0,"enemies":"Small Slimes","floor":7,"turns":1},{"damage":31,"enemies":"3 Sentries","floor":10,"turns":8},{"damage":12,"enemies":"Jaw Worm","floor":13,"turns":2},{"damage":21,"enemies":"Slime Boss","floor":16,"turns":8},{"damage":46,"enemies":"3 Byrds","floor":18,"turns":4},{"damage":13,"enemies":"2 Thieves","floor":22,"turns":4},{"damage":24,"enemies":"Book of Stabbing","floor":23,"turns":2}],"seed_played":"1223692606865162443","potions_obtained":[{"floor":1,"key":"PowerPotion"},{"floor":5,"key":"FearPotion"},{"floor":16,"key":"SpeedPotion"}],"is_trial":false,"path_per_floor":["M","?","?","T","?","E","M","R","T","E","$","R","M","$","R","B",null,"M","?","$","T","M","E"],"character_chosen":"DEFECT","items_purchased":["Ball Lightning","Self Repair","Runic Capacitor"],"campfire_rested":0,"item_purchase_floors":[11,11,11],"current_hp_per_floor":[64,64,69,69,69,69,69,69,69,38,38,38,33,33,33,22,63,27,27,27,27,24,0,0],"gold":72,"neow_bonus":"THREE_ENEMY_KILL","is_daily":false,"chose_seed":false,"campfire_upgraded":3,"win_rate":0.0,"timestamp":1608179494,"path_taken":["M","?","?","?","?","E","M","R","T","E","$","R","?","$","R","BOSS","M","?","$","?","?","E"],"items_purchased_type":["Card","Card","Relic"],"build_version":"2020-12-13","purchased_purges":2,"victory":false,"max_hp_per_floor":[71,71,76,76,76,76,76,76,76,76,76,76,76,76,76,76,76,76,76,76,76,76,76,76],"relic_stats":{"Darkstone Periapt":0,"Dream Catcher":0,"Happy Flower":[6],"counters":[9,31],"Whetstone":["Strike_B","Streamline"],"Boot":[14],"obtain_stats":[{"Darkstone Periapt":9,"Runic Dome":17,"Dream Catcher":21,"NeowsBlessing":0,"Happy Flower":10,"Runic Capacitor":11,"Whetstone":4,"Cracked Core":0,"Boot":6},{"Darkstone Periapt":3,"Runic Dome":6,"Dream Catcher":7,"NeowsBlessing":0,"Happy Flower":4,"Runic Capacitor":4,"Whetstone":1,"Cracked Core":0,"Boot":2},{"Darkstone Periapt":3,"Runic Dome":21,"Dream Catcher":25,"NeowsBlessing":0,"Happy Flower":11,"Runic Capacitor":11,"Whetstone":1,"Cracked Core":0,"Boot":2}]},"card_choices":[{"not_picked":["Reprogram","Undo"],"picked":"Streamline","floor":1},{"not_picked":["Steam","Auto Shields"],"picked":"Leap","floor":6},{"not_picked":["Hologram","Gash"],"picked":"FTL","floor":7},{"not_picked":["Redo","Darkness"],"picked":"Rip and Tear","floor":10},{"not_picked":["Gash","Rebound"],"picked":"Conserve Battery","floor":13},{"not_picked":["Buffer","Multi-Cast"],"picked":"Core Surge","floor":16},{"not_picked":["Redo","Go for the Eyes"],"picked":"Chill+1","floor":18},{"not_picked":["Streamline","Turbo","Steam"],"picked":"SKIP","floor":22}],"player_experience":748343,"relics_obtained":[{"floor":4,"key":"Whetstone"},{"floor":6,"key":"Boot"},{"floor":9,"key":"Darkstone Periapt"},{"floor":10,"key":"Happy Flower"},{"floor":21,"key":"Dream Catcher"}],"event_choices":[{"damage_healed":0,"gold_gain":150,"player_choice":"AGREE","damage_taken":0,"max_hp_gain":0,"max_hp_loss":0,"event_name":"Liars Game","floor":2,"gold_loss":0,"cards_obtained":["Doubt"]},{"damage_healed":0,"gold_gain":0,"player_choice":"Donut","damage_taken":0,"max_hp_gain":5,"max_hp_loss":0,"event_name":"Big Fish","floor":3,"gold_loss":0},{"damage_healed":0,"gold_gain":0,"player_choice":"Bought 1 Potion","damage_taken":0,"max_hp_gain":0,"max_hp_loss":0,"event_name":"The Woman in Blue","floor":5,"gold_loss":0},{"damage_healed":0,"gold_gain":0,"player_choice":"Got Potions","damage_taken":0,"max_hp_gain":0,"max_hp_loss":0,"event_name":"Lab","floor":19,"gold_loss":0}],"is_beta":false,"boss_relics":[{"not_picked":["Empty Cage","Tiny House"],"picked":"Runic Dome"}],"items_purged_floors":[11,20],"is_endless":false,"potions_floor_spawned":[1,6,13,16,18],"killed_by":"Book of Stabbing","ascension_level":20}}