{"host":"yk98keyoflza93y0","time":1608173486,"event":{"mods":["AchievementEnabler","BaseMod","BetterRewards","Card Forge","Colored Map","DeckTracker","Minty Spire (QoL Compilation)","Shop Mod","StSLib","SuperFastMode","The Poker Player"],"gold_per_floor":[113,113,188,188,198,229,229,246,246,275,275,275,718,728,728,831,881,894,894,908,924,397,432,432,467,494,514,514,543,557,582,582,693,693,707,720,720,413,428,461,480,493,493,528,597,597,633,661,661,661,661,661,52,81,81],"floor_reached":56,"playtime":1545,"items_purged":["PokerPlayerMod:Diamond1","PokerPlayerMod:Diamond2","PokerPlayerMod:Spade1","PokerPlayerMod:Club2","PokerPlayerMod:Diamond4"],"score":3076,"play_id":"90c54591-37be-4d8f-be84-6883b310fc65","local_time":"20201217115126","is_ascension_mode":true,"metric_token":734,"campfire_choices":[{"data":"PokerPlayerMod:TrumpStrike","floor":7,"key":"SMITH"},{"data":"PokerPlayerMod:CloakAndDiamond","floor":12,"key":"SMITH"},{"data":"PokerPlayerMod:Diamond3","floor":15,"key":"PURGE"},{"data":"PokerPlayerMod:Diamond6","floor":28,"key":"SMITH"},{"data":"PokerPlayerMod:CardBurn","floor":32,"key":"SMITH"},{"data":"PokerPlayerMod:Heart2","floor":46,"key":"PURGE"},{"floor":49,"key":"RECALL"},{"data":"PokerPlayerMod:Spade3","floor":52,"key":"PURGE"}],"circlet_count":0,"master_deck":["AscendersBane","PokerPlayerMod:Diamond7","PokerPlayerMod:Spade5","PokerPlayerMod:TrumpStrike+1","PokerPlayerMod:BadJoker+1","PokerPlayerMod:Mulligan+1","PokerPlayerMod:Club7","PokerPlayerMod:CloakAndDiamond+1","PokerPlayerMod:Diamond7","PokerPlayerMod:Club9","PokerPlayerMod:Spade9","PokerPlayerMod:CloakAndDiamond+1","PokerPlayerMod:ItsShowtime+1","PokerPlayerMod:Heart7","PokerPlayerMod:CardBurn+1","PokerPlayerMod:Club7","PokerPlayerMod:Club7","PokerPlayerMod:WildCard+1"],"relics":["PokerPlayerMod:DeckCase","Hammer of Thor","Seething Fire","Anvil of the Gods","White Beast Statue","Mango","FossilizedHelix","Molten Egg 2","Peace Pipe","Calipers","Akabeko","PokerPlayerMod:StuffedPocket","Happy Flower","Sundial","PokerPlayerMod:JackpotMachine","Tiny House","Turnip","Whetstone","HornCleat","PreservedInsect","Matryoshka","Omamori","CeramicFish","Bronze Scales","Coffee Dripper","PokerPlayerMod:Splitter","Toxic Egg 2","Vajra","Bottled Lightning","Prayer Wheel","Question Card","Toy Ornithopter","Ice Cream","Membership Card","Blood Vial"],"acts_visited":["Exordium","TheCity","TheBeyond","TheEnding"],"potions_floor_usage":[10,18,30,55],"damage_taken":[{"damage":0,"enemies":"Cultist","floor":1,"turns":2},{"damage":0,"enemies":"2 Louse","floor":5,"turns":1},{"damage":0,"enemies":"3 Sentries","floor":6,"turns":3},{"damage":0,"enemies":"Jaw Worm","floor":8,"turns":3},{"damage":0,"enemies":"Gremlin Nob","floor":10,"turns":4},{"damage":0,"enemies":"Gremlin Gang","floor":14,"turns":1},{"damage":0,"enemies":"Slime Boss","floor":16,"turns":5},{"damage":7,"enemies":"Shell Parasite","floor":18,"turns":4},{"damage":11,"enemies":"2 Thieves","floor":20,"turns":3},{"damage":0,"enemies":"Sentry and Sphere","floor":21,"turns":2},{"damage":0,"enemies":"Gremlin Leader","floor":23,"turns":3},{"damage":0,"enemies":"Book of Stabbing","floor":25,"turns":3},{"damage":0,"enemies":"Cultist and Chosen","floor":27,"turns":2},{"damage":0,"enemies":"Gremlin Leader","floor":29,"turns":2},{"damage":0,"enemies":"Snake Plant","floor":30,"turns":1},{"damage":0,"enemies":"Sentry and Sphere","floor":31,"turns":3},{"damage":0,"enemies":"Automaton","floor":33,"turns":5},{"damage":0,"enemies":"3 Darklings","floor":35,"turns":1},{"damage":0,"enemies":"3 Shapes","floor":36,"turns":1},{"damage":0,"enemies":"3 Darklings","floor":39,"turns":1},{"damage":0,"enemies":"Nemesis","floor":40,"turns":2},{"damage":0,"enemies":"Writhing Mass","floor":41,"turns":1},{"damage":0,"enemies":"4 Shapes","floor":42,"turns":1},{"damage":0,"enemies":"Giant Head","floor":44,"turns":2},{"damage":0,"enemies":"Reptomancer","floor":47,"turns":1},{"damage":0,"enemies":"Sphere and 2 Shapes","floor":48,"turns":2},{"damage":0,"enemies":"Donu and Deca","floor":50,"turns":3},{"damage":0,"enemies":"Shield and Spear","floor":54,"turns":1},{"damage":32,"enemies":"The Heart","floor":55,"turns":5}],"seed_played":"-9044070649351172499","potions_obtained":[{"floor":1,"key":"Energy Potion"},{"floor":5,"key":"Strength Potion"},{"floor":10,"key":"Strength Potion"},{"floor":14,"key":"FearPotion"},{"floor":16,"key":"SkillPotion"},{"floor":18,"key":"Fruit Juice"},{"floor":20,"key":"Regen Potion"},{"floor":30,"key":"DuplicationPotion"},{"floor":35,"key":"Ancient Potion"}],"is_trial":false,"path_per_floor":["M","?","?","?","M","E","R","M","T","E","?","R","$","M","R","B",null,"M","T","M","M","$","E","?","E","T","M","R","E","M","M","R","B",null,"M","M","?","$","M","E","M","M","T","E","T","R","E","M","R","B",null,"R","$","E","B",null],"character_chosen":"THE_POKER_PLAYER","items_purchased":["White Beast Statue","Mango","Molten Egg 2","Peace Pipe","Akabeko","PokerPlayerMod:JackpotMachine","PokerPlayerMod:Club9","Whetstone","HornCleat","PokerPlayerMod:Splitter","Ice Cream","Membership Card"],"campfire_rested":0,"item_purchase_floors":[0,0,0,0,0,13,13,22,22,38,53,53],"current_hp_per_floor":[63,63,52,57,57,57,57,57,57,57,57,57,57,57,57,61,74,72,72,61,61,61,61,61,61,61,69,69,73,81,81,81,81,81,81,81,81,81,81,81,81,81,81,81,81,81,81,81,81,81,81,81,81,81,56],"gold":81,"neow_bonus":"","is_daily":false,"chose_seed":false,"campfire_upgraded":4,"win_rate":0.0,"timestamp":1608173486,"path_taken":["M","?","?","?","M","E","R","M","T","E","?","R","$","M","R","BOSS","M","?","?","M","$","E","?","E","T","M","R","E","M","M","R","BOSS","M","?","?","$","?","E","M","M","T","E","?","R","E","M","R","BOSS","R","$","E","BOSS"],"items_purchased_type":["Relic","Relic","Relic","Relic","Relic","Relic","Card","Relic","Relic","Relic","Relic","Relic"],"build_version":"2020-12-13","purchased_purges":5,"victory":true,"max_hp_per_floor":[66,66,66,71,71,71,71,71,71,71,71,71,71,71,71,71,76,81,81,81,81,81,81,81,81,81,81,81,81,81,81,81,81,81,81,81,81,81,81,81,81,81,81,81,81,81,81,81,81,81,81,81,81,81,81],"card_choices":[{"not_picked":["PokerPlayerMod:SpadeStrike+1","PokerPlayerMod:SecondChance+1","PokerPlayerMod:Spade2"],"picked":"SKIP","floor":1},{"not_picked":["PokerPlayerMod:Heart3","PokerPlayerMod:Diamond3"],"picked":"PokerPlayerMod:CloakAndDiamond","floor":5},{"not_picked":["PokerPlayerMod:MagicTrick","PokerPlayerMod:Diamond2"],"picked":"PokerPlayerMod:Diamond7","floor":6},{"not_picked":["PokerPlayerMod:ClubStrike+1","PokerPlayerMod:Spade3","PokerPlayerMod:Heart3"],"picked":"SKIP","floor":8},{"not_picked":["PokerPlayerMod:DiamondStrike+1","PokerPlayerMod:Heart3","PokerPlayerMod:Configure"],"picked":"SKIP","floor":10},{"not_picked":["PokerPlayerMod:Fold","PokerPlayerMod:DartThrow+1","PokerPlayerMod:Club4"],"picked":"SKIP","floor":14},{"not_picked":["PokerPlayerMod:VarietyAttack+1","PokerPlayerMod:GamblerForm"],"picked":"PokerPlayerMod:Spade9","floor":16},{"not_picked":["PokerPlayerMod:Configure","PokerPlayerMod:FillThePot"],"picked":"PokerPlayerMod:CloakAndDiamond","floor":18},{"not_picked":["PokerPlayerMod:Diamond5","PokerPlayerMod:Spade5","PokerPlayerMod:Configure+1"],"picked":"SKIP","floor":20},{"not_picked":["PokerPlayerMod:Manipulation","PokerPlayerMod:ClubsClub+1","PokerPlayerMod:DiamondStrike+1"],"picked":"SKIP","floor":21},{"not_picked":["PokerPlayerMod:Diamond8","PokerPlayerMod:Spade1"],"picked":"PokerPlayerMod:ItsShowtime","floor":23},{"not_picked":["PokerPlayerMod:Club6","PokerPlayerMod:Spade9"],"picked":"PokerPlayerMod:Heart7","floor":25},{"not_picked":["PokerPlayerMod:Fold","PokerPlayerMod:DiamondStrike+1","PokerPlayerMod:Configure"],"picked":"SKIP","floor":27},{"not_picked":["PokerPlayerMod:WasteCollection","PokerPlayerMod:Diamond4","PokerPlayerMod:Club3"],"picked":"SKIP","floor":29},{"not_picked":["PokerPlayerMod:DamnStraight","PokerPlayerMod:Raise","PokerPlayerMod:Spade5"],"picked":"SKIP","floor":30},{"not_picked":["PokerPlayerMod:PoorCopy","PokerPlayerMod:Configure"],"picked":"PokerPlayerMod:CardBurn","floor":31},{"not_picked":["PokerPlayerMod:Diamond7","PokerPlayerMod:GamblerForm"],"picked":"PokerPlayerMod:Club7","floor":33},{"not_picked":["PokerPlayerMod:RiskyBet","PokerPlayerMod:Heart5","PokerPlayerMod:Heart1"],"picked":"SKIP","floor":35},{"not_picked":["PokerPlayerMod:JackOfSpades","PokerPlayerMod:Diamond2","PokerPlayerMod:ClubStrike+1"],"picked":"SKIP","floor":36},{"not_picked":["PokerPlayerMod:DartThrow+1","PokerPlayerMod:Extraction+1","PokerPlayerMod:Diamond5"],"picked":"SKIP","floor":39},{"not_picked":["PokerPlayerMod:Diamond2","PokerPlayerMod:Spade1","PokerPlayerMod:JackOfSpades+1"],"picked":"SKIP","floor":40},{"not_picked":["PokerPlayerMod:Configure+1","PokerPlayerMod:Trickery+1","PokerPlayerMod:CardPrinter+1"],"picked":"SKIP","floor":41},{"not_picked":["PokerPlayerMod:ClubsClub+1","PokerPlayerMod:Harden","PokerPlayerMod:Overdeal+1"],"picked":"SKIP","floor":42},{"not_picked":["PokerPlayerMod:Fold+1","PokerPlayerMod:DamnStraight","PokerPlayerMod:Diamond6"],"picked":"SKIP","floor":44},{"not_picked":["PokerPlayerMod:Diamond1","PokerPlayerMod:Spade2","PokerPlayerMod:Heart3"],"picked":"PokerPlayerMod:Club7","floor":47},{"not_picked":["PokerPlayerMod:MagicTrick+1","PokerPlayerMod:CardBurn+1","PokerPlayerMod:DartThrow+1"],"picked":"PokerPlayerMod:WildCard+1","floor":48},{"not_picked":["PokerPlayerMod:Diamond4","PokerPlayerMod:MagicTrick+1","PokerPlayerMod:JackOfSpades+1","PokerPlayerMod:CardBurn+1"],"picked":"SKIP","floor":48},{"not_picked":["PokerPlayerMod:MagicTrick+1","PokerPlayerMod:FakeSymbols","PokerPlayerMod:Diamond8","PokerPlayerMod:Spade4"],"picked":"SKIP","floor":54}],"player_experience":1493475,"relics_obtained":[{"floor":6,"key":"PokerPlayerMod:StuffedPocket"},{"floor":10,"key":"Happy Flower"},{"floor":19,"key":"Turnip"},{"floor":23,"key":"PreservedInsect"},{"floor":25,"key":"Matryoshka"},{"floor":26,"key":"Omamori"},{"floor":26,"key":"CeramicFish"},{"floor":29,"key":"Bronze Scales"},{"floor":40,"key":"Toxic Egg 2"},{"floor":43,"key":"Vajra"},{"floor":43,"key":"Bottled Lightning"},{"floor":44,"key":"Prayer Wheel"},{"floor":45,"key":"Question Card"},{"floor":47,"key":"Toy Ornithopter"},{"floor":54,"key":"Blood Vial"}],"event_choices":[{"cards_removed":["PokerPlayerMod:Club1"],"damage_healed":0,"gold_gain":0,"player_choice":"Trade","damage_taken":0,"max_hp_gain":0,"max_hp_loss":0,"event_name":"PokerPlayerMod:ExordiumClub","floor":2,"gold_loss":0,"cards_obtained":["PokerPlayerMod:Club5"]},{"damage_healed":0,"gold_gain":75,"player_choice":"Gather Gold","damage_taken":11,"max_hp_gain":0,"max_hp_loss":0,"event_name":"World of Goop","floor":3,"gold_loss":0},{"damage_healed":0,"gold_gain":0,"player_choice":"Donut","damage_taken":0,"max_hp_gain":5,"max_hp_loss":0,"event_name":"Big Fish","floor":4,"gold_loss":0},{"damage_healed":0,"gold_gain":0,"player_choice":"Gave Potion","damage_taken":0,"relics_obtained":["Sundial"],"max_hp_gain":0,"max_hp_loss":0,"event_name":"WeMeetAgain","floor":11,"gold_loss":0},{"damage_healed":0,"gold_gain":0,"player_choice":"0 cards matched","damage_taken":0,"max_hp_gain":0,"max_hp_loss":0,"event_name":"Match and Keep!","floor":24,"gold_loss":0,"cards_obtained":[]},{"cards_removed":["PokerPlayerMod:Spade2"],"damage_healed":0,"gold_gain":0,"player_choice":"Purged","damage_taken":0,"max_hp_gain":0,"max_hp_loss":0,"event_name":"Purifier","floor":37,"gold_loss":0}],"is_beta":false,"boss_relics":[{"not_picked":["Velvet Choker","Runic Dome"],"picked":"Tiny House"},{"not_picked":["SlaversCollar","Fusion Hammer"],"picked":"Coffee Dripper"}],"items_purged_floors":[0,13,22,38,53],"is_endless":false,"potions_floor_spawned":[1,5,6,8,10,14,16,18,20,21,23,25,27,29,30,31,33,35,36,39,40,41,42,44,47,48,54],"ascension_level":12}}