{"host":"63yhhrjweyj22b0v","time":1608182867,"event":{"mods":["BaseMod","Minty Spire (QoL Compilation)","Quick Restart"],"gold_per_floor":[117,41,60,35,52,82,94,94,149,160,160,187,198,198,198,302,302,313,330,280,297,18,18,18],"floor_reached":23,"playtime":590,"items_purged":[],"score":212,"play_id":"44cf8150-4b76-47ef-88cb-be0cbce1ba0a","local_time":"20201216232747","is_ascension_mode":true,"campfire_choices":[{"floor":8,"key":"REST"},{"floor":11,"key":"REST"},{"data":"Redo","floor":15,"key":"SMITH"}],"circlet_count":0,"master_deck":["Strike_B","Strike_B","Strike_B","Defend_B","Defend_B","Defend_B","Defend_B","Zap","Dualcast","Beam Cell","Defragment","Self Repair","Beam Cell","Ball Lightning","Storm","Redo","Redo+1","Core Surge","Leap","Leap","Melter","Thunder Strike","FTL"],"relics":["Cracked Core","NeowsBlessing","Darkstone Periapt","Orichalcum","Omamori","Inserter"],"acts_visited":["Exordium","TheCity"],"potions_floor_usage":[16,16,18,18,23,23],"damage_taken":[{"damage":0,"enemies":"Cultist","floor":1,"turns":1},{"damage":0,"enemies":"2 Louse","floor":3,"turns":1},{"damage":0,"enemies":"Small Slimes","floor":5,"turns":1},{"damage":40,"enemies":"3 Sentries","floor":6,"turns":6},{"damage":8,"enemies":"Exordium Thugs","floor":7,"turns":4},{"damage":14,"enemies":"2 Fungi Beasts","floor":10,"turns":3},{"damage":8,"enemies":"Blue Slaver","floor":13,"turns":2},{"damage":27,"enemies":"The Guardian","floor":16,"turns":8},{"damage":24,"enemies":"3 Byrds","floor":18,"turns":6},{"damage":9,"enemies":"Spheric Guardian","floor":19,"turns":4},{"damage":34,"enemies":"Snake Plant","floor":21,"turns":4},{"damage":26,"enemies":"Slavers","floor":23,"turns":1}],"seed_played":"-584472347621036762","potions_obtained":[{"floor":1,"key":"SteroidPotion"},{"floor":10,"key":"Swift Potion"},{"floor":13,"key":"SkillPotion"},{"floor":16,"key":"SkillPotion"},{"floor":21,"key":"BlessingOfTheForge"}],"is_trial":false,"path_per_floor":["M","$","M","$","M","E","M","R","T","M","R","T","M","?","R","B",null,"M","M","?","M","$","E"],"character_chosen":"DEFECT","items_purchased":["Defragment","Beam Cell","Thunder Strike","FTL","PowerPotion"],"campfire_rested":2,"item_purchase_floors":[2,4,22,22,22],"current_hp_per_floor":[75,75,75,75,75,42,41,63,63,56,75,75,74,74,74,54,75,58,49,49,22,22,0,0],"gold":18,"neow_bonus":"THREE_ENEMY_KILL","is_daily":false,"chose_seed":false,"campfire_upgraded":1,"win_rate":0.0,"timestamp":1608182867,"path_taken":["M","?","?","$","M","E","?","R","T","M","R","?","M","?","R","BOSS","M","M","?","?","$","E"],"items_purchased_type":["Card","Card","Card","Card","Potion"],"build_version":"2020-12-13","purchased_purges":0,"victory":false,"max_hp_per_floor":[75,75,75,75,75,75,75,75,75,75,75,75,75,75,75,75,75,75,75,75,75,75,75,75],"card_choices":[{"not_picked":["Rip and Tear","Compile Driver"],"picked":"Beam Cell","floor":1},{"not_picked":["Stack","Steam"],"picked":"Self Repair","floor":3},{"not_picked":["Streamline","Go for the Eyes"],"picked":"Ball Lightning","floor":5},{"not_picked":["Genetic Algorithm","Chill"],"picked":"Storm","floor":6},{"not_picked":["Meteor Strike","Scrape","Turbo"],"picked":"SKIP","floor":7},{"not_picked":["Sunder","Turbo","Stack"],"picked":"SKIP","floor":10},{"not_picked":["Rebound","Leap"],"picked":"Redo","floor":13},{"not_picked":["Biased Cognition","Hyperbeam"],"picked":"Core Surge","floor":16},{"not_picked":["Skim","Steam"],"picked":"Leap","floor":18},{"not_picked":["Go for the Eyes","Recycle"],"picked":"Leap","floor":19},{"not_picked":["Storm","Reprogram"],"picked":"Melter","floor":21}],"player_experience":616353,"relics_obtained":[{"floor":6,"key":"Darkstone Periapt"},{"floor":9,"key":"Orichalcum"},{"floor":12,"key":"Omamori"}],"event_choices":[{"damage_healed":0,"gold_gain":0,"cards_transformed":["Strike_B"],"player_choice":"Transformed","damage_taken":0,"max_hp_gain":0,"max_hp_loss":0,"event_name":"Transmorgrifier","floor":14,"gold_loss":0,"cards_obtained":["Redo"]},{"damage_healed":0,"gold_gain":0,"player_choice":"Bet on Murderer","damage_taken":0,"max_hp_gain":0,"max_hp_loss":0,"event_name":"The Joust","floor":20,"gold_loss":50}],"is_beta":false,"boss_relics":[{"not_picked":["Philosopher\u0027s Stone","Runic Pyramid"],"picked":"Inserter"}],"items_purged_floors":[],"is_endless":false,"potions_floor_spawned":[1,10,13,16,21],"killed_by":"Slavers","ascension_level":2}}