{"host":"2gg06yzptsyvmpvy","time":1608238285,"event":{"mods":["2.2 Compatiblity","AchievementEnabler","Act Like it!","Aspiration","BaseMod","Beaked The Cultist","Best Route Mod","Bestiary","Better Note","Better Synergies","Challenge The Spire","ChefMod","Colored Map","Colored Powertips","Colorless Booster Pack","Conjunction","Curses Come First","Downfall","Energized Spire","Friendly Minions","GifTheSpireLib","Glutton Mod","GungeonMod","Halation","Hermit","Highlight Path","Hubris","Humility","Jedi Mod","JesterMod","Jorbs\u0027s Wanderer Trilogy","Minty Spire (QoL Compilation)","Pale of the Ancients","Permanent Neow","Quick Restart","Random Character Button","Relic Stats","Replay The Spire","Retaliation","Reworked Bosses","SCP261 Mod","Shade Mod","Small Relic Pack","Spicy Shops","Spikes Relics","StSLib","Stuff the Spire","SuperFastMode","Swap Starting Deck Mod","The Clintock","The Construct","The Factory","The Hayseed","The Hierophant","The Judge","The Jungle","The Problem Sleuth","The Runesmith","The Servant 0.9.4","Trackpad","Treasure Hunter","Useless Jewels Mod","thorton","vexMod"],"gold_per_floor":[125,125,149,183,210,260,260,275,275,275],"floor_reached":8,"playtime":488,"items_purged":[],"score":61,"play_id":"11d4ca79-8667-4876-9f39-37e27366025c","local_time":"20201217135125","is_ascension_mode":true,"campfire_choices":[{"floor":7,"key":"REST"}],"circlet_count":0,"master_deck":["thethorton:Strike","thethorton:Strike","thethorton:Strike","thethorton:Strike","thethorton:Defend","thethorton:Defend","thethorton:Defend","thethorton:Defend","thethorton:Heckle","thethorton:CreditCard","Normality","thethorton:DualBap","thethorton:CoinShield","thethorton:MomentaryBreak","thethorton:ChartProject","TH:EnergyPotion","thethorton:Investment"],"relics":["thethorton:CouragePotion","trackpad:GuardianSpirit"],"acts_visited":["Exordium"],"potions_floor_usage":[6,6],"damage_taken":[{"damage":12,"enemies":"Small Slimes","floor":1,"turns":5},{"damage":17,"enemies":"Cultist","floor":3,"turns":5},{"damage":0,"enemies":"2 Louse","floor":4,"turns":3},{"damage":6,"enemies":"Exordium Wildlife","floor":5,"turns":6},{"damage":40,"enemies":"Lagavulin","floor":6,"turns":7},{"damage":75,"enemies":"3 Sentries","floor":8,"turns":7}],"seed_played":"5457840276279971063","potions_obtained":[{"floor":3,"key":"SCP261:BarrettColaPotion"},{"floor":5,"key":"SCP261:GirlTearsPotion"}],"is_trial":false,"path_per_floor":["M","?","M","M","M","E","R","E"],"character_chosen":"THE_THORT","items_purchased":[],"campfire_rested":1,"item_purchase_floors":[],"current_hp_per_floor":[56,68,51,51,48,11,31,6,6,6],"gold":275,"neow_bonus":"THREE_CARDS","is_daily":false,"chose_seed":false,"campfire_upgraded":0,"win_rate":0.0,"timestamp":1608238285,"path_taken":["M","?","?","M","M","E","R","E"],"items_purchased_type":[],"build_version":"2020-12-13","purchased_purges":0,"victory":false,"max_hp_per_floor":[68,68,68,68,68,68,68,68,68,68],"relic_stats":{"counters":[6,32],"obtain_stats":[{"trackpad:GuardianSpirit":6,"DemoMod:GlassGuonStoneRelic":3,"thethorton:CouragePotion":0},{"trackpad:GuardianSpirit":5,"DemoMod:GlassGuonStoneRelic":2,"thethorton:CouragePotion":0},{"trackpad:GuardianSpirit":26,"DemoMod:GlassGuonStoneRelic":10,"thethorton:CouragePotion":0}]},"card_choices":[{"not_picked":["thethorton:ShoutAndRun","thethorton:FearfulRun"],"picked":"thethorton:DualBap","floor":0},{"not_picked":["thethorton:DownPayment","thethorton:Crash","thethorton:RunningFeint"],"picked":"SKIP","floor":1},{"not_picked":["thethorton:BookBash","thethorton:TakeAccounts"],"picked":"thethorton:CoinShield","floor":3},{"not_picked":["thethorton:RichRun","thethorton:Distance"],"picked":"thethorton:MomentaryBreak","floor":4},{"not_picked":["thethorton:AngerMoment","thethorton:Distance"],"picked":"thethorton:ChartProject","floor":5},{"not_picked":["TH:CopperCoins"],"picked":"TH:EnergyPotion","floor":6},{"not_picked":["thethorton:GemGun","thethorton:SicklyRun"],"picked":"thethorton:Investment","floor":6}],"player_experience":1161276,"relics_obtained":[{"floor":6,"key":"trackpad:GuardianSpirit"}],"event_choices":[{"damage_healed":12,"gold_gain":0,"player_choice":"Full Heal","damage_taken":0,"max_hp_gain":0,"max_hp_loss":0,"event_name":"Wheel of Change","floor":2,"gold_loss":0}],"is_beta":false,"boss_relics":[],"items_purged_floors":[],"is_endless":false,"potions_floor_spawned":[3,5],"killed_by":"3 Sentries","ascension_level":1}}