{"host":"grli52lbdph2722t","time":1608240754,"event":{"mods":["AchievementEnabler","BaseMod","Downfall","Minty Spire (QoL Compilation)","Quick Restart","StSLib"],"gold_per_floor":[99,127,127,156,171,189,189,189,218,229,63,163,226,253,264,360,360,360,360,373,298,330,344,344,344,373,298,143,159,159,72,83,178,178,178,213,227,258,258,258,258,275,294,326,341,354,354,354],"floor_reached":47,"playtime":2958,"items_purged":["champ:Strike","champ:Strike","champ:Strike"],"score":998,"play_id":"4bc1b78d-9f5f-405b-99bd-ea74aebc4ceb","local_time":"20201217223234","is_ascension_mode":true,"campfire_choices":[{"data":"champ:Taunt","floor":1.0,"key":"SMITH"},{"data":"champ:RecklessLeap","floor":8.0,"key":"SMITH"},{"floor":18.0,"key":"RECALL"},{"data":"champ:StanceDance","floor":21,"key":"SMITH"},{"data":"champ:BerserkerStyle","floor":27,"key":"SMITH"},{"data":"champ:GladiatorStyle","floor":35,"key":"SMITH"},{"data":"champ:GladiatorStyle","floor":40,"key":"SMITH"}],"circlet_count":0,"master_deck":["champ:Strike","champ:Defend","champ:Defend","champ:Defend","champ:Defend","champ:Execute","champ:Taunt+1","champ:Encircle","champ:LastStand","champ:RecklessLeap+1","champ:Lariat","champ:GladiatorsShout","champ:ShieldWall","champ:SteelEdge","champ:Duel","champ:BringItOn","champ:StanceDance+1","champ:IgnorePain","champ:DefensiveStyle+1","champ:BerserkerStyle+1","champ:CalledShot","champ:Devastate","champ:GladiatorStyle+1","champ:HoldFirm+1","champ:CalledShot+1","champ:GladiatorStyle+1","champ:EnchantSword+1","champ:Duel+1","champ:HoldFirm+1","champ:HoldFirm+1"],"relics":["champ:ChampionCrown","downfall:HeartsMalice","Mummified Hand","Kunai","Centennial Puzzle","Guardian:PocketSentry","CloakClasp","StrikeDummy","Art of War","sneckomod:SneckoTalon","downfall:HeartBlessingRed","Toxic Egg 2","Enchiridion","Potion Belt","downfall:HeartBlessingBlue","Orrery","Cursed Key","Letter Opener","champ:DefensiveTrainingManual","Gambling Chip"],"acts_visited":["Exordium","TheCity","TheBeyond"],"potions_floor_usage":[22],"damage_taken":[{"damage":0.0,"enemies":"3 Sentries","floor":2.0,"turns":1.0},{"damage":0.0,"enemies":"Cultist","floor":3.0,"turns":1.0},{"damage":0.0,"enemies":"Lagavulin","floor":4.0,"turns":1.0},{"damage":10.0,"enemies":"2 Louse","floor":5.0,"turns":4.0},{"damage":12.0,"enemies":"Jaw Worm","floor":6.0,"turns":5.0},{"damage":49.0,"enemies":"3 Sentries","floor":9.0,"turns":7.0},{"damage":29.0,"enemies":"Exordium Wildlife","floor":10.0,"turns":7.0},{"damage":33.0,"enemies":"downfall:FleeingMerchant","floor":11.0,"turns":4.0},{"damage":22.0,"enemies":"downfall:FleeingMerchant","floor":12.0,"turns":5.0},{"damage":30.0,"enemies":"Gremlin Nob","floor":13.0,"turns":3.0},{"damage":4.0,"enemies":"3 Louse","floor":15.0,"turns":3.0},{"damage":26.0,"enemies":"downfall:Ironclad","floor":16.0,"turns":12.0},{"damage":24,"enemies":"Shell Parasite","floor":20,"turns":4},{"damage":29,"enemies":"Slavers","floor":22,"turns":4},{"damage":41,"enemies":"3 Cultists","floor":23,"turns":5},{"damage":53,"enemies":"Book of Stabbing","floor":26,"turns":4},{"damage":42,"enemies":"downfall:FleeingMerchant","floor":28,"turns":4},{"damage":32,"enemies":"Snecko","floor":29,"turns":3},{"damage":30,"enemies":"downfall:FleeingMerchant","floor":31,"turns":3},{"damage":23,"enemies":"Snake Plant","floor":32,"turns":3},{"damage":37,"enemies":"downfall:Defect","floor":33,"turns":8},{"damage":29,"enemies":"Nemesis","floor":36,"turns":9},{"damage":21,"enemies":"Orb Walker","floor":37,"turns":3},{"damage":23,"enemies":"Giant Head","floor":38,"turns":10},{"damage":43,"enemies":"3 Shapes","floor":42,"turns":3},{"damage":19,"enemies":"Maw","floor":43,"turns":7},{"damage":29,"enemies":"Reptomancer","floor":44,"turns":5},{"damage":55,"enemies":"4 Shapes","floor":45,"turns":6},{"damage":33,"enemies":"Transient","floor":46,"turns":5},{"damage":43,"enemies":"Sphere and 2 Shapes","floor":47,"turns":3}],"seed_played":"3113099828975582267","potions_obtained":[{"floor":4.0,"key":"Block Potion"},{"floor":9.0,"key":"SteroidPotion"},{"floor":10.0,"key":"SpeedPotion"},{"floor":15.0,"key":"Ancient Potion"},{"floor":16.0,"key":"Strength Potion"},{"floor":32,"key":"Strength Potion"},{"floor":33,"key":"ColorlessPotion"},{"floor":36,"key":"PowerPotion"},{"floor":38,"key":"FearPotion"},{"floor":43,"key":"ColorlessPotion"}],"is_trial":false,"path_per_floor":["R","E","M","E","M","M","T","R","E","M","$","?","?","T","M","B",null,"R","?","M","R","E","M","T","?","E","R","$","M","?","$","M","B",null,"R","E","M","E","?","R","T","M","M","E","M","M","M"],"character_chosen":"THE_CHAMP","items_purchased":["champ:Duel","champ:CalledShot","champ:GladiatorStyle","Orrery","champ:EnchantSword+1"],"campfire_rested":0,"item_purchase_floors":[11,28,31,31,31],"current_hp_per_floor":[81,81,81,81,78,68,68,68,45,38,34,34,27,27,27,21,73,73,73,69,69,64,64,64,48,47,57,57,57,57,57,57,57,89,89,89,89,89,89,89,89,75,74,56,41,41,0,0],"gold":354,"neow_bonus":"THREE_ENEMY_KILL","is_daily":false,"chose_seed":false,"campfire_upgraded":6,"win_rate":0.0,"timestamp":1608240754,"path_taken":["R","E","M","E","M","M","T","R","E","?","$","?","?","?","M","BOSS","R","?","M","R","E","M","T","?","E","R","$","M","?","$","M","BOSS","R","E","M","E","?","R","T","?","M","E","M","M","M"],"items_purchased_type":["Card","Card","Card","Relic","Card"],"build_version":"2020-12-13","purchased_purges":3,"victory":false,"max_hp_per_floor":[90,90,90,90,90,90,90,90,90,90,90,90,90,90,90,90,90,90,90,90,90,90,90,90,90,90,100,100,100,100,100,100,100,100,100,100,100,100,100,100,100,100,100,100,100,100,100,100],"card_choices":[{"not_picked":["champ:GutPunch","champ:Riposte"],"picked":"champ:Encircle","floor":2.0},{"not_picked":["champ:HeartStrike","champ:TornadoPunch","champ:Circumvent"],"picked":"SKIP","floor":3.0},{"not_picked":["champ:StanceDance","champ:BladeFlurry"],"picked":"champ:LastStand","floor":4.0},{"not_picked":["champ:StanceDance","champ:FocusedDefense"],"picked":"champ:RecklessLeap","floor":5.0},{"not_picked":["champ:PerfectedStrike","champ:RapidStrikes"],"picked":"champ:Lariat","floor":6.0},{"not_picked":["champ:Backstep","champ:SwordSigil"],"picked":"champ:GladiatorsShout","floor":9.0},{"not_picked":["champ:GladiatorsShout","champ:BringItOn"],"picked":"champ:ShieldWall","floor":10.0},{"not_picked":["champ:StanceDance","champ:RapidStrikes"],"picked":"champ:SteelEdge","floor":11.0},{"not_picked":["champ:AdrenalArmor","champ:ShieldSigil"],"picked":"champ:BringItOn","floor":12.0},{"not_picked":["champ:CrookedStrike","champ:RageSigil"],"picked":"champ:StanceDance","floor":15.0},{"not_picked":["champ:Devastate","champ:EnchantShield"],"picked":"champ:IgnorePain","floor":16.0},{"not_picked":["champ:BerserkersShout","champ:PerfectedStrike"],"picked":"champ:DefensiveStyle+1","floor":20},{"not_picked":["champ:SwordSigil+1","champ:ShieldSigil+1"],"picked":"champ:BerserkerStyle","floor":22},{"not_picked":["champ:RisingSlash+1","champ:Duel","champ:StanceDance+1"],"picked":"SKIP","floor":23},{"not_picked":["champ:BringItOn+1","champ:PreciseThrust","champ:FaceSlap"],"picked":"SKIP","floor":26},{"not_picked":["champ:Backstep+1","champ:SkillfulDodge+1","champ:GutPunch"],"picked":"SKIP","floor":28},{"not_picked":["champ:RecklessLeap+1","champ:FocusedGladiator+1"],"picked":"champ:Devastate","floor":29},{"not_picked":["champ:Backstep+1","champ:SwordSigil+1","champ:BerserkersShout+1"],"picked":"SKIP","floor":31},{"not_picked":["champ:Circumvent+1","champ:FocusedGladiator+1"],"picked":"champ:HoldFirm+1","floor":31},{"not_picked":["champ:Circumvent+1","champ:PerfectedStrike"],"picked":"champ:CalledShot+1","floor":31},{"not_picked":["champ:BringItOn+1","champ:PerfectedStrike"],"picked":"champ:GladiatorStyle","floor":31},{"not_picked":["champ:AdrenalArmor+1","champ:PerfectedStrike"],"picked":"champ:Duel+1","floor":32},{"not_picked":["champ:EnchantCrown+1","champ:SteelEdge"],"picked":"champ:HoldFirm+1","floor":33},{"not_picked":["champ:ShieldSigil+1","champ:DefensiveStyle","champ:BladeFlurry"],"picked":"SKIP","floor":36},{"not_picked":["champ:RecklessLeap+1","champ:FlashCut","champ:StanceDance+1"],"picked":"SKIP","floor":37},{"not_picked":["champ:BladeFlurry","champ:Riposte+1","champ:SwordSigil+1"],"picked":"SKIP","floor":38},{"not_picked":["champ:DefensiveShout+1","champ:CrookedStrike","champ:RisingSlash"],"picked":"SKIP","floor":42},{"not_picked":["champ:Devastate","champ:BladeFlurry+1","champ:CrookedStrike"],"picked":"SKIP","floor":43},{"not_picked":["champ:RisingSlash","champ:Riposte+1","champ:SwordSigil+1"],"picked":"SKIP","floor":44},{"not_picked":["champ:ArenaPreparation+1","champ:TornadoPunch+1","champ:BringItOn+1"],"picked":"SKIP","floor":45},{"not_picked":["champ:Circumvent+1","champ:StanceDance+1","champ:TornadoPunch+1"],"picked":"SKIP","floor":46}],"player_experience":4865096,"relics_obtained":[{"floor":2.0,"key":"Mummified Hand"},{"floor":4.0,"key":"Kunai"},{"floor":7.0,"key":"Centennial Puzzle"},{"floor":9.0,"key":"Guardian:PocketSentry"},{"floor":12.0,"key":"CloakClasp"},{"floor":13.0,"key":"StrikeDummy"},{"floor":14.0,"key":"Art of War"},{"floor":22,"key":"Toxic Egg 2"},{"floor":25,"key":"Enchiridion"},{"floor":26,"key":"Potion Belt"},{"floor":36,"key":"Letter Opener"},{"floor":38,"key":"champ:DefensiveTrainingManual"},{"floor":44,"key":"Gambling Chip"}],"event_choices":[{"damage_healed":0,"gold_gain":0,"player_choice":"Copied","damage_taken":0,"max_hp_gain":0,"max_hp_loss":0,"event_name":"Duplicator","floor":39,"gold_loss":0,"cards_obtained":["champ:HoldFirm"]}],"is_beta":false,"boss_relics":[{"not_picked":["Velvet Choker","Sozu"],"picked":"sneckomod:SneckoTalon"},{"not_picked":["Runic Pyramid","Calling Bell"],"picked":"Cursed Key"}],"items_purged_floors":[11,28,31],"is_endless":false,"potions_floor_spawned":[4,9,10,15,16,32,33,36,38,43,44,45],"killed_by":"Sphere and 2 Shapes","ascension_level":7}}