{"host":"Ian","time":1608206447,"event":{"mods":["BaseMod","Bestiary","Block Reminder","Colored Map","Highlight Path","Key Reminder","Minty Spire (QoL Compilation)","Relic Stats"],"gold_per_floor":[110,110,122,1,17,17,50,50,50,73,73,108,118,137,137,216,216,230,58,77,88,105,138,138,158,158,158,188,199,224,149,149,226,226,244,244,255,268,268,268,298,298,298,298,324,356,356,108,108,108,108,108,108,68,95,95],"floor_reached":57,"playtime":3260,"items_purged":["Pain"],"score":2781,"play_id":"7b3bbffa-a5e8-4d3a-8970-68a3038d870e","local_time":"20201217120047","is_ascension_mode":true,"campfire_choices":[{"data":"Bash","floor":6,"key":"SMITH"},{"data":"True Grit","floor":8,"key":"SMITH"},{"data":"Disarm","floor":15,"key":"SMITH"},{"data":"Feel No Pain","floor":24,"key":"SMITH"},{"data":"Bludgeon","floor":27,"key":"SMITH"},{"data":"Perfected Strike","floor":32,"key":"SMITH"},{"floor":40,"key":"REST"},{"data":"Immolate","floor":42,"key":"SMITH"},{"floor":44,"key":"RECALL"},{"floor":49,"key":"REST"},{"floor":53,"key":"REST"}],"circlet_count":0,"master_deck":["AscendersBane","Strike_R","Defend_R","Defend_R","Defend_R","Defend_R","Bash+1","Havoc","Cleave","Feel No Pain+1","Disarm+1","Shockwave","True Grit+1","Armaments","Bludgeon+1","Thunderclap","True Grit","Corruption","Disarm+1","Impervious","Clothesline","Flame Barrier+1","Perfected Strike+1","Shrug It Off","Pommel Strike","Corruption","Inflame","Battle Trance","Fiend Fire+1","Rampage","Clothesline","Immolate+1","Headbutt","Dark Embrace"],"relics":["Burning Blood","Regal Pillow","Paper Frog","HornCleat","Ornamental Fan","Odd Mushroom","Dream Catcher","Snecko Eye","MealTicket","Self Forming Clay","Tiny Chest","Nunchaku","Empty Cage","WarpedTongs","Bird Faced Urn","Singing Bowl","Vajra","Bag of Marbles","Medical Kit","Bottled Tornado"],"acts_visited":["Exordium","TheCity","TheBeyond","TheEnding"],"potions_floor_usage":[7,7,12,28,56],"damage_taken":[{"damage":4,"enemies":"Jaw Worm","floor":1,"turns":5},{"damage":4,"enemies":"2 Louse","floor":3,"turns":3},{"damage":4,"enemies":"Cultist","floor":5,"turns":4},{"damage":13,"enemies":"Lagavulin","floor":7,"turns":7},{"damage":9,"enemies":"The Mushroom Lair","floor":10,"turns":5},{"damage":30,"enemies":"Gremlin Nob","floor":12,"turns":5},{"damage":0,"enemies":"2 Fungi Beasts","floor":13,"turns":3},{"damage":17,"enemies":"Exordium Thugs","floor":14,"turns":6},{"damage":28,"enemies":"The Guardian","floor":16,"turns":15},{"damage":0,"enemies":"2 Thieves","floor":18,"turns":4},{"damage":0,"enemies":"3 Byrds","floor":20,"turns":7},{"damage":0,"enemies":"Cultist and Chosen","floor":21,"turns":5},{"damage":0,"enemies":"Snecko","floor":22,"turns":4},{"damage":6,"enemies":"Slavers","floor":23,"turns":8},{"damage":0,"enemies":"Centurion and Healer","floor":25,"turns":6},{"damage":4,"enemies":"Gremlin Leader","floor":28,"turns":7},{"damage":0,"enemies":"3 Cultists","floor":29,"turns":5},{"damage":13,"enemies":"Slavers","floor":30,"turns":6},{"damage":0,"enemies":"Champ","floor":33,"turns":9},{"damage":8,"enemies":"Orb Walker","floor":35,"turns":2},{"damage":0,"enemies":"3 Shapes","floor":37,"turns":3},{"damage":26,"enemies":"Transient","floor":38,"turns":6},{"damage":23,"enemies":"Reptomancer","floor":41,"turns":6},{"damage":25,"enemies":"Nemesis","floor":46,"turns":11},{"damage":54,"enemies":"Time Eater","floor":50,"turns":12},{"damage":6,"enemies":"Donu and Deca","floor":51,"turns":9},{"damage":4,"enemies":"Shield and Spear","floor":55,"turns":6},{"damage":57,"enemies":"The Heart","floor":56,"turns":9}],"seed_played":"-8434118846846828250","potions_obtained":[{"floor":3,"key":"SteroidPotion"},{"floor":5,"key":"Regen Potion"},{"floor":7,"key":"Energy Potion"},{"floor":13,"key":"SteroidPotion"},{"floor":14,"key":"SteroidPotion"},{"floor":25,"key":"AttackPotion"},{"floor":28,"key":"SteroidPotion"},{"floor":29,"key":"BlessingOfTheForge"},{"floor":33,"key":"EssenceOfSteel"}],"is_trial":false,"path_per_floor":["M","?","M","$","M","R","E","R","T","?","T","E","M","M","R","B",null,"M","$","M","M","M","E","R","M","T","R","E","M","E","?","R","B",null,"M","?","M","M","?","R","E","R","T","R","T","E","?","$","R","B","B",null,"R","$","E","B",null],"character_chosen":"IRONCLAD","items_purchased":["Feel No Pain","Disarm","Impervious","Medical Kit","Dark Embrace"],"campfire_rested":3,"item_purchase_floors":[4,4,19,48,54],"current_hp_per_floor":[70,59,61,61,63,63,70,70,70,67,67,43,49,38,38,16,60,66,66,72,75,75,75,75,75,75,75,75,75,68,68,68,74,75,73,73,75,55,55,75,58,58,58,58,58,49,49,64,77,35,43,69,79,79,81,38],"gold":95,"neow_bonus":"RANDOM_COMMON_RELIC","is_daily":false,"chose_seed":false,"campfire_upgraded":7,"win_rate":0.0,"timestamp":1608206447,"path_taken":["M","?","M","$","M","R","E","R","T","?","?","E","M","M","R","BOSS","M","?","M","M","M","E","R","M","T","R","E","M","E","?","R","BOSS","M","?","M","M","?","R","E","R","T","R","?","E","?","$","R","BOSS","BOSS","R","$","E","BOSS"],"items_purchased_type":["Card","Card","Card","Relic","Card"],"build_version":"2020-12-07","purchased_purges":1,"victory":true,"max_hp_per_floor":[75,75,75,75,75,75,75,75,75,75,75,75,75,75,75,75,75,75,75,75,75,75,75,75,75,75,75,75,75,75,75,75,75,75,75,75,75,75,75,75,75,75,75,75,75,77,77,77,77,77,77,77,79,79,81,81],"relic_stats":{"Regal Pillow":0,"Singing Bowl":6,"counters":[28,178],"Self Forming Clay":[126],"Medical Kit":[11],"Burning Blood":139,"WarpedTongs":[52],"Dream Catcher":3,"Nunchaku":[14],"Ornamental Fan":[144],"Bird Faced Urn":[30],"Snecko Eye":[206,223,217,207],"MealTicket":15,"Tiny Chest":1,"obtain_stats":[{"Regal Pillow":0,"Singing Bowl":43,"Self Forming Clay":26,"Vajra":45,"Odd Mushroom":10,"Bottled Tornado":55,"Empty Cage":34,"Medical Kit":48,"Burning Blood":0,"WarpedTongs":39,"keyreminder:keyreminder":11,"Dream Catcher":12,"Nunchaku":30,"HornCleat":7,"Ornamental Fan":9,"Bird Faced Urn":41,"Snecko Eye":17,"MealTicket":23,"Tiny Chest":28,"Bag of Marbles":46,"Paper Frog":2},{"Regal Pillow":0,"Singing Bowl":23,"Self Forming Clay":15,"Vajra":23,"Odd Mushroom":5,"Bottled Tornado":27,"Empty Cage":19,"Medical Kit":24,"Burning Blood":0,"WarpedTongs":22,"keyreminder:keyreminder":5,"Dream Catcher":6,"Nunchaku":18,"HornCleat":4,"Ornamental Fan":4,"Bird Faced Urn":23,"Snecko Eye":9,"MealTicket":14,"Tiny Chest":16,"Bag of Marbles":24,"Paper Frog":1},{"Regal Pillow":0,"Singing Bowl":131,"Self Forming Clay":87,"Vajra":131,"Odd Mushroom":24,"Bottled Tornado":169,"Empty Cage":114,"Medical Kit":142,"Burning Blood":0,"WarpedTongs":125,"keyreminder:keyreminder":24,"Dream Catcher":29,"Nunchaku":105,"HornCleat":19,"Ornamental Fan":19,"Bird Faced Urn":131,"Snecko Eye":53,"MealTicket":81,"Tiny Chest":94,"Bag of Marbles":142,"Paper Frog":5}]},"card_choices":[{"not_picked":["True Grit","Clash"],"picked":"Havoc","floor":1},{"not_picked":["Shrug It Off","Wild Strike"],"picked":"Cleave","floor":3},{"not_picked":["Power Through","Bloodletting"],"picked":"Shockwave","floor":5},{"not_picked":["Searing Blow","Iron Wave"],"picked":"True Grit","floor":7},{"not_picked":["Wild Strike","Iron Wave"],"picked":"Armaments","floor":10},{"not_picked":["Ghostly Armor","Warcry"],"picked":"Bludgeon","floor":12},{"not_picked":["Cleave","Flex"],"picked":"Thunderclap","floor":13},{"not_picked":["Pommel Strike","Searing Blow"],"picked":"True Grit","floor":14},{"not_picked":["Bludgeon","Impervious"],"picked":"Corruption","floor":16},{"not_picked":["Thunderclap","Twin Strike"],"picked":"Disarm+1","floor":18},{"not_picked":["Reckless Charge","Spot Weakness"],"picked":"Clothesline","floor":20},{"not_picked":["Metallicize","Disarm"],"picked":"Flame Barrier+1","floor":21},{"not_picked":["Evolve","Twin Strike"],"picked":"Perfected Strike","floor":22},{"not_picked":["Heavy Blade","Sentinel"],"picked":"Shrug It Off","floor":23},{"not_picked":["Havoc","Cleave"],"picked":"Pommel Strike","floor":25},{"not_picked":["Dropkick","Entrench"],"picked":"Corruption","floor":28},{"not_picked":["Inflame","Armaments","Iron Wave"],"picked":"SKIP","floor":29},{"not_picked":["Wild Strike","Thunderclap","Flex"],"picked":"SKIP","floor":30},{"not_picked":["Corruption","Offering"],"picked":"Fiend Fire","floor":33},{"not_picked":["Battle Trance+1","Pommel Strike"],"picked":"Rampage","floor":35},{"not_picked":["Power Through","Pommel Strike","Armaments"],"picked":"SKIP","floor":37},{"not_picked":["Twin Strike+1","True Grit","Pummel"],"picked":"SKIP","floor":38},{"not_picked":["Iron Wave","Clash"],"picked":"Clothesline","floor":40},{"not_picked":["Perfected Strike","Intimidate+1"],"picked":"Immolate","floor":41},{"not_picked":["Feed","Inflame","Rampage"],"picked":"Singing Bowl","floor":46},{"not_picked":["Havoc","Hemokinesis"],"picked":"Headbutt","floor":49},{"not_picked":["Dropkick","Clash","Clothesline"],"picked":"Singing Bowl","floor":53},{"not_picked":["Bloodletting","Rage","Iron Wave"],"picked":"Singing Bowl","floor":55}],"player_experience":2538860,"relics_obtained":[{"floor":7,"key":"HornCleat"},{"floor":9,"key":"Ornamental Fan"},{"floor":10,"key":"Odd Mushroom"},{"floor":12,"key":"Dream Catcher"},{"floor":23,"key":"MealTicket"},{"floor":26,"key":"Self Forming Clay"},{"floor":28,"key":"Tiny Chest"},{"floor":30,"key":"Nunchaku"},{"floor":41,"key":"Bird Faced Urn"},{"floor":43,"key":"Singing Bowl"},{"floor":45,"key":"Vajra"},{"floor":46,"key":"Bag of Marbles"},{"floor":55,"key":"Bottled Tornado"}],"event_choices":[{"damage_healed":0,"gold_gain":0,"player_choice":"Success","damage_taken":11,"relics_obtained":["Paper Frog"],"max_hp_gain":0,"max_hp_loss":0,"event_name":"Scrap Ooze","floor":2,"gold_loss":0},{"damage_healed":0,"gold_gain":0,"player_choice":"Fought Mushrooms","damage_taken":0,"max_hp_gain":0,"max_hp_loss":0,"event_name":"Mushrooms","floor":10,"gold_loss":0},{"damage_healed":0,"gold_gain":0,"cards_transformed":["Strike_R","Strike_R"],"player_choice":"Transformed Cards","damage_taken":0,"max_hp_gain":0,"max_hp_loss":0,"event_name":"Designer","floor":31,"gold_loss":75,"cards_obtained":["Inflame","Battle Trance"]},{"damage_healed":0,"gold_gain":0,"player_choice":"Ignored","damage_taken":0,"max_hp_gain":0,"max_hp_loss":0,"event_name":"Tomb of Lord Red Mask","floor":36,"gold_loss":0},{"damage_healed":0,"gold_gain":0,"player_choice":"Rummage","damage_taken":0,"relics_obtained":["WarpedTongs"],"max_hp_gain":0,"max_hp_loss":0,"event_name":"Accursed Blacksmith","floor":39,"gold_loss":0,"cards_obtained":["Pain"]},{"damage_healed":0,"gold_gain":0,"player_choice":"Upgraded","damage_taken":0,"max_hp_gain":0,"max_hp_loss":0,"event_name":"Upgrade Shrine","floor":47,"gold_loss":0,"cards_upgraded":["Fiend Fire"]}],"is_beta":true,"boss_relics":[{"not_picked":["Runic Dome","SacredBark"],"picked":"Snecko Eye"},{"not_picked":["Philosopher\u0027s Stone","Black Star"],"picked":"Empty Cage"}],"items_purged_floors":[48],"is_endless":false,"potions_floor_spawned":[3,5,7,13,14,25,28,29,30,33,35,37,41],"ascension_level":20}}