{"host":"qlo0xo0cdeotglqz","time":1608234265,"event":{"mods":["2.2 Compatiblity","Act Like it!","BaseMod","Bestiary","Better Third Choice","Clockwork Mod","Colored Map","DeckTracker","Downfall","Gremlin Mod","Infinite Spire","Jorbs\u0027s Wanderer Trilogy","Minty Spire (QoL Compilation)","Potionbrewer","Rare Cards Sparkle","Replay The Spire","StSLib","The Animator","The Blackbeard","The Blue Laboratory","The Cursed","The Forsaken","Uncapped"],"gold_per_floor":[117,117,137,155,155,155,183,183,183,198,218,218,232,312,312,407,407,428,445,445,474,584,584,604,622,645,665,680,680,699,712,712,712,712],"floor_reached":33,"playtime":4355,"items_purged":[],"score":278,"play_id":"e1b960f8-daa0-4cc9-aba6-0b423339f757","local_time":"20201217204425","is_ascension_mode":false,"campfire_choices":[{"floor":6,"key":"RECALL"},{"floor":8,"key":"REST"},{"floor":15,"key":"REST"},{"floor":23,"key":"REST"},{"floor":29,"key":"REST"},{"floor":32,"key":"DIG"}],"circlet_count":0,"master_deck":["stsjorbsmod:ForbiddenGrimoire+1","stsjorbsmod:Strike_Wanderer","stsjorbsmod:Strike_Wanderer","stsjorbsmod:Strike_Wanderer","stsjorbsmod:Strike_Wanderer","stsjorbsmod:Defend_Wanderer","stsjorbsmod:Defend_Wanderer","stsjorbsmod:Defend_Wanderer","stsjorbsmod:Defend_Wanderer","stsjorbsmod:FreshAdventure","stsjorbsmod:EyeOfTheStorm","stsjorbsmod:FranticSearch+1","stsjorbsmod:Rediscovery+1","Replay:SS_forest_5","stsjorbsmod:ChainLightning","stsjorbsmod:FlameWard","stsjorbsmod:Stalwart","stsjorbsmod:FaerieFire","stsjorbsmod:FindFamiliar","Injury","Parasite","Replay:Fractal Strike","stsjorbsmod:BookOfTongues","stsjorbsmod:ArcaneForm","stsjorbsmod:MagicMirror+1","stsjorbsmod:Prestidigitation","theForsaken:PlagueCurse","stsjorbsmod:ChainLightning","stsjorbsmod:ColorSpray","stsjorbsmod:Thorns+1","stsjorbsmod:Aid","stsjorbsmod:BlackTentacles+1","stsjorbsmod:ChainLightning","stsjorbsmod:HedgeWizard+1","stsjorbsmod:ParryingBlow","stsjorbsmod:Prestidigitation","stsjorbsmod:Prestidigitation"],"relics":["stsjorbsmod:GrimoireRelic","infinitespire:Joker Card","Honey Jar","theForsaken:PlagueMask","Red Mask","ReplayTheSpireMod:Lightbulb","Boot"],"acts_visited":["Exordium","TheCity"],"potions_floor_usage":[],"damage_taken":[{"damage":4,"enemies":"2 Louse","floor":1,"turns":3},{"damage":6,"enemies":"Cultist","floor":3,"turns":5},{"damage":0,"enemies":"Small Slimes","floor":4,"turns":3},{"damage":23,"enemies":"Gremlin Nob","floor":7,"turns":5},{"damage":12,"enemies":"Gremlin Gang","floor":10,"turns":2},{"damage":0,"enemies":"Looter","floor":11,"turns":3},{"damage":0,"enemies":"2 Fungi Beasts","floor":13,"turns":2},{"damage":17,"enemies":"Fading Forest","floor":16,"turns":11},{"damage":0,"enemies":"Chosen","floor":18,"turns":5},{"damage":10,"enemies":"3 Byrds","floor":19,"turns":4},{"damage":19,"enemies":"Masked Bandits","floor":21,"turns":4},{"damage":12,"enemies":"Centurion and Healer","floor":24,"turns":4},{"damage":4,"enemies":"3 Cultists","floor":25,"turns":3},{"damage":13,"enemies":"Snecko","floor":27,"turns":4},{"damage":17,"enemies":"Chosen and Byrds","floor":28,"turns":5},{"damage":18,"enemies":"3 Cultists","floor":30,"turns":3},{"damage":13,"enemies":"Snecko","floor":31,"turns":4},{"damage":42,"enemies":"Pondfish","floor":33,"turns":6}],"seed_played":"5280602554009361026","potions_obtained":[{"floor":4,"key":"potionbrewer:NoxiousPotion"},{"floor":10,"key":"blueLaboratory:FruitPreserves"},{"floor":16,"key":"BlessingOfTheForge"},{"floor":19,"key":"sneckomod:MuddlingPotion"},{"floor":25,"key":"blueLaboratory:FrostheartPotion"},{"floor":30,"key":"PowerPotion"},{"floor":31,"key":"Dexterity Potion"}],"is_trial":false,"path_per_floor":["M","?","M","M","?","R","E","R","T","M","M","?","M","?","R","B",null,"M","M","?","?","?","R","M","M","T","M","M","R","M","M","R_BF","B"],"character_chosen":"WANDERER","items_purchased":[],"campfire_rested":4,"item_purchase_floors":[],"current_hp_per_floor":[72,72,69,70,70,70,48,70,70,59,60,60,64,64,76,59,76,76,69,69,54,54,76,68,66,66,59,47,69,52,42,42,0,0],"gold":712,"neow_bonus":"TEN_PERCENT_HP_BONUS","is_daily":false,"chose_seed":false,"campfire_upgraded":0,"win_rate":0.0,"timestamp":1608234265,"path_taken":["M","?","?","M","?","R","E","R","T","M","?","?","M","?","R","BOSS","M","M","?","?","?","R","M","M","T","M","M","R","M","M","R_BF","BOSS"],"items_purchased_type":[],"build_version":"2020-12-13","purchased_purges":0,"victory":false,"max_hp_per_floor":[74,74,74,74,74,74,74,74,74,74,74,74,76,76,76,76,76,76,76,76,76,76,76,76,76,76,76,76,76,76,76,76,76,76],"card_choices":[{"not_picked":["stsjorbsmod:Hurt","stsjorbsmod:Patron"],"picked":"stsjorbsmod:FranticSearch","floor":1},{"not_picked":["stsjorbsmod:Patron","stsjorbsmod:RefuseToForget"],"picked":"stsjorbsmod:ChainLightning","floor":3},{"not_picked":["stsjorbsmod:MistyStep","stsjorbsmod:Firebolt"],"picked":"stsjorbsmod:FlameWard","floor":4},{"not_picked":["stsjorbsmod:BurningFlask","stsjorbsmod:Mindworm"],"picked":"stsjorbsmod:Stalwart","floor":7},{"not_picked":["stsjorbsmod:RefuseToForget","stsjorbsmod:RayOfFrost"],"picked":"stsjorbsmod:FaerieFire","floor":10},{"not_picked":["stsjorbsmod:DisguiseSelf","stsjorbsmod:Banish"],"picked":"stsjorbsmod:FindFamiliar","floor":11},{"not_picked":["infinitespire:SevenWalls","ReplayTheSpireMod:Chaos Vortex"],"picked":"Replay:Fractal Strike","floor":12},{"not_picked":["stsjorbsmod:HedgeWizard","stsjorbsmod:LocateObject"],"picked":"stsjorbsmod:BookOfTongues","floor":13},{"not_picked":["stsjorbsmod:Pyromancy","stsjorbsmod:Feast"],"picked":"stsjorbsmod:ArcaneForm","floor":16},{"not_picked":["stsjorbsmod:Materialize+1","stsjorbsmod:UnseenServant+1","stsjorbsmod:ChatteringStrike"],"picked":"stsjorbsmod:MagicMirror+1","floor":18},{"not_picked":["stsjorbsmod:Hurt+1","stsjorbsmod:Mania+1","stsjorbsmod:FaerieFire"],"picked":"stsjorbsmod:Prestidigitation","floor":19},{"not_picked":["stsjorbsmod:Channel+1","stsjorbsmod:Materialize+1","stsjorbsmod:FindFamiliar+1"],"picked":"stsjorbsmod:ChainLightning","floor":21},{"not_picked":["stsjorbsmod:WeightOfMemory","stsjorbsmod:BurningFlask+1","stsjorbsmod:DoubleCheck"],"picked":"stsjorbsmod:ColorSpray","floor":22},{"not_picked":["stsjorbsmod:Index","stsjorbsmod:Patron+1","stsjorbsmod:ChainLightning"],"picked":"stsjorbsmod:Thorns+1","floor":22},{"not_picked":["stsjorbsmod:Hurt+1","stsjorbsmod:MageArmor","stsjorbsmod:ColorSpray"],"picked":"stsjorbsmod:Aid","floor":22},{"not_picked":["stsjorbsmod:ArcaneForm","stsjorbsmod:Channel+1","stsjorbsmod:TollTheDead"],"picked":"stsjorbsmod:BlackTentacles+1","floor":24},{"not_picked":["stsjorbsmod:Patron","stsjorbsmod:Introspection+1","stsjorbsmod:HedgeWizard"],"picked":"stsjorbsmod:ChainLightning","floor":25},{"not_picked":["stsjorbsmod:ChatteringStrike","stsjorbsmod:Index","stsjorbsmod:Will+1"],"picked":"stsjorbsmod:HedgeWizard+1","floor":27},{"not_picked":["stsjorbsmod:Channel+1","stsjorbsmod:ChatteringStrike","stsjorbsmod:Hurt"],"picked":"stsjorbsmod:ParryingBlow","floor":28},{"not_picked":["stsjorbsmod:Aid","stsjorbsmod:TinyHut","stsjorbsmod:LoseGrip"],"picked":"stsjorbsmod:Prestidigitation","floor":30},{"not_picked":["stsjorbsmod:Firebolt+1","stsjorbsmod:MageArmor","stsjorbsmod:Prepare"],"picked":"stsjorbsmod:Prestidigitation","floor":31}],"player_experience":52653,"relics_obtained":[{"floor":7,"key":"infinitespire:Joker Card"},{"floor":21,"key":"Red Mask"},{"floor":26,"key":"ReplayTheSpireMod:Lightbulb"},{"floor":32,"key":"Boot"}],"event_choices":[{"damage_healed":0,"gold_gain":0,"player_choice":"2 cards matched","damage_taken":0,"max_hp_gain":0,"max_hp_loss":0,"event_name":"Match and Keep!","floor":2,"gold_loss":0,"cards_obtained":["stsjorbsmod:Rediscovery","Replay:SS_forest_5"]},{"damage_healed":0,"gold_gain":0,"player_choice":"2 cards matched","damage_taken":0,"max_hp_gain":0,"max_hp_loss":0,"event_name":"Match and Keep!","floor":2,"gold_loss":0,"cards_obtained":["stsjorbsmod:Rediscovery","Replay:SS_forest_5"]},{"damage_healed":0,"gold_gain":0,"player_choice":"Forge","damage_taken":0,"max_hp_gain":0,"max_hp_loss":0,"event_name":"Accursed Blacksmith","floor":5,"gold_loss":0,"cards_upgraded":["stsjorbsmod:Rediscovery"]},{"damage_healed":0,"gold_gain":0,"player_choice":"Obtain Plague Curse","damage_taken":0,"max_hp_gain":0,"max_hp_loss":0,"event_name":"Plague Doctor","floor":20,"gold_loss":0,"cards_obtained":["theForsaken:PlagueCurse"]},{"damage_healed":0,"gold_gain":0,"player_choice":"Fought Bandits","damage_taken":0,"max_hp_gain":0,"max_hp_loss":0,"event_name":"Masked Bandits","floor":21,"gold_loss":0}],"is_beta":false,"boss_relics":[{"not_picked":["Ectoplasm","Replay:Grab Bag"],"picked":"Honey Jar"}],"items_purged_floors":[],"is_endless":false,"potions_floor_spawned":[4,10,16,19,25,30,31],"killed_by":"Pondfish","ascension_level":0}}