{"host":"by3dnjj711vo194a","time":1608175251,"event":{"mods":["2.2 Compatiblity","AchievementEnabler","BaseMod","Colored Map","DeckTracker","KOR Keyword Fix","Keyboard Shortcuts","Minty Spire (QoL Compilation)","Permanent Neow","Quick Restart","StSLib","SuperFastMode","everything is the same but u backflip on backflip"],"gold_per_floor":[112,112,132,132,82,82,94,19,19,19,29,62,73,105,105,201,201,214,232,249,249,262,262,262],"floor_reached":23,"playtime":891,"items_purged":["Strike_R"],"score":223,"play_id":"a41e6753-0568-4fd0-99b6-4b2e7041d383","local_time":"20201217122051","is_ascension_mode":true,"campfire_choices":[{"data":"Bash","floor":6.0,"key":"SMITH"},{"floor":15.0,"key":"REST"}],"circlet_count":0,"master_deck":["Strike_R","Strike_R","Strike_R","Defend_R","Defend_R","Defend_R","Bash+1","Cleave","Shrug It Off","Barricade","Pommel Strike","Impervious","Feel No Pain+1","Power Through","Twin Strike","Disarm+1"],"relics":["Burning Blood","Blood Vial","Pantograph","Akabeko","Magic Flower","Black Star"],"acts_visited":["Exordium","TheCity"],"potions_floor_usage":[20,20],"damage_taken":[{"damage":12.0,"enemies":"2 Louse","floor":1.0,"turns":4.0},{"damage":14.0,"enemies":"Jaw Worm","floor":3.0,"turns":3.0},{"damage":10.0,"enemies":"Small Slimes","floor":7.0,"turns":3.0},{"damage":13.0,"enemies":"Blue Slaver","floor":11.0,"turns":4.0},{"damage":50.0,"enemies":"3 Sentries","floor":12.0,"turns":8.0},{"damage":1.0,"enemies":"3 Louse","floor":13.0,"turns":2.0},{"damage":17.0,"enemies":"Lagavulin","floor":14.0,"turns":8.0},{"damage":73.0,"enemies":"Slime Boss","floor":16.0,"turns":16.0},{"damage":39.0,"enemies":"Chosen","floor":18.0,"turns":8.0},{"damage":55.0,"enemies":"Spheric Guardian","floor":19.0,"turns":7.0},{"damage":0,"enemies":"Snecko","floor":20,"turns":7},{"damage":26,"enemies":"Centurion and Healer","floor":22,"turns":10},{"damage":14,"enemies":"Book of Stabbing","floor":23,"turns":4}],"seed_played":"-5479264934971486033","potions_obtained":[{"floor":7.0,"key":"EssenceOfSteel"},{"floor":11.0,"key":"Swift Potion"},{"floor":13.0,"key":"DuplicationPotion"},{"floor":19.0,"key":"SkillPotion"}],"is_trial":false,"path_per_floor":["M","?","M","?","?","R","M","$","T","?","M","E","M","E","R","B",null,"M","M","M","?","M","E"],"character_chosen":"IRONCLAD","items_purchased":[],"campfire_rested":1,"item_purchase_floors":[],"current_hp_per_floor":[74,74,68,73,73,73,71,71,71,71,66,24,31,22,47,21,85,55,12,24,24,10,0,0],"gold":262,"neow_bonus":"RANDOM_COMMON_RELIC","is_daily":false,"chose_seed":false,"campfire_upgraded":1,"win_rate":0.0,"timestamp":1608175251,"path_taken":["M","?","M","?","?","R","M","?","T","?","?","E","M","E","R","BOSS","M","M","M","?","M","E"],"items_purchased_type":[],"build_version":"2020-12-13","purchased_purges":1,"victory":false,"max_hp_per_floor":[80,80,80,85,85,85,85,85,85,85,85,85,85,85,85,85,85,85,85,85,85,85,85,85],"card_choices":[{"not_picked":["Cleave","Fire Breathing","True Grit"],"picked":"SKIP","floor":1.0},{"not_picked":["Fire Breathing","True Grit"],"picked":"Cleave","floor":3.0},{"not_picked":["Twin Strike","Sword Boomerang"],"picked":"Shrug It Off","floor":7.0},{"not_picked":["Flex","Havoc","Headbutt"],"picked":"SKIP","floor":11.0},{"not_picked":["Cleave","Combust"],"picked":"Barricade","floor":12.0},{"not_picked":["Reckless Charge","Shrug It Off"],"picked":"Pommel Strike","floor":13.0},{"not_picked":["Cleave","Juggernaut","Wild Strike"],"picked":"SKIP","floor":14.0},{"not_picked":["Exhume","Fiend Fire"],"picked":"Impervious","floor":16.0},{"not_picked":["Fire Breathing","Heavy Blade"],"picked":"Feel No Pain+1","floor":18.0},{"not_picked":["Sever Soul","Armaments","Cleave+1"],"picked":"SKIP","floor":19.0},{"not_picked":["Pummel","Combust+1"],"picked":"Power Through","floor":20},{"not_picked":["Anger+1","Clothesline+1"],"picked":"Disarm+1","floor":22}],"player_experience":130136,"relics_obtained":[{"floor":9.0,"key":"Pantograph"},{"floor":12.0,"key":"Akabeko"},{"floor":14.0,"key":"Magic Flower"}],"event_choices":[{"cards_removed":["Strike_R"],"damage_healed":0.0,"max_hp_gain":0.0,"max_hp_loss":0.0,"gold_gain":0.0,"event_name":"Living Wall","player_choice":"Forget","floor":2.0,"gold_loss":0.0,"damage_taken":0.0},{"damage_healed":0.0,"max_hp_gain":5.0,"max_hp_loss":0.0,"gold_gain":0.0,"event_name":"Big Fish","player_choice":"Donut","floor":4.0,"gold_loss":0.0,"damage_taken":0.0},{"cards_removed":["Defend_R"],"damage_healed":0.0,"max_hp_gain":0.0,"max_hp_loss":0.0,"gold_gain":0.0,"event_name":"The Cleric","player_choice":"Card Removal","floor":5.0,"gold_loss":50.0,"damage_taken":0.0},{"damage_healed":0.0,"max_hp_gain":0.0,"max_hp_loss":0.0,"gold_gain":0.0,"event_name":"FaceTrader","player_choice":"Trade","floor":10.0,"gold_loss":0.0,"damage_taken":0.0,"relics_obtained":["GremlinMask"]},{"damage_healed":0,"gold_gain":0,"player_choice":"Read","damage_taken":0,"max_hp_gain":0,"max_hp_loss":0,"event_name":"The Library","floor":21,"gold_loss":0,"cards_obtained":["Twin Strike"]}],"is_beta":false,"boss_relics":[{"not_picked":["SlaversCollar","Mark of Pain"],"picked":"Black Star"}],"items_purged_floors":[8],"is_endless":false,"potions_floor_spawned":[7,11,13,19],"killed_by":"Book of Stabbing","ascension_level":2}}