{"host":"z9y2vfnym7sk0nhg","time":1608166545,"event":{"mods":["Aspiration","BaseMod","Better Altar","Better Match","Better Note","Better Sensory Stone","Better Skull","Better Third Choice","CCEM","Colored Map","Conspire","Downfall","GifTheSpireLib","Highlight Path","Minty Spire (QoL Compilation)","Permanent Neow","Shop Mod","Spicy Shops","StSLib","Stuff the Spire","Unceasing Turn Reminder"],"gold_per_floor":[99,111,136,162,208,220,232,273,285,323,358,405,417,38,48,48,48],"floor_reached":16,"playtime":1067,"items_purged":["Injury"],"score":128,"play_id":"33ca1051-8edc-4d4a-a294-3c2f9b26d2fd","local_time":"20201217015545","is_ascension_mode":false,"campfire_choices":[{"data":"hexamod:Float","floor":1,"key":"SMITH"},{"floor":6,"key":"REST"},{"floor":9,"key":"REST"}],"circlet_count":0,"master_deck":["hexamod:Strike","hexamod:Strike","hexamod:Strike","hexamod:Strike","hexamod:Defend","hexamod:Defend","hexamod:Defend","hexamod:Sear","hexamod:Float+1","hexamod:ThirdSeal","hexamod:ThermalTransfer","hexamod:FourthSeal","hexamod:SpectersWail","hexamod:AdvancingGuard","hexamod:WildfireWeapon","hexamod:Hexaguard","hexamod:GhostShield","hexamod:FastForward","hexamod:SecondSeal","hexamod:GhostOfSpirePast","hexamod:Firestarter","hexamod:SoulSteal","hexamod:SpectersWail","hexamod:FifthSeal","hexamod:Firestarter"],"relics":["hexamod:SpiritBrand","MawBank","WingedGreaves","Vajra","conspire:GlowingRock","CCEMRelics:WarHorn","Odd Mushroom","Toxic Egg 2","aspiration:Nostalgia","champ:ChampionCrown","Oddly Smooth Stone"],"acts_visited":["Exordium"],"potions_floor_usage":[8,10,10,12,12,15,16,16],"damage_taken":[{"damage":0,"enemies":"2 Louse","floor":2,"turns":2},{"damage":21,"enemies":"Lagavulin","floor":3,"turns":6},{"damage":6,"enemies":"Jaw Worm","floor":4,"turns":4},{"damage":20,"enemies":"Gremlin Nob","floor":5,"turns":5},{"damage":22,"enemies":"Lagavulin","floor":8,"turns":7},{"damage":18,"enemies":"3 Sentries","floor":10,"turns":6},{"damage":0,"enemies":"Small Slimes","floor":11,"turns":3},{"damage":3,"enemies":"The Mushroom Lair","floor":12,"turns":4},{"damage":0,"enemies":"downfall:FleeingMerchant","floor":14,"turns":4},{"damage":1,"enemies":"Red Slaver","floor":15,"turns":3},{"damage":24,"enemies":"downfall:Defect","floor":16,"turns":4}],"seed_played":"-4256118065930044729","potions_obtained":[{"floor":3,"key":"Strength Potion"},{"floor":4,"key":"BlessingOfTheForge"},{"floor":5,"key":"GamblersBrew"},{"floor":8,"key":"LiquidBronze"},{"floor":10,"key":"hexamod:EctoCoolerPotion"},{"floor":11,"key":"sneckomod:MuddlingPotion"},{"floor":12,"key":"hexamod:InfernoChargePotion"},{"floor":14,"key":"hexamod:DoubleChargePotion"},{"floor":15,"key":"AttackPotion"}],"is_trial":false,"path_per_floor":["R","M","E","M","E","R","T","E","R","E","M","?","?","$","M","B"],"character_chosen":"THE_SPIRIT","items_purchased":["aspiration:Nostalgia","Oddly Smooth Stone"],"campfire_rested":2,"item_purchase_floors":[14,14],"current_hp_per_floor":[70,70,49,43,23,44,44,22,43,25,25,22,22,22,21,0,0],"gold":48,"neow_bonus":"REMOVE_CARD","is_daily":false,"chose_seed":false,"campfire_upgraded":1,"win_rate":0.0,"timestamp":1608166545,"path_taken":["R","M","E","M","E","R","T","E","R","E","M","?","?","$","M","BOSS"],"items_purchased_type":["Relic","Relic"],"build_version":"2020-12-13","purchased_purges":1,"victory":false,"max_hp_per_floor":[70,70,70,70,70,70,70,70,70,70,70,70,70,70,70,70,70],"card_choices":[{"not_picked":["hexamod:AdvancingGuard","hexamod:GhostShield"],"picked":"hexamod:ThirdSeal","floor":2},{"not_picked":["hexamod:Firestarter","hexamod:Hexaguard"],"picked":"hexamod:ThermalTransfer","floor":3},{"not_picked":["hexamod:EtherealExpedition","hexamod:RetreatToShadows"],"picked":"hexamod:FourthSeal","floor":3},{"not_picked":["hexamod:SwordOfDarkness","hexamod:SpectralAdrenaline"],"picked":"hexamod:SpectersWail","floor":4},{"not_picked":["hexamod:BurningTouch","hexamod:SpectersWail"],"picked":"hexamod:AdvancingGuard","floor":4},{"not_picked":["hexamod:ThermalTransfer","hexamod:ChargedBarrage"],"picked":"hexamod:WildfireWeapon","floor":5},{"not_picked":["hexamod:RecurringNightmare","hexamod:Hexaguard","hexamod:HauntingEcho"],"picked":"SKIP","floor":5},{"not_picked":["hexamod:RecurringNightmare","hexamod:HauntingEcho"],"picked":"hexamod:Hexaguard","floor":5},{"not_picked":["hexamod:SwordOfDarkness","hexamod:DynamicBlow"],"picked":"hexamod:GhostShield","floor":8},{"not_picked":["hexamod:SkipABeat","hexamod:StepThrough"],"picked":"hexamod:FastForward","floor":8},{"not_picked":["hexamod:ThermalTransfer","hexamod:GhostShield"],"picked":"hexamod:SecondSeal","floor":10},{"not_picked":["hexamod:PhantomFireball","hexamod:Hexaguard"],"picked":"hexamod:GhostOfSpirePast","floor":10},{"not_picked":["hexamod:SwordOfDarkness","hexamod:PhantomCloak"],"picked":"hexamod:Firestarter","floor":11},{"not_picked":["hexamod:HeatCrush","hexamod:SwordOfDarkness","hexamod:RainOfEmbers"],"picked":"SKIP","floor":11},{"not_picked":["hexamod:ParanormalForm","hexamod:NightmareStrike"],"picked":"hexamod:SoulSteal","floor":12},{"not_picked":["hexamod:InspiringFlames","hexamod:NecessarySacrifice"],"picked":"hexamod:SpectersWail","floor":12},{"not_picked":["hexamod:BurningTouch+1","hexamod:SpectersWail"],"picked":"hexamod:FifthSeal","floor":14},{"not_picked":["hexamod:ThirdSeal","hexamod:RetreatToShadows+1"],"picked":"hexamod:Firestarter","floor":14},{"not_picked":["hexamod:ThermalTransfer","hexamod:Firestarter","hexamod:HeatCrush"],"picked":"SKIP","floor":15},{"not_picked":["hexamod:PhantomCloak","hexamod:BacktrackSmack","hexamod:Firestarter"],"picked":"SKIP","floor":15}],"player_experience":12726,"relics_obtained":[{"floor":3,"key":"MawBank"},{"floor":5,"key":"WingedGreaves"},{"floor":7,"key":"Vajra"},{"floor":8,"key":"conspire:GlowingRock"},{"floor":10,"key":"CCEMRelics:WarHorn"},{"floor":12,"key":"Odd Mushroom"}],"event_choices":[{"damage_healed":0,"gold_gain":0,"player_choice":"Fought Mushrooms","damage_taken":0,"max_hp_gain":0,"max_hp_loss":0,"event_name":"Mushrooms","floor":12,"gold_loss":0}],"is_beta":false,"boss_relics":[],"items_purged_floors":[14],"is_endless":false,"potions_floor_spawned":[3,11,15],"killed_by":"downfall:Defect","ascension_level":0}}