{"host":"malnomdwo8ughgez","time":1608164099,"event":{"mods":["AchievementEnabler","BaseMod","Challenge The Spire","Colored Powertips","Highlight Path","Minty Spire (QoL Compilation)","Quick Restart","everything is the same but u backflip on backflip"],"gold_per_floor":[110,82,94,94,269,269,281,311,311,328,346,346,357,205,205,283,283,301,16,28,42,141,141,166,166,166,91,108,141,155,155,155,227,227,242,242,242,242,257,257,120,120,120,0,25,42,1,17,17,17],"floor_reached":51,"playtime":3175,"items_purged":[],"score":1130,"play_id":"da4324e2-474f-40c0-a026-052e7b07981d","local_time":"20201217011459","is_ascension_mode":true,"campfire_choices":[{"data":"Bash","floor":6.0,"key":"SMITH"},{"data":"Twin Strike","floor":12.0,"key":"SMITH"},{"data":"Whirlwind","floor":15.0,"key":"SMITH"},{"floor":23.0,"key":"RECALL"},{"floor":25.0,"key":"REST"},{"floor":32.0,"key":"REST"},{"floor":40.0,"key":"REST"},{"floor":42.0,"key":"REST"},{"floor":49.0,"key":"REST"}],"circlet_count":0,"master_deck":["AscendersBane","Strike_R+1","Strike_R+1","Strike_R+1","Strike_R+1","Strike_R+1","Defend_R+1","Defend_R+1","Defend_R+1","Defend_R+1","Bash+1","Intimidate+1","Shrug It Off","Exhume","Twin Strike+1","Infernal Blade","Whirlwind+1","Bludgeon","Perfected Strike","Cleave","Shrug It Off+1","Spot Weakness","Shrug It Off+1","Intimidate+1","Reaper","Enlightenment","Mind Blast","Apotheosis","Battle Trance","Inflame"],"relics":["Burning Blood","Bronze Scales","StrikeDummy","Singing Bowl","Lee\u0027s Waffle","Fusion Hammer","Shuriken","Sundial","The Courier","Art of War","Paper Frog","Red Mask","Unceasing Top"],"acts_visited":["Exordium","TheCity","TheBeyond"],"potions_floor_usage":[50,50],"damage_taken":[{"damage":1.0,"enemies":"2 Louse","floor":1.0,"turns":2.0},{"damage":2.0,"enemies":"Jaw Worm","floor":3.0,"turns":4.0},{"damage":5.0,"enemies":"Small Slimes","floor":7.0,"turns":3.0},{"damage":34.0,"enemies":"3 Sentries","floor":8.0,"turns":10.0},{"damage":6.0,"enemies":"Looter","floor":10.0,"turns":3.0},{"damage":0.0,"enemies":"Large Slime","floor":11.0,"turns":4.0},{"damage":13.0,"enemies":"2 Fungi Beasts","floor":13.0,"turns":4.0},{"damage":48.0,"enemies":"Hexaghost","floor":16.0,"turns":9.0},{"damage":1.0,"enemies":"3 Byrds","floor":18.0,"turns":2.0},{"damage":1.0,"enemies":"Spheric Guardian","floor":20.0,"turns":3.0},{"damage":0.0,"enemies":"Chosen and Byrds","floor":21.0,"turns":4.0},{"damage":41.0,"enemies":"Book of Stabbing","floor":24.0,"turns":5.0},{"damage":17.0,"enemies":"Sentry and Sphere","floor":28.0,"turns":4.0},{"damage":18.0,"enemies":"Gremlin Leader","floor":29.0,"turns":6.0},{"damage":6.0,"enemies":"3 Cultists","floor":30.0,"turns":4.0},{"damage":67.0,"enemies":"Collector","floor":33.0,"turns":9.0},{"damage":12.0,"enemies":"Orb Walker","floor":35.0,"turns":4.0},{"damage":16.0,"enemies":"3 Shapes","floor":39.0,"turns":4.0},{"damage":4.0,"enemies":"Mind Bloom Boss Battle","floor":45.0,"turns":5.0},{"damage":16.0,"enemies":"Maw","floor":46.0,"turns":7.0},{"damage":33.0,"enemies":"Sphere and 2 Shapes","floor":48.0,"turns":4.0},{"damage":95,"enemies":"Donu and Deca","floor":50,"turns":7}],"seed_played":"-5421166612532237261","potions_obtained":[{"floor":1.0,"key":"SkillPotion"},{"floor":10.0,"key":"AttackPotion"},{"floor":16.0,"key":"Explosive Potion"},{"floor":21.0,"key":"DistilledChaos"},{"floor":28.0,"key":"Block Potion"},{"floor":39.0,"key":"Fire Potion"},{"floor":45.0,"key":"GamblersBrew"},{"floor":48.0,"key":"Weak Potion"}],"is_trial":false,"path_per_floor":["M","?","M","?","?","R","M","E","T","M","M","R","M","$","R","B",null,"M","$","M","M","?","R","E","R","T","?","M","E","M","?","R","B",null,"M","?","?","?","M","R","$","R","T","?","?","M","$","M","R","B",null],"character_chosen":"IRONCLAD","items_purchased":["Lee\u0027s Waffle","Shuriken","Cleave","Apotheosis","ColorlessPotion"],"campfire_rested":5,"item_purchase_floors":[14,19,19,41,47],"current_hp_per_floor":[73,73,75,75,75,75,75,47,47,47,53,53,46,82,82,40,72,77,77,82,82,82,82,49,74,74,74,63,51,51,51,76,15,67,63,58,58,96,88,98,98,98,98,98,100,97,97,80,100,11],"gold":17,"neow_bonus":"RANDOM_COMMON_RELIC","is_daily":false,"chose_seed":false,"campfire_upgraded":3,"win_rate":0.0,"timestamp":1608164099,"path_taken":["M","?","M","?","?","R","M","E","T","M","M","R","?","$","R","BOSS","M","$","M","M","?","R","E","R","T","?","M","E","M","?","R","BOSS","M","?","?","?","?","R","?","R","T","?","?","M","$","M","R","BOSS"],"items_purchased_type":["Relic","Relic","Card","Card","Potion"],"build_version":"2020-12-13","purchased_purges":0,"victory":true,"max_hp_per_floor":[75,75,75,75,75,75,75,75,75,75,75,75,75,82,82,82,82,82,82,82,82,82,82,84,84,84,84,84,84,84,84,84,84,84,86,86,86,96,98,98,98,98,98,98,100,100,100,100,100,100],"card_choices":[{"not_picked":["Battle Trance","Clothesline"],"picked":"Intimidate","floor":1.0},{"not_picked":["Pommel Strike","Havoc"],"picked":"Shrug It Off","floor":3.0},{"not_picked":["Armaments","Pommel Strike"],"picked":"Exhume","floor":7.0},{"not_picked":["Cleave","Inflame"],"picked":"Twin Strike","floor":8.0},{"not_picked":["Ghostly Armor","True Grit"],"picked":"Infernal Blade","floor":10.0},{"not_picked":["Hemokinesis","Metallicize"],"picked":"Whirlwind","floor":11.0},{"not_picked":["Combust","Clash"],"picked":"Spot Weakness","floor":13.0},{"not_picked":["Exhume","Juggernaut"],"picked":"Bludgeon","floor":16.0},{"not_picked":["Havoc","Flex"],"picked":"Perfected Strike","floor":18.0},{"not_picked":["Ghostly Armor","Entrench"],"picked":"Shrug It Off+1","floor":20.0},{"not_picked":["Cleave","Power Through"],"picked":"Spot Weakness","floor":21.0},{"not_picked":["Wild Strike","Armaments","Second Wind"],"picked":"Singing Bowl","floor":24.0},{"not_picked":["Dark Embrace","Clash"],"picked":"Shrug It Off+1","floor":28.0},{"not_picked":["True Grit","Shrug It Off+1"],"picked":"Intimidate+1","floor":29.0},{"not_picked":["Havoc","Iron Wave"],"picked":"Barricade","floor":30.0},{"not_picked":["Corruption","Impervious"],"picked":"Reaper","floor":33.0},{"not_picked":["Evolve","Clash","Shrug It Off"],"picked":"Singing Bowl","floor":35.0},{"not_picked":["Thinking Ahead","Dark Shackles"],"picked":"Enlightenment","floor":36.0},{"not_picked":["Finesse","Madness"],"picked":"Mind Blast","floor":36.0},{"not_picked":["Perfected Strike","Pommel Strike","Cleave"],"picked":"Singing Bowl","floor":39.0},{"not_picked":["Shrug It Off","Combust","Armaments"],"picked":"Singing Bowl","floor":45.0},{"not_picked":["Thunderclap","Twin Strike"],"picked":"Battle Trance","floor":46.0},{"not_picked":["Havoc","Combust"],"picked":"Inflame","floor":48.0}],"player_experience":1241431,"relics_obtained":[{"floor":8.0,"key":"StrikeDummy"},{"floor":9.0,"key":"Singing Bowl"},{"floor":24.0,"key":"Sundial"},{"floor":26.0,"key":"The Courier"},{"floor":29.0,"key":"Art of War"},{"floor":43.0,"key":"Paper Frog"},{"floor":45.0,"key":"Unceasing Top"}],"event_choices":[{"damage_healed":0.0,"max_hp_gain":0.0,"max_hp_loss":0.0,"gold_gain":0.0,"event_name":"World of Goop","player_choice":"Left Gold","floor":2.0,"gold_loss":28.0,"damage_taken":0.0},{"damage_healed":0.0,"max_hp_gain":0.0,"max_hp_loss":0.0,"gold_gain":0.0,"event_name":"Living Wall","player_choice":"Grow","floor":4.0,"gold_loss":0.0,"damage_taken":0.0,"cards_upgraded":["Intimidate"]},{"damage_healed":0.0,"max_hp_gain":0.0,"max_hp_loss":0.0,"gold_gain":175.0,"event_name":"Liars Game","player_choice":"AGREE","floor":5.0,"gold_loss":0.0,"damage_taken":0.0,"cards_obtained":["Doubt"]},{"damage_healed":0.0,"max_hp_gain":0.0,"max_hp_loss":0.0,"gold_gain":99.0,"event_name":"Nest","player_choice":"Stole From Cult","floor":22.0,"gold_loss":0.0,"damage_taken":0.0},{"cards_removed":["Doubt"],"damage_healed":0.0,"max_hp_gain":0.0,"max_hp_loss":0.0,"gold_gain":0.0,"event_name":"Beggar","player_choice":"Gave Gold","floor":27.0,"gold_loss":75.0,"damage_taken":0.0},{"damage_healed":0.0,"max_hp_gain":0.0,"max_hp_loss":0.0,"gold_gain":0.0,"event_name":"Back to Basics","player_choice":"Simplicity","floor":31.0,"gold_loss":0.0,"damage_taken":0.0,"cards_upgraded":["Strike_R","Strike_R","Strike_R","Strike_R","Strike_R","Defend_R","Defend_R","Defend_R","Defend_R"]},{"damage_healed":0.0,"max_hp_gain":0.0,"max_hp_loss":0.0,"gold_gain":0.0,"event_name":"SensoryStone","player_choice":"Memory 2","floor":36.0,"gold_loss":0.0,"damage_taken":5.0},{"cards_removed":["Spot Weakness"],"damage_healed":0.0,"max_hp_gain":0.0,"max_hp_loss":0.0,"gold_gain":0.0,"event_name":"Falling","player_choice":"Removed Skill","floor":37.0,"gold_loss":0.0,"damage_taken":0.0},{"cards_removed":["Barricade"],"damage_healed":28.0,"max_hp_gain":10.0,"max_hp_loss":0.0,"gold_gain":0.0,"event_name":"Bonfire Elementals","player_choice":"Offered Rare","floor":38.0,"gold_loss":0.0,"damage_taken":0.0},{"damage_healed":0.0,"max_hp_gain":0.0,"max_hp_loss":0.0,"gold_gain":0.0,"event_name":"Tomb of Lord Red Mask","player_choice":"Paid","floor":44.0,"gold_loss":120.0,"damage_taken":0.0,"relics_obtained":["Red Mask"]},{"damage_healed":0.0,"max_hp_gain":0.0,"max_hp_loss":0.0,"gold_gain":0.0,"event_name":"MindBloom","player_choice":"Fight","floor":45.0,"gold_loss":0.0,"damage_taken":0.0}],"is_beta":false,"boss_relics":[{"not_picked":["Black Star","Ectoplasm"],"picked":"Fusion Hammer"},{"not_picked":[]}],"items_purged_floors":[],"is_endless":false,"potions_floor_spawned":[1,10,16,21,28,39,45,48],"ascension_level":14}}