{"host":"czx9zpdxwwzni6ls","time":1608229645,"event":{"mods":["BaseMod","BetterRewards","Downfall","Hermit","Hubris","Minty Spire (QoL Compilation)","Replay The Spire","Shop Mod","StSLib","SuperFastMode","UnlockEverythingMod"],"gold_per_floor":[99,274,274,289,11,11,11,26,26,56,71,8,23,38,53,153,153,153,168,183,213,228,24,49,49,64,64,64,79,94,94,94],"floor_reached":31,"playtime":2103,"items_purged":["Doubt"],"score":409,"play_id":"82508e1b-7987-4536-b47b-52d34e2ef10e","local_time":"20201217132725","daily_mods":["Insanity","Uncertain Future","Binary"],"is_ascension_mode":false,"campfire_choices":[{"floor":1,"key":"RECALL"},{"data":"Steam Power","floor":6,"key":"SMITH"},{"data":"BasicCrystalCard","floor":9,"key":"SMITH"},{"data":"Sunder","floor":18,"key":"SMITH"},{"floor":27,"key":"REST"}],"circlet_count":0,"master_deck":["sneckomod:Restock+1","BasicCrystalCard+1","Stack","BootSequence","Force Field","Panic Button","Chaos","Sweeping Beam","Streamline","Storm","Cold Snap","Turbo","Double Energy","ReplayTheSpireMod:Repulse","Sunder+1","Barrage","Sweeping Beam","FTL","Conserve Battery","Coolheaded","Panic Button","FTL","Redo","Coolheaded","Compile Driver","Cold Snap","Turbo","Beam Cell","Conserve Battery","FIFO Queue","Turbo","ReplayTheSpireMod:Reroute Power","Compile Driver","Turbo","Beam Cell","Gash","Cold Snap","Rebound","ReplaySort","FIFO Queue","Rebound","Sweeping Beam","Barrage","Gash","Glacier","Panic Button","Rip and Tear","Go for the Eyes","Panic Button","Conserve Battery","Gash","Steam Power+1","Auto Shields","Defragment","All For One","Turbo","Gash","Defragment","Blizzard","Amplify","Panic Button+1","Turbo","Stack+1","ReplayGash+1","Crystallizer+1","Apotheosis","Lockon","Compile Driver+1","Fusion"],"relics":["Cracked Core","hubris:Towel","Guardian:BottledAnomaly","Blue Candle","hubris:TenFootPole","Runic Pyramid","Pet Ghost","Replay:Wax Seal"],"acts_visited":["Exordium","TheCity"],"potions_floor_usage":[26,26],"damage_taken":[{"damage":2,"enemies":"Cultist","floor":4,"turns":3},{"damage":8,"enemies":"downfall:FleeingMerchant","floor":5,"turns":4},{"damage":0,"enemies":"2 Louse","floor":8,"turns":2},{"damage":18,"enemies":"3 Sentries","floor":10,"turns":3},{"damage":0,"enemies":"Jaw Worm","floor":11,"turns":2},{"damage":0,"enemies":"downfall:FleeingMerchant","floor":12,"turns":4},{"damage":0,"enemies":"2 Fungi Beasts","floor":13,"turns":2},{"damage":0,"enemies":"3 Louse","floor":14,"turns":2},{"damage":6,"enemies":"Large Slime","floor":15,"turns":4},{"damage":21,"enemies":"Fading Forest","floor":16,"turns":11},{"damage":22,"enemies":"3 Byrds","floor":19,"turns":4},{"damage":0,"enemies":"Chosen","floor":20,"turns":4},{"damage":19,"enemies":"Slavers","floor":21,"turns":5},{"damage":8,"enemies":"Centurion and Healer","floor":22,"turns":3},{"damage":15,"enemies":"downfall:FleeingMerchant","floor":23,"turns":4},{"damage":0,"enemies":"Sentry and Sphere","floor":26,"turns":3},{"damage":11,"enemies":"Snake Plant","floor":29,"turns":3},{"damage":12,"enemies":"Centurion and Healer","floor":30,"turns":4},{"damage":12,"enemies":"3 Cultists","floor":31,"turns":2}],"seed_played":"-4230686447748436371","potions_obtained":[{"floor":8,"key":"ColorlessPotion"},{"floor":11,"key":"Energy Potion"},{"floor":16,"key":"hexamod:EctoCoolerPotion"},{"floor":20,"key":"DuplicationPotion"},{"floor":29,"key":"AttackPotion"},{"floor":30,"key":"Death Potion"}],"is_trial":false,"path_per_floor":["R","?","?","M","$","R","T","M","R","E","M","$","M","M","M","B",null,"R","M","M","E","M","$","T","?","M","R","?","M","M","M"],"character_chosen":"DEFECT","items_purchased":["Guardian:BottledAnomaly","Steam Power","Turbo","Apotheosis"],"campfire_rested":1,"item_purchase_floors":[5,5,12,23],"current_hp_per_floor":[75,75,75,73,65,65,65,65,65,47,47,47,47,47,41,40,75,75,53,53,34,26,11,11,11,11,33,33,22,10,0,0],"gold":94,"neow_bonus":"","is_daily":true,"chose_seed":false,"campfire_upgraded":3,"win_rate":0.0,"timestamp":1608229645,"path_taken":["R","?","?","M","?","R","T","M","R","E","M","$","M","M","M","BOSS","R","M","M","E","M","$","T","?","M","R","?","?","M","M"],"items_purchased_type":["Relic","Card","Card","Card"],"build_version":"2020-12-13","purchased_purges":1,"victory":false,"max_hp_per_floor":[75,75,75,75,75,75,75,75,75,75,75,75,75,75,75,75,75,75,75,75,75,75,75,75,75,75,75,75,75,75,75,75],"card_choices":[{"not_picked":["Blizzard","BasicCrystalCard"],"picked":"SKIP","floor":4},{"not_picked":["Reinforced Body","BootSequence"],"picked":"SKIP","floor":5},{"not_picked":["hubris:PowerSurge","Streamline"],"picked":"SKIP","floor":8},{"not_picked":["Conserve Battery"],"picked":"Auto Shields","floor":10},{"not_picked":["Gash"],"picked":"Defragment","floor":11},{"not_picked":["BasicCrystalCard"],"picked":"All For One","floor":12},{"not_picked":["Scrape"],"picked":"Gash","floor":13},{"not_picked":["Genetic Algorithm"],"picked":"Defragment","floor":14},{"not_picked":["Leap"],"picked":"Blizzard","floor":15},{"not_picked":["Multi-Cast"],"picked":"Amplify","floor":16},{"not_picked":["Sweeping Beam"],"picked":"Panic Button+1","floor":19},{"not_picked":["Sweeping Beam+1"],"picked":"Turbo","floor":20},{"not_picked":["ReplayTheSpireMod:System Scan"],"picked":"Stack+1","floor":21},{"not_picked":["Redo"],"picked":"ReplayGash+1","floor":22},{"not_picked":["Streamline"],"picked":"Crystallizer+1","floor":23},{"not_picked":["Ball Lightning"],"picked":"Lockon","floor":26},{"not_picked":["hubris:PowerSurge"],"picked":"Compile Driver+1","floor":29},{"not_picked":["Gash"],"picked":"Fusion","floor":30}],"player_experience":11032,"relics_obtained":[{"floor":7,"key":"Blue Candle"},{"floor":10,"key":"hubris:TenFootPole"},{"floor":21,"key":"Pet Ghost"},{"floor":24,"key":"Replay:Wax Seal"}],"event_choices":[{"damage_healed":0,"gold_gain":175,"player_choice":"AGREE","damage_taken":0,"max_hp_gain":0,"max_hp_loss":0,"event_name":"Liars Game","floor":2,"gold_loss":0,"cards_obtained":["Doubt"]}],"is_beta":false,"boss_relics":[{"not_picked":["hubris:GrandSneckoEye","hubris:TerracottaHorce"],"picked":"Runic Pyramid"}],"items_purged_floors":[5],"is_endless":false,"potions_floor_spawned":[8,11,16,20,21,29,30],"killed_by":"3 Cultists","ascension_level":0}}