{"host":"t9zjxed0utvsfjwc","time":1608229549,"event":{"mods":["2.2 Compatiblity","Aspiration","BaseMod","Block Reminder","Colored Map","Colored Powertips","Highlight Path","Hubris","Infinite Spire","Minty Spire (QoL Compilation)","Quick Restart","Replay The Spire","StSLib","Unceasing Turn Reminder","everything is the same but u backflip on backflip"],"gold_per_floor":[112,112,112,129,152,183,183,196,196,53,53,80,100,113,113,218,218,228,153,153,173,173,173,199,199,199,199,225,225,235,249,249,351,351,368,382,394,410,430,455,455,487,513,523,23,23,38,55,55,150,150,152,159,159,159,167,167,53,53,53,65,72,93,93,94,94,174,274,273,273,273,223,217,217,191,191],"floor_reached":75,"playtime":8232,"items_purged":["Defend_R"],"score":1820,"play_id":"996f7424-591d-4f70-b7d0-ae5b816b5c42","local_time":"20201217182549","is_ascension_mode":true,"campfire_choices":[{"data":"Bash","floor":7,"key":"SMITH"},{"data":"hubris:CleavingFinish","floor":15,"key":"SMITH"},{"data":"ReplayTheSpireMod:Limb From Limb","floor":23,"key":"SMITH"},{"floor":25,"key":"REST"},{"data":"Feed","floor":29,"key":"SMITH"},{"data":"Anger","floor":32,"key":"SMITH"},{"data":"Cleave","floor":41,"key":"SMITH"},{"data":"ReplayReversal","floor":46,"key":"SMITH"},{"data":"Iron Wave","floor":49,"key":"SMITH"},{"data":"Armaments","floor":66,"key":"SMITH"},{"data":"Cleave","floor":74,"key":"SMITH"}],"circlet_count":0,"master_deck":["Defend_R","Bash+1","Seeing Red+1","Ghostly Armor","Anger+1","Seeing Red+1","hubris:CleavingFinish+1","Shrug It Off","Cleave+1","Iron Wave+1","Bite","Bite","Bite","Bite","Bite","ReplayTheSpireMod:Stacked","Voices","Feed+1","Ghostly Armor+1","Pommel Strike+1","Massacre+1","Armaments+1","hubris:DuctTapeCard","ReplayReversal+1","Clash+1","Regret","CurseOfTheBell","Armaments+1","Cleave+1"],"relics":["Burning Blood","NeowsBlessing","infinitespire:ShieldingShard","aspiration:ChemicalBlood","aspiration:Lifesprig","Whetstone","DollysMirror","Ancient Tea Set","ReplayTheSpireMod:DimensionalGlitch","aspiration:Headhunter","hubris:VirtuousBlindfold","MealTicket","Replay:Accelerometer","Ring of Fury","Ring of Hypnosis","Replay:Ringing Soul","aspiration:PoetsPen_weak","hubris:DuctTape","Replay:Bottled Steam","infinitespire:Lucky Rock","Replay:Mystery Machine","ReplayTheSpireMod:Lightbulb","Membership Card","Black Star","Quantum Egg","Calling Bell","hubris:ChampionShield","aspiration:HummingbirdHeart","Charon\u0027s Ashes","hubris:OldNail","infinitespire:Golems Mask","Red Skull","hubris:ToyBattleship","Bottled Lightning","aspiration:SeaSaltIceCream","aspiration:Nostalgia","Replay:M_StaffOfTheSnake","Replay:Wanted Poster","MutagenicStrength"],"acts_visited":["Exordium","TheCity","TheBeyond","Exordium","TheCity"],"potions_floor_usage":[12,12,12,14,14,18,18,24,28,28,30,33,33,33,37,39,39,50,50,61,67,73,75,75,75,75,75,75],"damage_taken":[{"damage":0,"enemies":"2 Louse","floor":1,"turns":1},{"damage":0,"enemies":"Small Slimes","floor":4,"turns":1},{"damage":0,"enemies":"3 Sentries","floor":6,"turns":1},{"damage":0,"enemies":"Jaw Worm","floor":8,"turns":1},{"damage":0,"enemies":"Lagavulin","floor":12,"turns":4},{"damage":0,"enemies":"3 Louse","floor":13,"turns":2},{"damage":0,"enemies":"Red Slaver","floor":14,"turns":3},{"damage":26,"enemies":"Fading Forest","floor":16,"turns":11},{"damage":23,"enemies":"2 Thieves","floor":18,"turns":4},{"damage":7,"enemies":"Shell Parasite","floor":21,"turns":3},{"damage":14,"enemies":"Nightmare","floor":24,"turns":6},{"damage":26,"enemies":"Gremlin Leader","floor":28,"turns":6},{"damage":0,"enemies":"3 Cultists","floor":30,"turns":3},{"damage":15,"enemies":"Snecko","floor":31,"turns":5},{"damage":19,"enemies":"Collector","floor":33,"turns":7},{"damage":0,"enemies":"3 Shapes","floor":35,"turns":1},{"damage":0,"enemies":"Orb Walker","floor":36,"turns":1},{"damage":9,"enemies":"Maw","floor":37,"turns":4},{"damage":15,"enemies":"4 Shapes","floor":38,"turns":2},{"damage":0,"enemies":"3 Darklings","floor":39,"turns":2},{"damage":0,"enemies":"Nemesis","floor":40,"turns":3},{"damage":12,"enemies":"Nightmare","floor":42,"turns":4},{"damage":0,"enemies":"Writhing Mass","floor":44,"turns":3},{"damage":0,"enemies":"Sphere and 2 Shapes","floor":47,"turns":1},{"damage":12,"enemies":"Maw","floor":48,"turns":4},{"damage":53,"enemies":"Awakened One","floor":50,"turns":8},{"damage":0,"enemies":"Cultist","floor":52,"turns":2},{"damage":0,"enemies":"2 Louse","floor":53,"turns":1},{"damage":0,"enemies":"Jaw Worm","floor":56,"turns":2},{"damage":0,"enemies":"Lagavulin","floor":61,"turns":3},{"damage":0,"enemies":"Exordium Thugs","floor":62,"turns":2},{"damage":0,"enemies":"Gremlin Nob","floor":63,"turns":1},{"damage":0,"enemies":"2 Fungi Beasts","floor":64,"turns":1},{"damage":0,"enemies":"Red Slaver","floor":65,"turns":1},{"damage":0,"enemies":"Hexaghost","floor":67,"turns":2},{"damage":0,"enemies":"Chosen","floor":69,"turns":2},{"damage":0,"enemies":"Shell Parasite","floor":73,"turns":2},{"damage":142,"enemies":"Nightmare_Alpha","floor":75,"turns":4}],"seed_played":"526740674250776023","potions_obtained":[{"floor":6,"key":"PowerPotion"},{"floor":8,"key":"Block Potion"},{"floor":11,"key":"CultistPotion"},{"floor":12,"key":"SpeedPotion"},{"floor":13,"key":"SpeedPotion"},{"floor":16,"key":"Weak Potion"},{"floor":21,"key":"Weak Potion"},{"floor":28,"key":"FearPotion"},{"floor":30,"key":"EssenceOfSteel"},{"floor":35,"key":"SpeedPotion"},{"floor":37,"key":"Strength Potion"},{"floor":42,"key":"SmokeBomb"},{"floor":53,"key":"Block Potion"},{"floor":62,"key":"Fire Potion"},{"floor":67,"key":"DuplicationPotion"},{"floor":75,"key":"EssenceOfSteel"}],"is_trial":false,"path_per_floor":["M","?","?","M","T","E","R","M","T","$","?","E","M","M","R","B",null,"M","?","AVR","M","?","R","NM","R","T","?","E","R","M","M","R","B",null,"M","M","M","M","M","E","R","NM","T","M","$","R","M","M","R","B",null,"M","M","?","AVR","M","?","$","?","T","E","M","E","M","M","R","B",null,"M","?","?","?","M","R","NM"],"character_chosen":"IRONCLAD","items_purchased":["DollysMirror","Replay:Mystery Machine","ReplayTheSpireMod:Lightbulb","Membership Card","hubris:OldNail"],"campfire_rested":1,"item_purchase_floors":[10,45,45,45,58],"current_hp_per_floor":[78,78,78,80,80,80,80,80,80,80,80,80,80,80,80,68,77,65,65,65,61,56,56,47,56,56,56,53,53,61,54,54,46,61,69,69,70,63,71,78,78,74,74,88,88,88,88,82,82,55,80,84,91,94,97,98,98,98,101,101,101,101,104,108,108,108,112,112,112,112,112,112,112,112,0,0],"gold":191,"neow_bonus":"THREE_ENEMY_KILL","is_daily":false,"chose_seed":false,"campfire_upgraded":10,"win_rate":0.0,"timestamp":1608229549,"path_taken":["M","?","?","M","?","E","R","M","T","$","?","E","?","M","R","BOSS","M","?","AVR","M","?","R","NM","R","T","?","E","R","M","M","R","BOSS","M","M","M","M","M","E","R","NM","T","M","$","R","M","M","R","BOSS","M","M","?","AVR","M","?","$","?","T","E","M","E","M","M","R","BOSS","M","?","?","?","?","R","NM"],"items_purchased_type":["Relic","Relic","Relic","Relic","Relic"],"build_version":"2020-12-13","purchased_purges":1,"victory":false,"max_hp_per_floor":[80,80,80,80,80,80,80,80,80,80,80,80,80,80,80,80,80,80,80,80,80,56,56,56,56,56,56,59,59,62,66,66,66,66,69,69,72,75,75,78,78,81,81,88,88,88,88,88,88,88,88,88,92,95,98,98,98,98,101,101,101,101,104,108,108,108,112,112,112,112,112,112,112,112,112,112],"card_choices":[{"not_picked":["Evolve","Cleave"],"picked":"ReplayTheSpireMod:Limb From Limb","floor":1},{"not_picked":["Reckless Charge","Twin Strike"],"picked":"Ghostly Armor","floor":4},{"not_picked":["infinitespire:OneForAll","ReplayTheSpireMod:Limb From Limb"],"picked":"Anger","floor":6},{"not_picked":["Clothesline","Anger"],"picked":"Thunderclap","floor":8},{"not_picked":["Clothesline","Disarm"],"picked":"hubris:CleavingFinish","floor":12},{"not_picked":["Spot Weakness","Warcry"],"picked":"Shrug It Off","floor":13},{"not_picked":["Blood for Blood","hubris:ReadiedAction"],"picked":"Cleave","floor":14},{"not_picked":["Heavy Blade","True Grit","Sword Boomerang"],"picked":"SKIP","floor":18},{"not_picked":["Power Through+1","hubris:ReadiedAction+1"],"picked":"Iron Wave","floor":21},{"not_picked":["Inflame","Abandon"],"picked":"ReplayTheSpireMod:Stacked","floor":24},{"not_picked":["Rampage+1","Flame Barrier"],"picked":"Feed","floor":28},{"not_picked":["Headbutt","Armaments"],"picked":"Ghostly Armor","floor":30},{"not_picked":["Twin Strike","Whirlwind","Havoc"],"picked":"SKIP","floor":31},{"not_picked":["Flex","Havoc+1"],"picked":"Pommel Strike+1","floor":35},{"not_picked":["Sword Boomerang","Clothesline","Flex+1"],"picked":"SKIP","floor":36},{"not_picked":["Searing Blow","Feed"],"picked":"Massacre+1","floor":37},{"not_picked":["Sword Boomerang+1","Warcry+1"],"picked":"Armaments+1","floor":38},{"not_picked":["ReplayTheSpireMod:Corrosion Curse+1","Clothesline+1","Rampage+1"],"picked":"SKIP","floor":39},{"not_picked":["Hemokinesis","Clothesline+1","Shrug It Off+1"],"picked":"SKIP","floor":40},{"not_picked":["Clothesline+1","Power Through+1"],"picked":"ReplayReversal","floor":42},{"not_picked":["Intimidate+1","hubris:ReadiedAction"],"picked":"Clash+1","floor":44},{"not_picked":["Armaments","Feel No Pain","Headbutt+1"],"picked":"SKIP","floor":47},{"not_picked":["Searing Blow","Defy Death","ReplayTheSpireMod:Strike From Hell"],"picked":"SKIP","floor":48},{"not_picked":["Flex","Armaments","Wild Strike"],"picked":"SKIP","floor":52},{"not_picked":["Replay:Undeath\u0027s Touch","Thunderclap","Cleave"],"picked":"SKIP","floor":53},{"not_picked":["Shrug It Off","Warcry","Wild Strike"],"picked":"SKIP","floor":56},{"not_picked":["Shrug It Off","Sentinel","hubris:ReadiedAction"],"picked":"SKIP","floor":61},{"not_picked":["Ghostly Armor","ReplayTheSpireMod:LeadingStrike","ReplayTheSpireMod:Limb From Limb"],"picked":"SKIP","floor":62},{"not_picked":["Life Link","Thunderclap"],"picked":"Cleave","floor":63},{"not_picked":["Anger","Evolve","Replay:Undeath\u0027s Touch"],"picked":"SKIP","floor":64},{"not_picked":["SashWhip","Barricade","Anger"],"picked":"SKIP","floor":65},{"not_picked":["Feel No Pain","Flex","Shrug It Off"],"picked":"SKIP","floor":69},{"not_picked":["Twin Strike","Pommel Strike","Hemokinesis"],"picked":"SKIP","floor":73}],"player_experience":226280,"relics_obtained":[{"floor":3,"key":"infinitespire:ShieldingShard"},{"floor":5,"key":"aspiration:ChemicalBlood"},{"floor":6,"key":"aspiration:Lifesprig"},{"floor":9,"key":"Whetstone"},{"floor":12,"key":"Ancient Tea Set"},{"floor":24,"key":"MealTicket"},{"floor":26,"key":"Replay:Accelerometer"},{"floor":27,"key":"Ring of Fury"},{"floor":27,"key":"Ring of Hypnosis"},{"floor":28,"key":"Replay:Ringing Soul"},{"floor":40,"key":"hubris:DuctTape"},{"floor":42,"key":"Replay:Bottled Steam"},{"floor":43,"key":"infinitespire:Lucky Rock"},{"floor":55,"key":"hubris:ChampionShield"},{"floor":55,"key":"aspiration:HummingbirdHeart"},{"floor":55,"key":"Charon\u0027s Ashes"},{"floor":60,"key":"infinitespire:Golems Mask"},{"floor":61,"key":"Red Skull"},{"floor":61,"key":"hubris:ToyBattleship"},{"floor":63,"key":"Bottled Lightning"},{"floor":63,"key":"aspiration:SeaSaltIceCream"}],"event_choices":[{"damage_healed":0,"gold_gain":0,"player_choice":"Got Potions","damage_taken":0,"max_hp_gain":0,"max_hp_loss":0,"event_name":"Lab","floor":11,"gold_loss":0},{"cards_removed":["Strike_R"],"damage_healed":0,"gold_gain":0,"player_choice":"Gave Gold","damage_taken":0,"max_hp_gain":0,"max_hp_loss":0,"event_name":"Beggar","floor":19,"gold_loss":75},{"damage_healed":0,"gold_gain":0,"player_choice":"Became a vampire","damage_taken":0,"max_hp_gain":0,"max_hp_loss":24,"event_name":"Vampires","floor":22,"gold_loss":0,"cards_obtained":["Bite","Bite","Bite","Bite","Bite"]},{"damage_healed":0,"gold_gain":0,"player_choice":"Box","damage_taken":0,"relics_obtained":["Quantum Egg"],"max_hp_gain":0,"max_hp_loss":0,"event_name":"Big Fish","floor":54,"gold_loss":0,"cards_obtained":["Regret"]},{"damage_healed":0,"gold_gain":0,"cards_transformed":["Defend_R"],"player_choice":"Transformed","damage_taken":0,"max_hp_gain":0,"max_hp_loss":0,"event_name":"Transmorgrifier","floor":59,"gold_loss":0,"cards_obtained":["Armaments"]},{"damage_healed":0,"gold_gain":0,"player_choice":"Inject Mutagens","damage_taken":0,"relics_obtained":["MutagenicStrength"],"max_hp_gain":0,"max_hp_loss":0,"event_name":"Drug Dealer","floor":70,"gold_loss":0},{"damage_healed":0,"gold_gain":0,"player_choice":"Bet on Murderer","damage_taken":0,"max_hp_gain":0,"max_hp_loss":0,"event_name":"The Joust","floor":72,"gold_loss":50}],"is_beta":false,"boss_relics":[{"not_picked":["hubris:Stopwatch","Runic Cube"],"picked":"ReplayTheSpireMod:DimensionalGlitch"},{"not_picked":["hubris:CrackedHourglass","aspiration:DefectSkillbook"],"picked":"aspiration:PoetsPen_weak"},{"not_picked":["aspiration:SecretTechniqueScroll","infinitespire:Cupcake"],"picked":"Black Star"},{"not_picked":["Velvet Choker","ChewingGum"],"picked":"Replay:Wanted Poster"}],"items_purged_floors":[58],"is_endless":true,"potions_floor_spawned":[6,8,12,13,16,21,30,31,35,37,38,42,48,53,62,63,64,67,73],"killed_by":"Nightmare_Alpha","ascension_level":6}}