{"host":"ry95t1gxi682w1un","time":1608245004,"event":{"mods":["BaseMod","Block Reminder","Downfall","Highlight Path","Minty Spire (QoL Compilation)","Random Character Button","StSLib"],"gold_per_floor":[99,128,128,151,182,107,155,155,155,155,155,171,191,341,356,457,457,307,307,307,319,319,330,330,360,360,360,159,169,154,169,188,292,292,292,304,339,20,36,63,63,63,94,94,112,132,144,144,163,163,163,194,34,34,34],"floor_reached":56,"playtime":4139,"items_purged":["champ:Strike","champ:Strike"],"score":1413,"play_id":"2bc6b07c-f02f-494a-83d9-4d5ba8dc5eff","local_time":"20201217174324","is_ascension_mode":false,"campfire_choices":[{"data":"champ:Taunt","floor":1.0,"key":"SMITH"},{"data":"champ:ArenaPreparation","floor":6.0,"key":"SMITH"},{"data":"champ:Duel","floor":8.0,"key":"SMITH"},{"floor":10.0,"key":"RECALL"},{"data":"champ:IgnorePain","floor":18.0,"key":"SMITH"},{"data":"champ:ShieldWall","floor":20.0,"key":"SMITH"},{"data":"champ:CalledShot","floor":22.0,"key":"SMITH"},{"data":"champ:GladiatorStyle","floor":27.0,"key":"SMITH"},{"data":"champ:ArenaPreparation","floor":35.0,"key":"SMITH"},{"data":"champ:Duel","floor":42,"key":"SMITH"},{"data":"champ:RapidStrikes","floor":44,"key":"SMITH"},{"data":"Enlightenment","floor":54,"key":"SMITH"}],"circlet_count":0,"master_deck":["champ:Strike","champ:Defend","champ:Defend","champ:Defend","champ:Defend","champ:Execute+1","champ:Taunt+1","champ:ArenaPreparation+1","champ:Duel+1","champ:RapidStrikes+1","champ:BringItOn","champ:ArenaPreparation+1","champ:GladiatorStyle+1","champ:ShieldWall+1","champ:IgnorePain+1","champ:CalledShot+1","champ:RapidStrikes+1","champ:CrownThrow","champ:Duel+1","Parasite","champ:EndlessRage","Enlightenment+1","champ:RapidStrikes"],"relics":["champ:ChampionCrown","downfall:HeartsMalice","Ornamental Fan","Bag of Marbles","Bag of Preparation","The Courier","downfall:HeartBlessingGreen","Runic Dome","downfall:HeartBlessingRed","downfall:HeartBlessingBlue","champ:FightingForDummies","Darkstone Periapt","Toolbox","Busted Crown","Kunai","champ:BerserkersGuideToSlaughter","Anchor","Letter Opener","Bronze Scales","Bottled Lightning","MealTicket","Shuriken","StrikeDummy"],"acts_visited":["Exordium","TheCity","TheBeyond","TheEnding"],"potions_floor_usage":[55,55],"damage_taken":[{"damage":0.0,"enemies":"Gremlin Nob","floor":2.0,"turns":1.0},{"damage":0.0,"enemies":"Lagavulin","floor":5.0,"turns":1.0},{"damage":0.0,"enemies":"Small Slimes","floor":11.0,"turns":1.0},{"damage":13.0,"enemies":"Jaw Worm","floor":12.0,"turns":2.0},{"damage":14.0,"enemies":"2 Louse","floor":13.0,"turns":2.0},{"damage":25.0,"enemies":"Gremlin Gang","floor":15.0,"turns":3.0},{"damage":56.0,"enemies":"downfall:Ironclad","floor":16.0,"turns":6.0},{"damage":5.0,"enemies":"Spheric Guardian","floor":21.0,"turns":2.0},{"damage":22.0,"enemies":"3 Byrds","floor":23.0,"turns":4.0},{"damage":42.0,"enemies":"Slavers","floor":25.0,"turns":5.0},{"damage":19.0,"enemies":"downfall:FleeingMerchant","floor":28.0,"turns":4.0},{"damage":14.0,"enemies":"Snake Plant","floor":29.0,"turns":2.0},{"damage":14.0,"enemies":"downfall:FleeingMerchant","floor":30.0,"turns":4.0},{"damage":20.0,"enemies":"Snecko","floor":31.0,"turns":2.0},{"damage":13.0,"enemies":"Centurion and Healer","floor":32.0,"turns":5.0},{"damage":28.0,"enemies":"downfall:Defect","floor":33.0,"turns":4.0},{"damage":10.0,"enemies":"3 Darklings","floor":36.0,"turns":3.0},{"damage":24.0,"enemies":"Reptomancer","floor":37.0,"turns":4.0},{"damage":0.0,"enemies":"downfall:FleeingMerchant","floor":38.0,"turns":2.0},{"damage":0,"enemies":"3 Shapes","floor":39,"turns":2},{"damage":5,"enemies":"Nemesis","floor":40,"turns":3},{"damage":6,"enemies":"Giant Head","floor":43,"turns":6},{"damage":4,"enemies":"Writhing Mass","floor":45,"turns":3},{"damage":11,"enemies":"Spire Growth","floor":46,"turns":3},{"damage":3,"enemies":"Sphere and 2 Shapes","floor":47,"turns":3},{"damage":20,"enemies":"3 Darklings","floor":49,"turns":2},{"damage":31,"enemies":"downfall:Watcher","floor":50,"turns":4},{"damage":87,"enemies":"downfall:CharBossMerchant","floor":52,"turns":6},{"damage":137,"enemies":"downfall:NeowBoss","floor":55,"turns":15}],"seed_played":"-6347917091919580224","potions_obtained":[{"floor":5.0,"key":"BlessingOfTheForge"},{"floor":15.0,"key":"Regen Potion"},{"floor":25.0,"key":"Block Potion"},{"floor":31.0,"key":"Strength Potion"},{"floor":37.0,"key":"champ:CounterPotion"},{"floor":45,"key":"LiquidMemories"}],"is_trial":false,"path_per_floor":["R","E","?","T","E","R","T","R","?","R","M","M","M","?","M","B",null,"R","?","R","M","R","M","T","E","?","R","$","M","$","M","M","B",null,"R","M","E","$","M","E","T","R","E","R","M","M","M","?","M","B",null,"E","$","R","B",null],"character_chosen":"THE_CHAMP","items_purchased":["Toolbox","champ:BerserkersGuideToSlaughter","Anchor","Letter Opener","Bronze Scales","champ:EndlessRage","Enlightenment","champ:RapidStrikes"],"campfire_rested":0,"item_purchase_floors":[28,38,38,38,38,53,53,53],"current_hp_per_floor":[90,90,83,83,83,83,83,83,83,83,83,81,78,78,78,64,90,100,92,92,92,92,100,100,89,89,89,92,90,100,100,100,100,100,100,100,92,100,100,100,100,100,100,100,106,106,106,96,106,106,106,102,106,106,87],"gold":34,"neow_bonus":"THREE_ENEMY_KILL","is_daily":false,"chose_seed":false,"campfire_upgraded":11,"win_rate":0.0,"timestamp":1608245004,"path_taken":["R","E","?","?","E","R","T","R","?","R","?","M","M","?","M","BOSS","R","?","R","?","R","M","T","E","?","R","$","M","?","M","M","BOSS","R","?","E","$","M","E","T","R","E","R","?","M","M","?","M","BOSS","E","$","R","BOSS"],"items_purchased_type":["Relic","Relic","Relic","Relic","Relic","Card","Card","Card"],"build_version":"2020-12-13","purchased_purges":2,"victory":true,"max_hp_per_floor":[90,90,90,90,90,90,90,90,90,90,90,90,90,90,90,90,90,100,100,100,100,100,100,100,100,100,100,100,100,100,100,100,100,100,100,100,100,100,100,100,100,100,100,100,106,106,106,106,106,106,106,106,106,106,106],"card_choices":[{"not_picked":["champ:Backstep","champ:RecklessLeap"],"picked":"champ:ArenaPreparation","floor":2.0},{"not_picked":["champ:AdrenalArmor","champ:Haymaker"],"picked":"champ:Duel","floor":5.0},{"not_picked":["champ:AdrenalArmor","champ:GladiatorsShout"],"picked":"champ:BringItOn","floor":11.0},{"not_picked":["champ:FanOfKnives","champ:PerfectedStrike"],"picked":"champ:ArenaPreparation","floor":12.0},{"not_picked":["champ:ShieldSlam","champ:GladiatorsShout"],"picked":"champ:GladiatorStyle","floor":13.0},{"not_picked":["champ:FlashCut","champ:Shatter"],"picked":"champ:ShieldWall","floor":15.0},{"not_picked":["champ:DancingMaster","champ:CheapShot"],"picked":"champ:IgnorePain","floor":16.0},{"not_picked":["champ:CrookedStrike","champ:DefensiveShout+1"],"picked":"champ:CalledShot","floor":21.0},{"not_picked":["champ:HeartStrike","champ:FanOfKnives+1","champ:ShieldWall"],"picked":"SKIP","floor":23.0},{"not_picked":["champ:Improvising","champ:StanceDance"],"picked":"champ:RapidStrikes+1","floor":25.0},{"not_picked":["champ:Encircle+1","champ:BerserkerStyle+1","champ:GutPunch"],"picked":"SKIP","floor":28.0},{"not_picked":["champ:CrookedStrike","champ:AdrenalArmor+1","champ:FocusedBerserking"],"picked":"SKIP","floor":29.0},{"not_picked":["champ:BerserkersShout","champ:Duel","champ:DefensiveStyle+1"],"picked":"SKIP","floor":30.0},{"not_picked":["champ:ShieldWall+1","champ:ArenaPreparation","champ:DefensiveShout+1"],"picked":"SKIP","floor":31.0},{"not_picked":["champ:StanceDance","champ:EnGarde+1","champ:FanOfKnives"],"picked":"SKIP","floor":32.0},{"not_picked":["champ:StrikeOfGenius","champ:HeavySlash"],"picked":"champ:CrownThrow","floor":33.0},{"not_picked":["champ:FanOfKnives+1"],"picked":"SKIP","floor":36.0},{"not_picked":["champ:Backstep+1"],"picked":"SKIP","floor":37.0},{"not_picked":["champ:Duel"],"picked":"SKIP","floor":39},{"not_picked":["champ:Duel"],"picked":"SKIP","floor":39},{"not_picked":[],"picked":"champ:Duel","floor":39},{"not_picked":["champ:Backstep"],"picked":"SKIP","floor":40},{"not_picked":["champ:ViciousMockery"],"picked":"SKIP","floor":43},{"not_picked":["champ:BringItOn"],"picked":"SKIP","floor":45},{"not_picked":["champ:FanOfKnives+1"],"picked":"SKIP","floor":46},{"not_picked":["champ:TornadoPunch+1"],"picked":"SKIP","floor":47},{"not_picked":["champ:CalledShot"],"picked":"SKIP","floor":49},{"not_picked":["champ:CrookedStrike+1"],"picked":"SKIP","floor":52}],"player_experience":514299,"relics_obtained":[{"floor":2.0,"key":"Ornamental Fan"},{"floor":4.0,"key":"Bag of Preparation"},{"floor":5.0,"key":"The Courier"},{"floor":24.0,"key":"champ:FightingForDummies"},{"floor":25.0,"key":"Darkstone Periapt"},{"floor":37.0,"key":"Kunai"},{"floor":40,"key":"Bottled Lightning"},{"floor":41,"key":"MealTicket"},{"floor":43,"key":"Shuriken"},{"floor":52,"key":"StrikeDummy"}],"event_choices":[{"damage_healed":0.0,"max_hp_gain":0.0,"max_hp_loss":0.0,"gold_gain":0.0,"event_name":"Scrap Ooze","player_choice":"Success","floor":3.0,"gold_loss":0.0,"damage_taken":7.0,"relics_obtained":["Bag of Marbles"]},{"damage_healed":0.0,"max_hp_gain":0.0,"max_hp_loss":0.0,"gold_gain":0.0,"cards_transformed":["champ:Strike"],"event_name":"Transmorgrifier","player_choice":"Transformed","floor":9.0,"gold_loss":0.0,"damage_taken":0.0,"cards_obtained":["champ:RapidStrikes"]},{"damage_healed":0.0,"max_hp_gain":0.0,"max_hp_loss":0.0,"gold_gain":0.0,"event_name":"Vampires","player_choice":"Ignored","floor":26.0,"gold_loss":0.0,"damage_taken":0.0}],"is_beta":false,"boss_relics":[{"not_picked":["Black Star","Pandora\u0027s Box"],"picked":"Runic Dome"},{"not_picked":["Calling Bell","Snecko Eye"],"picked":"Busted Crown"}],"items_purged_floors":[28,38],"is_endless":false,"potions_floor_spawned":[5,15,25,31,37,40,43,45],"ascension_level":0}}