{"host":"ilrepnd391jk07a9","time":1608246726,"event":{"mods":["Aspiration","BaseMod","Better Altar","Better Note","Better Skull","Better Third Choice","BetterRewards","Colored Powertips","DeckTracker","Defuse TimeMaze Blight","Downfall","GifTheSpireLib","Gremlin Skip","Halation","Highlight Path","Hubris","Minty Spire (QoL Compilation)","Quick Restart","Relic Stats","Replay The Spire","StSLib","Stuff the Spire","everything is the same but u backflip on backflip","vexMod"],"gold_per_floor":[99,9,9,24,36,51,51,51,80,80,80,149,10,26,69,109,109],"floor_reached":16,"playtime":1276,"items_purged":[],"score":105,"play_id":"5652e552-52c4-4561-b79a-12d17b6c0ad5","local_time":"20201218121206","is_ascension_mode":true,"campfire_choices":[{"data":"champ:Execute","floor":1,"key":"SMITH"},{"data":"champ:Taunt","floor":3,"key":"SMITH"},{"data":"champ:ViciousMockery","floor":8,"key":"SMITH"},{"data":"champ:Balance","floor":10,"key":"SMITH"}],"circlet_count":0,"master_deck":["champ:Strike","champ:Strike+1","champ:Strike","champ:Defend","champ:Defend+1","champ:Defend","champ:Defend","champ:Execute+1","champ:Taunt+1","champ:BerserkersShout","champ:DefensiveShout","champ:Balance+1","champ:ViciousMockery+1","champ:FanOfKnives+1","champ:BladeFlurry","champ:FaceSlap","Regret","ReplayTheSpireMod:Splinters","champ:Backstep","champ:Improvising","champ:StanceDance","champ:ViciousMockery"],"relics":["champ:ChampionCrown","Replay:Bottled Flurry","vexMod:ConsolationPrize","hubris:PeanutButter"],"acts_visited":["Exordium"],"potions_floor_usage":[15,16],"damage_taken":[{"damage":20,"enemies":"downfall:FleeingMerchant","floor":2,"turns":4},{"damage":0,"enemies":"Cultist","floor":4,"turns":3},{"damage":8,"enemies":"Jaw Worm","floor":5,"turns":4},{"damage":0,"enemies":"Small Slimes","floor":6,"turns":5},{"damage":35,"enemies":"3 Sentries","floor":9,"turns":8},{"damage":15,"enemies":"downfall:FleeingMerchant","floor":13,"turns":4},{"damage":0,"enemies":"3 Louse","floor":14,"turns":4},{"damage":28,"enemies":"Exordium Thugs","floor":15,"turns":6},{"damage":70,"enemies":"downfall:Ironclad","floor":16,"turns":10}],"seed_played":"-7074915455551700500","potions_obtained":[{"floor":9,"key":"FairyPotion"},{"floor":12,"key":"Block Potion"},{"floor":14,"key":"Reflective Coating"}],"is_trial":false,"path_per_floor":["R","$","R","M","M","M","T","R","E","R","?","?","$","M","M","B"],"character_chosen":"THE_CHAMP","items_purchased":["champ:Balance","champ:Improvising"],"campfire_rested":0,"item_purchase_floors":[2,13],"current_hp_per_floor":[90,80,80,80,77,77,77,77,51,51,51,51,50,50,25,0,0],"gold":109,"neow_bonus":"TRANSFORM_CARD","is_daily":false,"chose_seed":false,"campfire_upgraded":4,"win_rate":0.0,"timestamp":1608246726,"path_taken":["R","?","R","?","M","M","T","R","E","R","?","?","?","?","M","BOSS"],"items_purchased_type":["Card","Card"],"build_version":"2020-12-13","purchased_purges":0,"victory":false,"max_hp_per_floor":[90,90,90,90,90,90,90,90,90,90,90,90,90,90,90,90,90],"relic_stats":{"counters":[9,48],"obtain_stats":[{"vexMod:ConsolationPrize":9,"champ:ChampionCrown":0,"hubris:PeanutButter":12,"Replay:Bottled Flurry":7},{"vexMod:ConsolationPrize":5,"champ:ChampionCrown":0,"hubris:PeanutButter":5,"Replay:Bottled Flurry":4},{"vexMod:ConsolationPrize":24,"champ:ChampionCrown":0,"hubris:PeanutButter":24,"Replay:Bottled Flurry":16}]},"card_choices":[{"not_picked":["champ:Haymaker","champ:CalledShot"],"picked":"champ:DefensiveShout","floor":2},{"not_picked":["champ:BerserkersShout","champ:EnragedBash"],"picked":"champ:ViciousMockery","floor":4},{"not_picked":["champ:GladiatorsShout","champ:DefensiveShout"],"picked":"champ:FanOfKnives","floor":5},{"not_picked":["champ:DeathBlow","champ:TornadoPunch"],"picked":"champ:BladeFlurry","floor":6},{"not_picked":["champ:Circumvent","champ:Devastate"],"picked":"champ:FaceSlap","floor":9},{"not_picked":["champ:AdrenalArmor","champ:BerserkersShout"],"picked":"champ:Backstep","floor":12},{"not_picked":["champ:CrookedStrike","champ:Backstep","champ:DefensiveShout"],"picked":"SKIP","floor":13},{"not_picked":["champ:RapidStrikes","champ:FanOfKnives"],"picked":"champ:StanceDance","floor":14},{"not_picked":["champ:PerfectedStrike","champ:RecklessLeap"],"picked":"champ:ViciousMockery","floor":15}],"player_experience":808295,"relics_obtained":[{"floor":7,"key":"Replay:Bottled Flurry"},{"floor":9,"key":"vexMod:ConsolationPrize"},{"floor":12,"key":"hubris:PeanutButter"}],"event_choices":[],"is_beta":false,"boss_relics":[],"items_purged_floors":[],"is_endless":false,"potions_floor_spawned":[9,14],"killed_by":"downfall:Ironclad","ascension_level":1}}