{"host":"dpbezu80jg8zk7un","time":1608233911,"event":{"mods":["BaseMod","Colored Map","Colored Powertips","Custom Start","DeckTracker","Minty Spire (QoL Compilation)","Quick Restart","StSLib","SuperFastMode"],"gold_per_floor":[20,35,51,51,51,51,81,95,95,122,139,170,181,65,65,144,144,154,54,54,87,107,107,124,135,160,177,177,191,222,234,234,234,234],"floor_reached":33,"playtime":1185,"items_purged":["Strike_P","Strike_P"],"score":632,"play_id":"acccd23d-42ad-4bd1-8e45-1757e56790e7","local_time":"20201218043831","is_ascension_mode":true,"campfire_choices":[{"data":"Eruption","floor":6.0,"key":"SMITH"},{"data":"Adaptation","floor":15.0,"key":"SMITH"},{"floor":23.0,"key":"REST"},{"data":"Vault","floor":28.0,"key":"SMITH"},{"floor":32,"key":"REST"}],"circlet_count":0,"master_deck":["AscendersBane","Strike_P","Strike_P","Defend_P","Defend_P","Defend_P","Eruption+1","Vigilance","Vault+1","FollowUp","Meditate","WheelKick","Adaptation+1","FearNoEvil"],"relics":["PureWater","Dream Catcher","HornCleat","Matryoshka","Du-Vu Doll","SacredBark","Red Mask","Centennial Puzzle","Anchor","Letter Opener"],"acts_visited":["Exordium","TheCity"],"potions_floor_usage":[31],"damage_taken":[{"damage":3.0,"enemies":"2 Louse","floor":1.0,"turns":3.0},{"damage":0.0,"enemies":"Small Slimes","floor":2.0,"turns":4.0},{"damage":0.0,"enemies":"Cultist","floor":3.0,"turns":4.0},{"damage":9.0,"enemies":"Gremlin Nob","floor":7.0,"turns":4.0},{"damage":0.0,"enemies":"Exordium Wildlife","floor":8.0,"turns":3.0},{"damage":20.0,"enemies":"3 Sentries","floor":10.0,"turns":9.0},{"damage":0.0,"enemies":"Looter","floor":11.0,"turns":2.0},{"damage":0.0,"enemies":"Gremlin Nob","floor":12.0,"turns":3.0},{"damage":4.0,"enemies":"2 Fungi Beasts","floor":13.0,"turns":2.0},{"damage":18.0,"enemies":"The Guardian","floor":16.0,"turns":9.0},{"damage":0.0,"enemies":"Chosen","floor":18.0,"turns":3.0},{"damage":27.0,"enemies":"Masked Bandits","floor":21.0,"turns":4.0},{"damage":0.0,"enemies":"Spheric Guardian","floor":22.0,"turns":3.0},{"damage":13.0,"enemies":"Snake Plant","floor":24.0,"turns":3.0},{"damage":0.0,"enemies":"Centurion and Healer","floor":25.0,"turns":5.0},{"damage":5.0,"enemies":"Snecko","floor":27.0,"turns":4.0},{"damage":1.0,"enemies":"Shelled Parasite and Fungi","floor":29.0,"turns":3.0},{"damage":3.0,"enemies":"Gremlin Leader","floor":30.0,"turns":6.0},{"damage":12,"enemies":"Cultist and Chosen","floor":31,"turns":4},{"damage":64,"enemies":"Automaton","floor":33,"turns":7}],"seed_played":"6579735083429546359","potions_obtained":[{"floor":1.0,"key":"GamblersBrew"},{"floor":3.0,"key":"Fire Potion"},{"floor":7.0,"key":"Swift Potion"},{"floor":21.0,"key":"Fruit Juice"},{"floor":22.0,"key":"Ancient Potion"},{"floor":25.0,"key":"PowerPotion"}],"is_trial":false,"path_per_floor":["M","M","M","?","?","R","E","M","T","E","M","E","M","$","R","B",null,"M","$","?","?","M","R","M","M","T","M","R","M","E","M","R","B"],"character_chosen":"WATCHER","items_purchased":["Adaptation"],"campfire_rested":2,"item_purchase_floors":[14],"current_hp_per_floor":[58,58,58,63,63,63,54,54,54,34,34,34,30,30,30,12,58,58,58,58,31,31,52,39,49,49,44,44,43,40,28,52,0,0],"gold":234,"neow_bonus":"THREE_RARE_CARDS","is_daily":false,"chose_seed":false,"campfire_upgraded":3,"win_rate":0.0,"timestamp":1608233911,"path_taken":["M","M","M","?","?","R","E","M","T","E","M","E","?","$","R","BOSS","M","$","?","?","M","R","M","M","T","M","R","M","E","M","R","BOSS"],"items_purchased_type":["Card"],"build_version":"2020-12-13","purchased_purges":2,"victory":false,"max_hp_per_floor":[68,68,68,73,73,73,73,73,73,73,73,73,73,73,73,73,73,73,73,73,73,73,73,73,83,83,83,83,83,83,83,83,83,83],"card_choices":[{"not_picked":["Alpha","DevaForm"],"picked":"Vault","floor":0.0},{"not_picked":["Evaluate","ClearTheMind"],"picked":"FollowUp","floor":1.0},{"not_picked":["FlurryOfBlows","PathToVictory"],"picked":"Meditate","floor":2.0},{"not_picked":["EmptyBody","BattleHymn","FlurryOfBlows"],"picked":"SKIP","floor":3.0},{"not_picked":["EmptyFist","ClearTheMind","EmptyMind"],"picked":"SKIP","floor":7.0},{"not_picked":["JustLucky","CrushJoints"],"picked":"WheelKick","floor":8.0},{"not_picked":["BowlingBash","Vengeance","JustLucky"],"picked":"SKIP","floor":10.0},{"not_picked":["SashWhip","Conclude","Halt"],"picked":"SKIP","floor":11.0},{"not_picked":["DeceiveReality","Wireheading","WindmillStrike"],"picked":"SKIP","floor":12.0},{"not_picked":["FlurryOfBlows","ClearTheMind","SashWhip"],"picked":"SKIP","floor":13.0},{"not_picked":["SashWhip+1","ForeignInfluence"],"picked":"FearNoEvil","floor":18.0},{"not_picked":["SashWhip","Protect+1","WreathOfFlame"],"picked":"SKIP","floor":22.0},{"not_picked":["ClearTheMind","FollowUp","Consecrate"],"picked":"SKIP","floor":24.0},{"not_picked":["Collect","Vengeance","WindmillStrike+1"],"picked":"SKIP","floor":25.0},{"not_picked":["EmptyFist+1","Prostrate","ThirdEye"],"picked":"SKIP","floor":27.0},{"not_picked":["SpiritShield","FollowUp","EmptyFist"],"picked":"SKIP","floor":29.0},{"not_picked":["ThirdEye","Indignation","Swivel"],"picked":"SKIP","floor":30.0},{"not_picked":["Fasting2","Swivel","WindmillStrike"],"picked":"SKIP","floor":31}],"player_experience":2763423,"relics_obtained":[{"floor":7.0,"key":"Dream Catcher"},{"floor":9.0,"key":"HornCleat"},{"floor":10.0,"key":"Matryoshka"},{"floor":12.0,"key":"Du-Vu Doll"},{"floor":21.0,"key":"Red Mask"},{"floor":26.0,"key":"Centennial Puzzle"},{"floor":26.0,"key":"Anchor"},{"floor":30.0,"key":"Letter Opener"}],"event_choices":[{"damage_healed":0.0,"max_hp_gain":5.0,"max_hp_loss":0.0,"gold_gain":0.0,"event_name":"Big Fish","player_choice":"Donut","floor":4.0,"gold_loss":0.0,"damage_taken":0.0},{"cards_removed":["Defend_P"],"damage_healed":0.0,"max_hp_gain":0.0,"max_hp_loss":0.0,"gold_gain":0.0,"event_name":"Purifier","player_choice":"Purged","floor":5.0,"gold_loss":0.0,"damage_taken":0.0},{"damage_healed":0.0,"max_hp_gain":0.0,"max_hp_loss":0.0,"gold_gain":0.0,"event_name":"Vampires","player_choice":"Ignored","floor":20.0,"gold_loss":0.0,"damage_taken":0.0},{"damage_healed":0.0,"max_hp_gain":0.0,"max_hp_loss":0.0,"gold_gain":0.0,"event_name":"Masked Bandits","player_choice":"Fought Bandits","floor":21.0,"gold_loss":0.0,"damage_taken":0.0}],"is_beta":false,"boss_relics":[{"not_picked":["Philosopher\u0027s Stone","Ectoplasm"],"picked":"SacredBark"}],"items_purged_floors":[14,19],"is_endless":false,"potions_floor_spawned":[1,3,7,21,22,25],"killed_by":"Automaton","ascension_level":20}}