{"host":"utqe55yv0jihe4d6","time":1608235933,"event":{"mods":["2.2 Compatiblity","AchievementEnabler","BaseMod","Block Reminder","Colored Map","Colored Powertips","Minty Spire (QoL Compilation)","Quick Restart","Rare Cards Sparkle","Relic Stats","SuperFastMode"],"gold_per_floor":[113,123,38,38,54,54,54,54,101,126,126,159,175,191,191,267,267,279,290,340,357,357,392,392,421,421,143,154,185,185,205,205,281,281,295,306,131,147,147,177,177,203,203,236,236,35,35,35,35,35,35,35,35,7,35,35,35],"floor_reached":56,"playtime":2395,"items_purged":["Normality","Strike_G","Strike_G"],"score":2076,"play_id":"1c25800f-49b1-4331-b42a-b1e0863c2361","local_time":"20201217151213","is_ascension_mode":true,"campfire_choices":[{"data":"Neutralize","floor":6.0,"key":"SMITH"},{"data":"Blade Dance","floor":8.0,"key":"SMITH"},{"data":"Acrobatics","floor":15.0,"key":"SMITH"},{"floor":24.0,"key":"REST"},{"data":"Wraith Form v2","floor":30.0,"key":"SMITH"},{"data":"Wraith Form v2","floor":32.0,"key":"SMITH"},{"data":"Wraith Form v2","floor":41.0,"key":"SMITH"},{"floor":45,"key":"RECALL"},{"data":"Footwork","floor":47,"key":"SMITH"},{"data":"Infinite Blades","floor":49,"key":"SMITH"},{"data":"Footwork","floor":53,"key":"SMITH"}],"circlet_count":0,"master_deck":["AscendersBane","Strike_G","Strike_G","Strike_G","Defend_G","Defend_G","Defend_G","Defend_G","Defend_G","Survivor","Neutralize+1","Blade Dance+1","Dagger Throw","Dagger Spray","Acrobatics+1","Backflip","Acrobatics","Wraith Form v2+1","CurseOfTheBell","Finisher","Accuracy","Footwork+1","Leg Sweep","Well Laid Plans","Tactician+1","Accuracy","Backstab","Infinite Blades","Wraith Form v2+1","Escape Plan+1","PiercingWail","Wraith Form v2+1","Setup+1","Infinite Blades+1","Dodge and Roll","Footwork+1","Corpse Explosion","Quick Slash","Footwork","Dodge and Roll"],"relics":["Cursed Key","WarpedTongs","Akabeko","Ice Cream","Mercury Hourglass","Calling Bell","Regal Pillow","Shuriken","Prayer Wheel","Spirit Poop","Bird Faced Urn","Bronze Scales","ClockworkSouvenir","Ancient Tea Set","Busted Crown","Pen Nib","Nunchaku","Anchor","Blood Vial"],"acts_visited":["Exordium","TheCity","TheBeyond","TheEnding"],"potions_floor_usage":[51,51],"damage_taken":[{"damage":0.0,"enemies":"2 Louse","floor":1.0,"turns":4.0},{"damage":1.0,"enemies":"Cultist","floor":2.0,"turns":4.0},{"damage":0.0,"enemies":"Small Slimes","floor":5.0,"turns":7.0},{"damage":0.0,"enemies":"Gremlin Nob","floor":10.0,"turns":2.0},{"damage":6.0,"enemies":"3 Sentries","floor":12.0,"turns":7.0},{"damage":0.0,"enemies":"3 Louse","floor":13.0,"turns":1.0},{"damage":4.0,"enemies":"Exordium Wildlife","floor":14.0,"turns":2.0},{"damage":35.0,"enemies":"Hexaghost","floor":16.0,"turns":11.0},{"damage":0.0,"enemies":"2 Thieves","floor":18.0,"turns":4.0},{"damage":8.0,"enemies":"Shell Parasite","floor":19.0,"turns":2.0},{"damage":26.0,"enemies":"Snake Plant","floor":21.0,"turns":5.0},{"damage":8.0,"enemies":"Gremlin Leader","floor":23.0,"turns":6.0},{"damage":16.0,"enemies":"Book of Stabbing","floor":25.0,"turns":6.0},{"damage":0.0,"enemies":"Shelled Parasite and Fungi","floor":28.0,"turns":2.0},{"damage":31.0,"enemies":"Slavers","floor":29.0,"turns":5.0},{"damage":14.0,"enemies":"Centurion and Healer","floor":31.0,"turns":7.0},{"damage":20.0,"enemies":"Champ","floor":33.0,"turns":9.0},{"damage":4.0,"enemies":"Orb Walker","floor":35.0,"turns":4.0},{"damage":0.0,"enemies":"3 Shapes","floor":36.0,"turns":5.0},{"damage":3.0,"enemies":"Jaw Worm Horde","floor":38.0,"turns":6.0},{"damage":6.0,"enemies":"Giant Head","floor":40.0,"turns":6.0},{"damage":19.0,"enemies":"Nemesis","floor":42.0,"turns":7.0},{"damage":12,"enemies":"Reptomancer","floor":44,"turns":7},{"damage":46,"enemies":"Time Eater","floor":50,"turns":12},{"damage":28,"enemies":"Awakened One","floor":51,"turns":8},{"damage":66,"enemies":"Shield and Spear","floor":55,"turns":9},{"damage":39,"enemies":"The Heart","floor":56,"turns":2}],"seed_played":"2829458290183430397","potions_obtained":[{"floor":5.0,"key":"Dexterity Potion"},{"floor":13.0,"key":"EssenceOfSteel"},{"floor":16.0,"key":"EssenceOfSteel"},{"floor":18.0,"key":"SteroidPotion"},{"floor":23.0,"key":"Energy Potion"},{"floor":25.0,"key":"FearPotion"},{"floor":28.0,"key":"Strength Potion"},{"floor":33.0,"key":"Dexterity Potion"},{"floor":38.0,"key":"Regen Potion"},{"floor":44,"key":"Explosive Potion"}],"is_trial":false,"path_per_floor":["M","M","$","?","M","R","?","R","T","E","?","E","M","M","R","B",null,"M","M","?","M","?","E","R","E","T","$","M","E","R","M","R","B",null,"M","M","$","M","?","E","R","E","T","E","R","$","R","?","R","B","B",null,"R","$","E","B"],"character_chosen":"THE_SILENT","items_purchased":["AttackPotion","Dagger Throw","Infinite Blades","ClockworkSouvenir","Infinite Blades","Footwork","Dodge and Roll"],"campfire_rested":1,"item_purchase_floors":[3,3,27,27,37,46,54],"current_hp_per_floor":[59,58,58,58,58,58,63,63,63,63,56,50,50,46,46,11,56,56,48,48,22,22,14,50,44,44,44,46,27,27,27,27,19,58,66,71,71,71,67,67,67,66,66,67,67,67,67,62,62,30,39,60,60,60,13,0,0],"gold":35,"neow_bonus":"BOSS_RELIC","is_daily":false,"chose_seed":false,"campfire_upgraded":9,"win_rate":0.0,"timestamp":1608235933,"path_taken":["M","M","$","?","?","R","?","R","T","E","?","E","M","M","R","BOSS","M","M","?","?","?","E","R","E","T","$","?","E","R","M","R","BOSS","M","M","$","M","?","E","R","E","T","E","R","$","R","?","R","BOSS","BOSS","R","$","E","BOSS"],"items_purchased_type":["Potion","Card","Card","Relic","Card","Card","Card"],"build_version":"2020-12-13","purchased_purges":3,"victory":false,"max_hp_per_floor":[66,66,66,66,66,66,71,71,71,71,71,71,71,71,71,71,71,71,71,71,71,71,71,71,71,71,71,71,71,71,71,71,71,71,71,71,71,71,67,67,67,67,67,67,67,67,67,67,67,67,67,67,67,67,67,67,67],"relic_stats":{"Regal Pillow":15,"counters":[27,150],"Pen Nib":[12],"Cursed Key":2,"WarpedTongs":[140],"Mercury Hourglass":[455],"Blood Vial":2,"Nunchaku":[11],"Busted Crown":24,"Shuriken":[69],"Bird Faced Urn":[166],"Bronze Scales":[247],"Prayer Wheel":8,"obtain_stats":[{"Ice Cream":10,"Regal Pillow":17,"Spirit Poop":22,"Pen Nib":40,"Cursed Key":0,"Ancient Tea Set":29,"Akabeko":9,"WarpedTongs":4,"Mercury Hourglass":12,"ClockworkSouvenir":27,"Calling Bell":17,"Blood Vial":55,"Nunchaku":42,"Anchor":44,"Busted Crown":34,"Shuriken":17,"Bird Faced Urn":23,"Bronze Scales":25,"Prayer Wheel":17,"Ring of the Snake":0},{"Ice Cream":4,"Regal Pillow":8,"Spirit Poop":11,"Pen Nib":21,"Cursed Key":0,"Ancient Tea Set":15,"Akabeko":3,"WarpedTongs":2,"Mercury Hourglass":5,"ClockworkSouvenir":13,"Calling Bell":8,"Blood Vial":26,"Nunchaku":22,"Anchor":23,"Busted Crown":17,"Shuriken":8,"Bird Faced Urn":12,"Bronze Scales":13,"Prayer Wheel":8,"Ring of the Snake":0},{"Ice Cream":17,"Regal Pillow":38,"Spirit Poop":49,"Pen Nib":105,"Cursed Key":0,"Ancient Tea Set":68,"Akabeko":15,"WarpedTongs":8,"Mercury Hourglass":24,"ClockworkSouvenir":61,"Calling Bell":38,"Blood Vial":148,"Nunchaku":112,"Anchor":119,"Busted Crown":84,"Shuriken":38,"Bird Faced Urn":55,"Bronze Scales":61,"Prayer Wheel":38,"Ring of the Snake":0}]},"card_choices":[{"not_picked":["Cloak And Dagger","Reflex"],"picked":"Blade Dance","floor":1.0},{"not_picked":["Catalyst","Outmaneuver","Expertise"],"picked":"SKIP","floor":2.0},{"not_picked":["Slice","Concentrate"],"picked":"Dagger Spray","floor":5.0},{"not_picked":["PiercingWail","Envenom"],"picked":"Acrobatics","floor":10.0},{"not_picked":["Setup","Catalyst","Concentrate"],"picked":"SKIP","floor":12.0},{"not_picked":["Underhanded Strike","Prepared"],"picked":"Backflip","floor":13.0},{"not_picked":["Deflect","Grand Finale"],"picked":"Acrobatics","floor":14.0},{"not_picked":["Glass Knife","Burst"],"picked":"Wraith Form v2","floor":16.0},{"not_picked":["Quick Slash","Escape Plan+1"],"picked":"Finisher","floor":18.0},{"not_picked":["Bane","Underhanded Strike"],"picked":"Accuracy","floor":18.0},{"not_picked":["Outmaneuver","Dodge and Roll+1"],"picked":"Footwork","floor":19.0},{"not_picked":["Dagger Throw","Expertise+1"],"picked":"Leg Sweep","floor":19.0},{"not_picked":["Flying Knee","Deflect+1"],"picked":"Well Laid Plans","floor":21.0},{"not_picked":["Sucker Punch","Acrobatics"],"picked":"Tactician+1","floor":21.0},{"not_picked":["Catalyst","Eviscerate"],"picked":"Accuracy","floor":23.0},{"not_picked":["Dagger Throw","Bullet Time"],"picked":"Backstab","floor":25.0},{"not_picked":["Deadly Poison","PiercingWail"],"picked":"Wraith Form v2","floor":28.0},{"not_picked":["Dagger Throw","Dagger Spray","Bouncing Flask"],"picked":"SKIP","floor":28.0},{"not_picked":["Quick Slash","Slice"],"picked":"Escape Plan+1","floor":29.0},{"not_picked":["Blur","Infinite Blades"],"picked":"PiercingWail","floor":31.0},{"not_picked":["Quick Slash","Underhanded Strike","Leg Sweep"],"picked":"SKIP","floor":31.0},{"not_picked":["Burst","Glass Knife"],"picked":"Wraith Form v2","floor":33.0},{"not_picked":["Underhanded Strike+1"],"picked":"SKIP","floor":35.0},{"not_picked":["Blur"],"picked":"SKIP","floor":35.0},{"not_picked":[],"picked":"Setup+1","floor":36.0},{"not_picked":["Finisher"],"picked":"SKIP","floor":36.0},{"not_picked":[],"picked":"Dodge and Roll","floor":38.0},{"not_picked":[],"picked":"Footwork","floor":38.0},{"not_picked":[],"picked":"Corpse Explosion","floor":40.0},{"not_picked":[],"picked":"Quick Slash","floor":42.0},{"not_picked":["Poisoned Stab+1"],"picked":"SKIP","floor":44},{"not_picked":["Dagger Throw"],"picked":"SKIP","floor":55}],"player_experience":2788386,"relics_obtained":[{"floor":9.0,"key":"Akabeko"},{"floor":10.0,"key":"Ice Cream"},{"floor":12.0,"key":"Mercury Hourglass"},{"floor":17.0,"key":"Regal Pillow"},{"floor":17.0,"key":"Shuriken"},{"floor":17.0,"key":"Prayer Wheel"},{"floor":23.0,"key":"Bird Faced Urn"},{"floor":25.0,"key":"Bronze Scales"},{"floor":29.0,"key":"Ancient Tea Set"},{"floor":40.0,"key":"Pen Nib"},{"floor":42.0,"key":"Nunchaku"},{"floor":44,"key":"Anchor"},{"floor":55,"key":"Blood Vial"}],"event_choices":[{"damage_healed":0.0,"max_hp_gain":0.0,"max_hp_loss":0.0,"gold_gain":0.0,"event_name":"Accursed Blacksmith","player_choice":"Rummage","floor":4.0,"gold_loss":0.0,"damage_taken":0.0,"relics_obtained":["WarpedTongs"],"cards_obtained":["Pain"]},{"damage_healed":0.0,"max_hp_gain":5.0,"max_hp_loss":0.0,"gold_gain":0.0,"event_name":"Big Fish","player_choice":"Donut","floor":7.0,"gold_loss":0.0,"damage_taken":0.0},{"cards_removed":["Pain"],"damage_healed":0.0,"max_hp_gain":0.0,"max_hp_loss":0.0,"gold_gain":0.0,"event_name":"Golden Wing","player_choice":"Card Removal","floor":11.0,"gold_loss":0.0,"damage_taken":7.0},{"damage_healed":0.0,"max_hp_gain":0.0,"max_hp_loss":0.0,"gold_gain":100.0,"event_name":"The Joust","player_choice":"Bet on Murderer","floor":20.0,"gold_loss":50.0,"damage_taken":0.0},{"cards_removed":["Writhe"],"damage_healed":0.0,"max_hp_gain":0.0,"max_hp_loss":0.0,"gold_gain":0.0,"event_name":"Bonfire Elementals","player_choice":"Offered Curse","floor":22.0,"gold_loss":0.0,"damage_taken":0.0,"relics_obtained":["Spirit Poop"]},{"damage_healed":0.0,"max_hp_gain":0.0,"max_hp_loss":4.0,"gold_gain":0.0,"event_name":"Winding Halls","player_choice":"Max HP","floor":39.0,"gold_loss":0.0,"damage_taken":0.0},{"damage_healed":0,"gold_gain":0,"player_choice":"Memory 2","damage_taken":5,"max_hp_gain":0,"max_hp_loss":0,"event_name":"SensoryStone","floor":48,"gold_loss":0}],"is_beta":false,"boss_relics":[{"not_picked":["SacredBark","WristBlade"],"picked":"Calling Bell"},{"not_picked":["Pandora\u0027s Box","Sozu"],"picked":"Busted Crown"}],"items_purged_floors":[27,37,46],"is_endless":false,"potions_floor_spawned":[5,13,16,18,23,25,28,33,38,44],"killed_by":"The Heart","ascension_level":20}}