{"host":"a7kkotolxcg5vljr","time":1608163468,"event":{"mods":["2.2 Compatiblity","AchievementEnabler","Act Like it!","BaseMod","Better Altar","Better Skull","Better Third Choice","Colored Map","Colored Powertips","Downfall","Hermit","Highlight Path","Marisa????????","Minty Spire (QoL Compilation)","Quick Restart","Rare Cards Sparkle","Replay The Spire","Spicy Shops","StSLib","The Cursed","The Disciple","The Servant 0.9.4"],"gold_per_floor":[112,130,130,8,24,57,72,72,72,91,91,91,62,79,79,79,79],"floor_reached":16,"playtime":517,"items_purged":[],"score":102,"play_id":"fea8b771-772c-4978-85a3-fee50505807a","local_time":"20201216190428","is_ascension_mode":false,"campfire_choices":[{"floor":8,"key":"RECALL"},{"floor":12,"key":"REST"},{"floor":15,"key":"REST"}],"circlet_count":0,"master_deck":["Strike_G","Strike_G","Strike_G","Strike_G","Strike_G","Defend_G","Defend_G","Defend_G","Defend_G","Defend_G","Survivor","Neutralize","Prepared","Prepared","Acrobatics","Crippling Poison","Bane","Replay:Bag of Tricks","Deadly Poison","Dash"],"relics":["Ring of the Snake","NeowsBlessing","Ninja Scroll","Bottled Lightning","betterThird:SlimedRelic"],"acts_visited":["Exordium"],"potions_floor_usage":[6,16,16],"damage_taken":[{"damage":0,"enemies":"Small Slimes","floor":1,"turns":1},{"damage":0,"enemies":"2 Louse","floor":2,"turns":1},{"damage":0,"enemies":"Cultist","floor":5,"turns":1},{"damage":34,"enemies":"Gremlin Nob","floor":6,"turns":5},{"damage":2,"enemies":"Red Slaver","floor":7,"turns":4},{"damage":2,"enemies":"Exordium Wildlife","floor":10,"turns":2},{"damage":0,"enemies":"Large Slime","floor":14,"turns":4},{"damage":60,"enemies":"Slime Boss","floor":16,"turns":13}],"seed_played":"5949585217662407153","potions_obtained":[{"floor":5,"key":"Block Potion"},{"floor":7,"key":"Reflective Coating"},{"floor":10,"key":"FearPotion"}],"is_trial":false,"path_per_floor":["M","M","?","$","M","E","M","R","T","M","?","R","?","M","R","B"],"character_chosen":"THE_SILENT","items_purchased":["Ninja Scroll"],"campfire_rested":2,"item_purchase_floors":[4],"current_hp_per_floor":[70,70,70,70,70,36,34,34,34,32,25,46,35,35,56,0,0],"gold":79,"neow_bonus":"THREE_ENEMY_KILL","is_daily":false,"chose_seed":false,"campfire_upgraded":0,"win_rate":0.0,"timestamp":1608163468,"path_taken":["M","M","?","$","M","E","M","R","T","M","?","R","?","M","R","BOSS"],"items_purchased_type":["Relic"],"build_version":"2020-12-13","purchased_purges":0,"victory":false,"max_hp_per_floor":[70,70,70,70,70,70,70,70,70,70,70,70,70,70,70,70,70],"card_choices":[{"not_picked":["Blade Dance","Acrobatics"],"picked":"Prepared","floor":1},{"not_picked":["Blade Dance","Acrobatics"],"picked":"Prepared","floor":1},{"not_picked":["Underhanded Strike","PiercingWail"],"picked":"Acrobatics","floor":2},{"not_picked":["Slice","Dagger Spray"],"picked":"Crippling Poison","floor":5},{"not_picked":["Blade Dance","Backflip"],"picked":"Bane","floor":6},{"not_picked":["Backflip","ReplayTheSpireMod:Shiv Toss"],"picked":"Replay:Bag of Tricks","floor":7},{"not_picked":["Draining Mist","Accuracy"],"picked":"Deadly Poison","floor":10},{"not_picked":["Slice","ReplayTheSpireMod:Shiv Toss"],"picked":"Dash","floor":14}],"player_experience":338404,"relics_obtained":[{"floor":6,"key":"Bottled Lightning"}],"event_choices":[{"damage_healed":70,"gold_gain":0,"player_choice":"Embrace Burn","damage_taken":0,"max_hp_gain":0,"max_hp_loss":70,"event_name":"betterThird:BetterShining","floor":3,"gold_loss":0},{"cards_removed":["Burn"],"damage_healed":0,"gold_gain":0,"player_choice":"Card Removal","damage_taken":7,"max_hp_gain":0,"max_hp_loss":0,"event_name":"Golden Wing","floor":11,"gold_loss":0},{"damage_healed":0,"gold_gain":0,"player_choice":"Slimed","damage_taken":11,"max_hp_gain":0,"max_hp_loss":0,"event_name":"betterThird:BetterGoop","floor":13,"gold_loss":29}],"is_beta":false,"boss_relics":[],"items_purged_floors":[],"is_endless":false,"potions_floor_spawned":[5,7,10],"killed_by":"Slime Boss","ascension_level":0}}