{"host":"684z1xpuwaoqmmh1","time":1608236789,"event":{"mods":["Bard","BaseMod","Downfall","Hermit","Jorbs\u0027s Wanderer Trilogy","Marisa????????","Minty Spire (QoL Compilation)","StSLib","The Hierophant","The Mystic","The Runesmith"],"gold_per_floor":[99,130,130,130,130,55,55,86,86,115,127,73,92,92,110,211,211,136,136,155,192,25,54,80,96,129,129,142,142,158,185,199,299,299,299,378,378],"floor_reached":36,"playtime":2588,"items_purged":[],"score":825,"play_id":"a482fa60-9b2c-440f-b9d7-4d955866c5c8","local_time":"20201217222629","is_ascension_mode":true,"campfire_choices":[{"floor":1.0,"key":"RECALL"},{"data":"sneckomod:MorePower","floor":6.0,"key":"SMITH"},{"data":"sneckomod:SnekBite","floor":9.0,"key":"SMITH"},{"data":"sneckomod:Unknown3Cost","floor":18.0,"key":"SMITH"},{"data":"sneckomod:UnknownRareAttack","floor":27,"key":"SMITH"},{"data":"sneckomod:GlitteringGambit","floor":35,"key":"SMITH"}],"circlet_count":0,"master_deck":["sneckomod:TailWhip","sneckomod:SnekBite+1","sneckomod:Unknown","sneckomod:Unknown","sneckomod:MorePower+1","sneckomod:UnknownDexterity","sneckomod:IronFang","sneckomod:UnknownRareAttack+1","sneckomod:WideSting","sneckomod:Unknown+1","sneckomod:Unknown0Cost","sneckomod:UnknownRareSkill+1","sneckomod:UnknownRarePower+1","sneckomod:UnknownClassPURPLE","sneckomod:UnknownUncommonPower","sneckomod:UnknownRareSkill+1","sneckomod:CheapStock","sneckomod:UnknownBlock+1","sneckomod:Unknown3Cost+1","sneckomod:UnknownRareSkill+1","sneckomod:UnknownRareAttack+1","sneckomod:UnknownDexterity","sneckomod:UnknownClassBARD_COLOR","sneckomod:UnknownClassCULL_RED_COLOR","sneckomod:UnknownClassCULL_RED_COLOR","sneckomod:ImprovisedGuard","sneckomod:UnknownRarePower+1","sneckomod:UnknownStrike","sneckomod:UnknownDexterity","sneckomod:UnknownColorless","sneckomod:UnknownRareSkill+1","sneckomod:DiceBlock","sneckomod:UnknownVulnerable+1","hexamod:PowerFromBeyond","sneckomod:Nope+1","stsjorbsmod:Procrastination","sneckomod:DiceBlock+1","sneckomod:GlitteringGambit+1","sneckomod:UnknownRarePower+1"],"relics":["sneckomod:SneckoSoul","downfall:HeartsMalice","Pantograph","downfall:HeartBlessingRed","Eternal Feather","Ancient Tea Set","Blood Vial","InkBottle","Coffee Dripper","downfall:HeartBlessingGreen","White Beast Statue","Happy Flower","champ:DuelingGlove","Oddly Smooth Stone","Vajra","Guardian:PocketSentry","Philosopher\u0027s Stone"],"acts_visited":["Exordium","TheCity","TheBeyond"],"potions_floor_usage":[28,32,32,32,36,36,36],"damage_taken":[{"damage":0.0,"enemies":"3 Sentries","floor":2.0,"turns":1.0},{"damage":0.0,"enemies":"Jaw Worm","floor":3.0,"turns":1.0},{"damage":0.0,"enemies":"Cultist","floor":5.0,"turns":1.0},{"damage":29.0,"enemies":"Lagavulin","floor":8.0,"turns":8.0},{"damage":15.0,"enemies":"3 Sentries","floor":10.0,"turns":6.0},{"damage":3.0,"enemies":"2 Louse","floor":11.0,"turns":3.0},{"damage":0.0,"enemies":"downfall:FleeingMerchant","floor":12.0,"turns":4.0},{"damage":9.0,"enemies":"Lots of Slimes","floor":13.0,"turns":2.0},{"damage":19.0,"enemies":"Exordium Wildlife","floor":15.0,"turns":5.0},{"damage":45.0,"enemies":"downfall:Defect","floor":16.0,"turns":8.0},{"damage":18.0,"enemies":"Shell Parasite","floor":20.0,"turns":5.0},{"damage":34.0,"enemies":"Gremlin Leader","floor":21.0,"turns":7.0},{"damage":15.0,"enemies":"downfall:FleeingMerchant","floor":22.0,"turns":4.0},{"damage":9.0,"enemies":"Book of Stabbing","floor":23.0,"turns":3.0},{"damage":0.0,"enemies":"Cultist and Chosen","floor":25.0,"turns":3.0},{"damage":62.0,"enemies":"Slavers","floor":26.0,"turns":6.0},{"damage":13,"enemies":"Sentry and Sphere","floor":28,"turns":5},{"damage":5,"enemies":"Shelled Parasite and Fungi","floor":30,"turns":4},{"damage":6,"enemies":"Centurion and Healer","floor":32,"turns":5},{"damage":0,"enemies":"downfall:Watcher","floor":33,"turns":12},{"damage":118,"enemies":"Orin","floor":36,"turns":8}],"seed_played":"-327454324199326137","potions_obtained":[{"floor":2.0,"key":"FairyPotion"},{"floor":11.0,"key":"Block Potion"},{"floor":13.0,"key":"sneckomod:MuddlingPotion"},{"floor":15.0,"key":"SpeedPotion"},{"floor":20.0,"key":"FearPotion"},{"floor":22.0,"key":"FearPotion"},{"floor":23.0,"key":"BlessingOfTheForge"},{"floor":25.0,"key":"Regen Potion"},{"floor":26.0,"key":"Fire Potion"},{"floor":28,"key":"PowerPotion"},{"floor":30,"key":"Dexterity Potion"}],"is_trial":false,"path_per_floor":["R","E","M","?","M","R","T","E","R","E","M","$","M","?","M","B",null,"R","?","M","E","$","E","T","M","E","R","M","?","M","T","M","B",null,"R","?"],"character_chosen":"THE_SNECKO","items_purchased":["sneckomod:UnknownUncommonPower","Happy Flower"],"campfire_rested":0,"item_purchase_floors":[12,22],"current_hp_per_floor":[81,81,82,82,82,82,82,54,60,47,51,56,54,54,38,22,82,97,102,87,56,44,39,39,45,35,53,50,50,47,47,43,89,111,118,0,0],"gold":378,"neow_bonus":"THREE_ENEMY_KILL","is_daily":false,"chose_seed":false,"campfire_upgraded":5,"win_rate":0.0,"timestamp":1608236789,"path_taken":["R","E","M","?","?","R","T","E","R","E","M","?","M","?","M","BOSS","R","?","M","E","$","E","T","M","E","R","M","?","?","?","M","BOSS","R","?"],"items_purchased_type":["Card","Relic"],"build_version":"2020-12-13","purchased_purges":0,"victory":false,"max_hp_per_floor":[90,90,91,91,91,91,91,92,92,94,95,98,99,99,100,102,102,102,107,108,109,110,112,112,116,116,116,117,117,117,117,117,118,118,118,118,118],"card_choices":[{"not_picked":["sneckomod:Restock","sneckomod:UnknownCommonSkill"],"picked":"sneckomod:MorePower","floor":2.0},{"not_picked":["sneckomod:DiceCrush","sneckomod:UnknownClassBLUE"],"picked":"sneckomod:UnknownDexterity","floor":3.0},{"not_picked":["sneckomod:UnknownBlock","sneckomod:ImprovisedGuard"],"picked":"sneckomod:IronFang","floor":5.0},{"not_picked":["sneckomod:Unknown+1","sneckomod:UnknownRareSkill+1"],"picked":"sneckomod:UnknownRareAttack+1","floor":8.0},{"not_picked":["sneckomod:RainOfDice","sneckomod:DiceCrush"],"picked":"sneckomod:WideSting","floor":8.0},{"not_picked":["sneckomod:UnknownCommonAttack+1","sneckomod:UnknownClassDEFAULT_GRAY_COLOR+1"],"picked":"sneckomod:Unknown+1","floor":10.0},{"not_picked":["sneckomod:MasterEye","sneckomod:UnknownClassHEXA_GHOST_PURPLE"],"picked":"sneckomod:Unknown0Cost","floor":10.0},{"not_picked":["sneckomod:UnknownUncommonPower+1","sneckomod:UnknownClassRUNESMITH_BEIGE+1"],"picked":"sneckomod:UnknownRareSkill+1","floor":11.0},{"not_picked":["sneckomod:IronFang","sneckomod:QuickBite","sneckomod:SoulRoll"],"picked":"SKIP","floor":11.0},{"not_picked":["sneckomod:UnknownRareAttack+1","sneckomod:UnknownClassHEXA_GHOST_PURPLE+1"],"picked":"sneckomod:UnknownRarePower+1","floor":12.0},{"not_picked":["sneckomod:QuickMove","sneckomod:IronFang"],"picked":"sneckomod:UnknownClassPURPLE","floor":12.0},{"not_picked":["sneckomod:UnknownClassBLUE+1","sneckomod:UnknownCommonSkill+1"],"picked":"sneckomod:UnknownRareSkill+1","floor":13.0},{"not_picked":["sneckomod:SlitherStrike","sneckomod:Nope"],"picked":"sneckomod:CheapStock","floor":13.0},{"not_picked":["sneckomod:MasterEye","sneckomod:UnknownCommonSkill"],"picked":"sneckomod:UnknownBlock","floor":15.0},{"not_picked":["sneckomod:UnknownClassMARISA_DERIVATIONS+1","sneckomod:UnknownClassGUARDIAN+1","sneckomod:UnknownClassBARD_COLOR+1"],"picked":"SKIP","floor":15.0},{"not_picked":["sneckomod:SoulExchange","sneckomod:UnlimitedRolls"],"picked":"sneckomod:Unknown3Cost","floor":16.0},{"not_picked":["sneckomod:UnknownClassBLUE+1","sneckomod:UnknownDexterity+1"],"picked":"sneckomod:UnknownRareSkill+1","floor":16.0},{"not_picked":["sneckomod:UnknownUncommonAttack+1","sneckomod:Unknown1Cost"],"picked":"sneckomod:ImprovisedGuard","floor":20.0},{"not_picked":["sneckomod:UnknownCommonSkill+1","sneckomod:UnknownClassRED+1"],"picked":"sneckomod:UnknownRarePower+1","floor":20.0},{"not_picked":["sneckomod:UnknownClassHIEROPHANT_GOLD_COLOR+1","sneckomod:UnknownClassDEFAULT_GRAY_COLOR+1","sneckomod:UnknownClassRUNESMITH_BEIGE+1"],"picked":"SKIP","floor":21.0},{"not_picked":["sneckomod:UnknownClassWANDERER_GRAY_COLOR+1","sneckomod:UnknownStrike","sneckomod:CheapStock"],"picked":"SKIP","floor":21.0},{"not_picked":["sneckomod:UnknownClassWANDERER_GRAY_COLOR+1","sneckomod:CheapStock"],"picked":"sneckomod:UnknownStrike","floor":21.0},{"not_picked":["sneckomod:UnknownClassHIEROPHANT_GOLD_COLOR+1","sneckomod:UnknownClassDEFAULT_GRAY_COLOR+1","sneckomod:UnknownClassRUNESMITH_BEIGE+1"],"picked":"SKIP","floor":21.0},{"not_picked":["sneckomod:SoulDraw","sneckomod:SerpentMind"],"picked":"sneckomod:UnknownDexterity","floor":22.0},{"not_picked":["sneckomod:UnknownClassGUARDIAN+1","sneckomod:UnknownExhaust+1","sneckomod:UnknownClassSLIMEBOUND+1"],"picked":"SKIP","floor":22.0},{"not_picked":["sneckomod:DiceBoulder","sneckomod:QuickMove"],"picked":"sneckomod:UnknownColorless","floor":23.0},{"not_picked":["sneckomod:UnknownClassMARISA_DERIVATIONS+1","sneckomod:UnknownClassCULL_RED_COLOR+1"],"picked":"sneckomod:UnknownRareSkill+1","floor":23.0},{"not_picked":["sneckomod:Unknown1Cost","sneckomod:SoulRoll","sneckomod:UnknownVulnerable"],"picked":"SKIP","floor":25.0},{"not_picked":["sneckomod:WideSting","sneckomod:UnknownCommonSkill"],"picked":"sneckomod:DiceBlock","floor":26.0},{"not_picked":["sneckomod:UnknownRareSkill+1","sneckomod:Unknown1Cost+1","sneckomod:UnknownClassGREEN+1"],"picked":"SKIP","floor":26.0},{"not_picked":["sneckomod:UnknownStrike","sneckomod:WideSting"],"picked":"sneckomod:UnknownVulnerable+1","floor":28},{"not_picked":["sneckomod:WideSting","sneckomod:SerpentMind"],"picked":"sneckomod:Nope+1","floor":30},{"not_picked":["sneckomod:UnknownWeak","sneckomod:UnknownClassMYSTIC_PURPLE+1"],"picked":"sneckomod:DiceBlock+1","floor":32},{"not_picked":["sneckomod:Unknown2Cost+1","sneckomod:UnknownVulnerable+1","sneckomod:UnknownClassMYSTIC_PURPLE+1"],"picked":"SKIP","floor":32},{"not_picked":["sneckomod:SerpentMind","sneckomod:SoulExchange"],"picked":"sneckomod:GlitteringGambit","floor":33},{"not_picked":["sneckomod:UnknownClassDEFAULT_GRAY_COLOR+1","sneckomod:UnknownStrength+1"],"picked":"sneckomod:UnknownRarePower+1","floor":33}],"player_experience":2358191,"relics_obtained":[{"floor":2.0,"key":"Pantograph"},{"floor":7.0,"key":"Eternal Feather"},{"floor":8.0,"key":"Ancient Tea Set"},{"floor":10.0,"key":"Blood Vial"},{"floor":21.0,"key":"White Beast Statue"},{"floor":23.0,"key":"champ:DuelingGlove"},{"floor":24.0,"key":"Oddly Smooth Stone"},{"floor":26.0,"key":"Vajra"},{"floor":31,"key":"Guardian:PocketSentry"}],"event_choices":[{"cards_removed":["sneckomod:Strike"],"damage_healed":0.0,"max_hp_gain":0.0,"max_hp_loss":0.0,"gold_gain":0.0,"event_name":"Bonfire Elementals","player_choice":"Offered Basic","floor":4.0,"gold_loss":0.0,"damage_taken":0.0},{"damage_healed":0,"gold_gain":0,"player_choice":"Fight","damage_taken":0,"max_hp_gain":0,"max_hp_loss":0,"event_name":"OrinTheCat","floor":36,"gold_loss":0}],"is_beta":false,"boss_relics":[{"not_picked":["Busted Crown","Sozu"],"picked":"Coffee Dripper"},{"not_picked":["Empty Cage","Cursed Key"],"picked":"Philosopher\u0027s Stone"}],"items_purged_floors":[],"is_endless":false,"potions_floor_spawned":[2,11,13,15,20,22,23,25,26,28,30,32,33],"killed_by":"Orin","ascension_level":8}}