{"host":"6xsbn6ynqlzwllfm","time":1608165463,"event":{"mods":["2.2 Compatiblity","BaseMod","Bestiary","Colored Map","Colored Powertips","Curses Come First","Downfall","Highlight Path","Keyboard Shortcuts","Minty Spire (QoL Compilation)","Quick Restart","Relic Stats","Slay the Relics Exporter","StSLib","SuperFastMode"],"gold_per_floor":[119,139,158,158,178,203,203,237,237,247,264,264,10,10,10,88,88,101,101,120,140,140,140,153,187,214,214,314,92,191,91,91,165,165,178,203,216,216,216,216,245,265,338,338,338],"floor_reached":44,"playtime":2438,"items_purged":["Guardian:Strike_Guardian","Guardian:Strike_Guardian"],"score":792,"play_id":"9d623b86-79b8-43df-8217-45adcb255ca0","local_time":"20201216193743","is_ascension_mode":true,"campfire_choices":[{"data":"Guardian:PrismaticBarrier","floor":7,"key":"SMITH"},{"data":"Guardian:Orbwalk","floor":12,"key":"SMITH"},{"floor":15,"key":"REST"},{"floor":23,"key":"REST"},{"data":"Guardian:RefractedBeam","floor":27,"key":"SMITH"},{"data":"Guardian:RefractedBeam+1","floor":32,"key":"SMITH"},{"floor":40,"key":"REST"}],"circlet_count":0,"master_deck":["AscendersBane","Guardian:Strike_Guardian","Guardian:Strike_Guardian","Guardian:Defend_Guardian","Guardian:Defend_Guardian","Guardian:Defend_Guardian","Guardian:CurlUp","Guardian:TwinSlam","Guardian:ChargeUp","Guardian:Recover","Guardian:PrismaticBarrier+1","Guardian:Suspension","Guardian:Orbwalk+1","Guardian:RefractedBeam+2","Guardian:StasisStrike","Guardian:PiercingHide","Guardian:Clone","Swift Strike","Guardian:AncientConstruct","Guardian:Harden+1","Guardian:SphericShield","Guardian:Gem_Cyan","Guardian:ArmoredProtocol+1"],"relics":["Guardian:ModeShifter","NeowsBlessing","Orichalcum","Strawberry","Regal Pillow","Snecko Eye","Frozen Egg 2","Potion Belt","Pocketwatch","HornCleat","Lee\u0027s Waffle","Philosopher\u0027s Stone","CaptainsWheel","Mummified Hand","Shuriken"],"acts_visited":["Exordium","TheCity","TheBeyond"],"potions_floor_usage":[10,16,25,25,28,41,44,44],"damage_taken":[{"damage":0,"enemies":"Cultist","floor":1,"turns":1},{"damage":0,"enemies":"2 Louse","floor":2,"turns":2},{"damage":0,"enemies":"Jaw Worm","floor":3,"turns":1},{"damage":15,"enemies":"Exordium Thugs","floor":5,"turns":6},{"damage":20,"enemies":"3 Sentries","floor":6,"turns":10},{"damage":25,"enemies":"Lagavulin","floor":8,"turns":8},{"damage":9,"enemies":"Gremlin Gang","floor":10,"turns":5},{"damage":7,"enemies":"Looter","floor":11,"turns":3},{"damage":17,"enemies":"Slime Boss","floor":16,"turns":10},{"damage":10,"enemies":"Shell Parasite","floor":18,"turns":6},{"damage":0,"enemies":"Spheric Guardian","floor":20,"turns":3},{"damage":14,"enemies":"Shelled Parasite and Fungi","floor":21,"turns":6},{"damage":26,"enemies":"Snecko","floor":24,"turns":5},{"damage":22,"enemies":"Slavers","floor":25,"turns":10},{"damage":0,"enemies":"Colosseum Slavers","floor":28,"turns":4},{"damage":30,"enemies":"Colosseum Nobs","floor":28,"turns":7},{"damage":67,"enemies":"Collector","floor":33,"turns":9},{"damage":17,"enemies":"3 Darklings","floor":35,"turns":7},{"damage":4,"enemies":"Mind Bloom Boss Battle","floor":36,"turns":9},{"damage":14,"enemies":"Orb Walker","floor":37,"turns":6},{"damage":57,"enemies":"Giant Head","floor":41,"turns":11},{"damage":1,"enemies":"Sphere and 2 Shapes","floor":42,"turns":6},{"damage":20,"enemies":"Maw","floor":44,"turns":6}],"seed_played":"5291797207820770079","potions_obtained":[{"floor":3,"key":"Regen Potion"},{"floor":8,"key":"Dexterity Potion"},{"floor":10,"key":"Regen Potion"},{"floor":24,"key":"ColorlessPotion"},{"floor":25,"key":"Block Potion"},{"floor":28,"key":"FearPotion"},{"floor":33,"key":"SpeedPotion"},{"floor":35,"key":"SmokeBomb"},{"floor":42,"key":"Strength Potion"}],"is_trial":false,"path_per_floor":["M","M","M","?","M","E","R","E","T","M","M","R","$","?","R","B",null,"M","?","M","M","?","R","M","E","T","R","?","$","?","$","R","B",null,"M","?","M","?","?","R","E","M","T","M"],"character_chosen":"GUARDIAN","items_purchased":["Guardian:StasisStrike","Guardian:ExploitGems","Guardian:PiercingHide","Lee\u0027s Waffle"],"campfire_rested":3,"item_purchase_floors":[13,13,13,29],"current_hp_per_floor":[65,65,65,65,50,30,30,12,12,17,10,10,10,10,48,31,67,57,57,57,43,28,68,42,35,35,35,5,91,91,91,91,24,74,57,53,39,39,30,72,15,14,14,0,0],"gold":338,"neow_bonus":"THREE_ENEMY_KILL","is_daily":false,"chose_seed":false,"campfire_upgraded":4,"win_rate":0.0,"timestamp":1608165463,"path_taken":["M","?","M","?","M","E","R","E","T","M","M","R","$","?","R","BOSS","M","?","M","?","?","R","M","E","T","R","?","$","?","$","R","BOSS","M","?","M","?","?","R","E","?","T","M"],"items_purchased_type":["Card","Card","Card","Relic"],"build_version":"2020-12-13","purchased_purges":2,"victory":false,"max_hp_per_floor":[72,72,72,72,72,72,72,79,79,79,79,79,79,79,79,79,79,79,79,79,79,84,84,84,84,84,84,84,91,91,91,91,91,91,91,91,91,91,91,91,91,91,91,91,91],"relic_stats":{"Regal Pillow":45,"Lee\u0027s Waffle":86,"counters":[23,141],"Mummified Hand":[13],"Shuriken":[3],"Snecko Eye":[153,195,170,162],"Orichalcum":[42],"obtain_stats":[{"Potion Belt":26,"Regal Pillow":9,"Lee\u0027s Waffle":29,"NeowsBlessing":0,"Guardian:ModeShifter":0,"Orichalcum":6,"Frozen Egg 2":25,"CaptainsWheel":36,"HornCleat":28,"Mummified Hand":41,"Shuriken":43,"Strawberry":8,"Snecko Eye":17,"Philosopher\u0027s Stone":34,"Pocketwatch":28},{"Potion Belt":14,"Regal Pillow":6,"Lee\u0027s Waffle":16,"NeowsBlessing":0,"Guardian:ModeShifter":0,"Orichalcum":5,"Frozen Egg 2":14,"CaptainsWheel":19,"HornCleat":16,"Mummified Hand":21,"Shuriken":22,"Strawberry":6,"Snecko Eye":9,"Philosopher\u0027s Stone":17,"Pocketwatch":16},{"Potion Belt":76,"Regal Pillow":28,"Lee\u0027s Waffle":87,"NeowsBlessing":0,"Guardian:ModeShifter":0,"Orichalcum":20,"Frozen Egg 2":76,"CaptainsWheel":112,"HornCleat":87,"Mummified Hand":129,"Shuriken":135,"Strawberry":28,"Snecko Eye":46,"Philosopher\u0027s Stone":96,"Pocketwatch":87}],"Pocketwatch":[17]},"card_choices":[{"not_picked":["Guardian:TemporalShield","Guardian:RollAttack"],"picked":"Guardian:ChargeUp","floor":1},{"not_picked":["Guardian:Suspension","Guardian:WalkerClaw"],"picked":"Guardian:Recover","floor":2},{"not_picked":["Guardian:Gem_Cyan","Guardian:PrimingBeam"],"picked":"Guardian:PrismaticBarrier","floor":3},{"not_picked":["Guardian:Incinerate","Guardian:CrystalBeam"],"picked":"Guardian:Suspension","floor":5},{"not_picked":["Guardian:ShieldCharger","Guardian:RollAttack"],"picked":"Guardian:Gem_Orange","floor":6},{"not_picked":["Guardian:Clone","Guardian:StasisField"],"picked":"Guardian:Orbwalk","floor":8},{"not_picked":["Guardian:Recover","Guardian:WalkerClaw"],"picked":"Guardian:RefractedBeam","floor":10},{"not_picked":["Guardian:DecasProtection","Guardian:WalkerClaw"],"picked":"Guardian:Gem_Red","floor":11},{"not_picked":["Guardian:ConstructionForm","Guardian:FierceBash"],"picked":"Guardian:AncientConstruct","floor":16},{"not_picked":["Guardian:TemporalShield","Guardian:EvasiveProtocol","Guardian:Reroute"],"picked":"SKIP","floor":20},{"not_picked":["Guardian:ChargeCore","Guardian:TemporalShield"],"picked":"Guardian:Gem_Blue","floor":21},{"not_picked":["Guardian:VentSteam","Guardian:Incinerate"],"picked":"Guardian:Gem_Fragmented","floor":24},{"not_picked":["Guardian:TimeBomb","Guardian:WalkerClaw"],"picked":"Guardian:Harden+1","floor":25},{"not_picked":["Guardian:ConstructionForm+1","Guardian:StasisField"],"picked":"Guardian:SphericShield","floor":33},{"not_picked":["Guardian:GuardianWhirl","Guardian:Suspension+1"],"picked":"Guardian:Gem_Fragmented","floor":35},{"not_picked":["Guardian:TemporalShield","Guardian:ChargeCore"],"picked":"Guardian:Gem_Purple","floor":36},{"not_picked":["Guardian:Incinerate","Guardian:Reroute"],"picked":"Guardian:Gem_Cyan","floor":37},{"not_picked":["Guardian:DecasProtection","Guardian:CrystalBeam"],"picked":"Guardian:Gem_Cyan","floor":41},{"not_picked":["Guardian:TimeBomb","Guardian:RollAttack"],"picked":"Guardian:ArmoredProtocol+1","floor":42}],"player_experience":1243344,"relics_obtained":[{"floor":6,"key":"Orichalcum"},{"floor":8,"key":"Strawberry"},{"floor":9,"key":"Regal Pillow"},{"floor":25,"key":"Frozen Egg 2"},{"floor":26,"key":"Potion Belt"},{"floor":28,"key":"Pocketwatch"},{"floor":28,"key":"HornCleat"},{"floor":36,"key":"CaptainsWheel"},{"floor":41,"key":"Mummified Hand"},{"floor":43,"key":"Shuriken"}],"event_choices":[{"damage_healed":0,"gold_gain":0,"player_choice":"2 cards matched","damage_taken":0,"max_hp_gain":0,"max_hp_loss":0,"event_name":"Match and Keep!","floor":14,"gold_loss":0,"cards_obtained":["Guardian:Clone","Swift Strike"]},{"damage_healed":0,"gold_gain":0,"player_choice":"Bought 0 Potions","damage_taken":0,"max_hp_gain":0,"max_hp_loss":0,"event_name":"The Woman in Blue","floor":19,"gold_loss":0},{"damage_healed":0,"gold_gain":0,"player_choice":"Shed Blood","damage_taken":20,"max_hp_gain":5,"max_hp_loss":0,"event_name":"Forgotten Altar","floor":22,"gold_loss":0},{"damage_healed":0,"gold_gain":0,"player_choice":"Fight","damage_taken":0,"max_hp_gain":0,"max_hp_loss":0,"event_name":"Colosseum","floor":28,"gold_loss":0},{"damage_healed":0,"gold_gain":0,"player_choice":"Fought Nobs","damage_taken":0,"max_hp_gain":0,"max_hp_loss":0,"event_name":"Colosseum","floor":28,"gold_loss":0},{"damage_healed":0,"gold_gain":99,"player_choice":"Stole From Cult","damage_taken":0,"max_hp_gain":0,"max_hp_loss":0,"event_name":"Nest","floor":30,"gold_loss":0},{"damage_healed":0,"gold_gain":0,"player_choice":"Fight","damage_taken":0,"max_hp_gain":0,"max_hp_loss":0,"event_name":"MindBloom","floor":36,"gold_loss":0},{"cards_removed":["Guardian:ExploitGems"],"damage_healed":0,"gold_gain":0,"player_choice":"Removed Skill","damage_taken":0,"max_hp_gain":0,"max_hp_loss":0,"event_name":"Falling","floor":38,"gold_loss":0},{"damage_healed":0,"gold_gain":0,"player_choice":"Damaged","damage_taken":9,"max_hp_gain":0,"max_hp_loss":0,"event_name":"Wheel of Change","floor":39,"gold_loss":0}],"is_beta":false,"boss_relics":[{"not_picked":["Tiny House","Guardian:ModeShifterPlus"],"picked":"Snecko Eye"},{"not_picked":["Velvet Choker","Empty Cage"],"picked":"Philosopher\u0027s Stone"}],"items_purged_floors":[29,31],"is_endless":false,"potions_floor_spawned":[3,8,10,11,24,25,28,33,35,42],"killed_by":"Maw","ascension_level":14}}