{"host":"ssbj2e5691x5ub3h","time":1608175396,"event":{"mods":["BaseMod","Minty Spire (QoL Compilation)","StSLib"],"gold_per_floor":[119,136,136,136,155,182,134,134,134,6,20,20,36,69,69,174,174,189,199,119,133,133,133,133],"floor_reached":23,"playtime":994,"items_purged":[],"score":249,"play_id":"610e1da9-44eb-4ef6-8d7a-8220df089ea6","local_time":"20201217012316","is_ascension_mode":true,"campfire_choices":[{"data":"Neutralize","floor":8,"key":"SMITH"},{"data":"Glass Knife","floor":12,"key":"SMITH"},{"data":"Backflip","floor":15,"key":"SMITH"}],"circlet_count":0,"master_deck":["Strike_G","Strike_G","Strike_G+1","Strike_G","Strike_G","Defend_G","Defend_G","Defend_G","Defend_G","Defend_G","Survivor","Neutralize+1","Flying Knee","PiercingWail+1","Blade Dance","Dash","Cloak And Dagger","Backflip","Glass Knife+1","Backflip+1","Cloak And Dagger","Quick Slash+1","Envenom","Dodge and Roll","Slice+1","Noxious Fumes","Cloak And Dagger"],"relics":["Runic Dome","MealTicket","Bottled Flame","Molten Egg 2","Philosopher\u0027s Stone","Orichalcum"],"acts_visited":["Exordium","TheCity"],"potions_floor_usage":[5,16,16,23],"damage_taken":[{"damage":0,"enemies":"Jaw Worm","floor":1,"turns":4},{"damage":3,"enemies":"2 Louse","floor":2,"turns":3},{"damage":0,"enemies":"Cultist","floor":5,"turns":4},{"damage":17,"enemies":"Gremlin Nob","floor":6,"turns":5},{"damage":0,"enemies":"2 Fungi Beasts","floor":11,"turns":3},{"damage":0,"enemies":"Exordium Wildlife","floor":13,"turns":4},{"damage":0,"enemies":"3 Sentries","floor":14,"turns":7},{"damage":43,"enemies":"Slime Boss","floor":16,"turns":12},{"damage":10,"enemies":"3 Byrds","floor":18,"turns":4},{"damage":16,"enemies":"2 Thieves","floor":19,"turns":4},{"damage":12,"enemies":"Centurion and Healer","floor":21,"turns":7},{"damage":58,"enemies":"Gremlin Leader","floor":23,"turns":5}],"seed_played":"-4663387381229088766","potions_obtained":[{"floor":5,"key":"Fruit Juice"},{"floor":13,"key":"SkillPotion"},{"floor":14,"key":"DuplicationPotion"},{"floor":18,"key":"SkillPotion"}],"is_trial":false,"path_per_floor":["M","M","?","?","M","E","$","R","T","$","M","R","M","E","R","B",null,"M","M","$","M","?","E"],"character_chosen":"THE_SILENT","items_purchased":["Cloak And Dagger","Backflip","Glass Knife","Noxious Fumes"],"campfire_rested":0,"item_purchase_floors":[7,10,10,20],"current_hp_per_floor":[70,67,53,53,58,41,56,56,56,71,71,71,71,71,71,28,75,65,49,64,52,52,0,0],"gold":133,"neow_bonus":"BOSS_RELIC","is_daily":false,"chose_seed":false,"campfire_upgraded":3,"win_rate":0.0,"timestamp":1608175396,"path_taken":["M","M","?","?","M","E","?","R","T","$","M","R","?","E","R","BOSS","M","M","$","M","?","E"],"items_purchased_type":["Card","Card","Card","Card"],"build_version":"2020-12-13","purchased_purges":0,"victory":false,"max_hp_per_floor":[70,70,70,70,75,75,75,75,75,75,75,75,75,75,75,75,75,75,75,75,75,75,75,75],"card_choices":[{"not_picked":["Acrobatics","Bouncing Flask"],"picked":"Flying Knee","floor":1},{"not_picked":["Concentrate","Deadly Poison"],"picked":"PiercingWail","floor":2},{"not_picked":["Eviscerate","Dagger Throw"],"picked":"Blade Dance","floor":5},{"not_picked":["Choke","Masterful Stab"],"picked":"Dash","floor":6},{"not_picked":["Underhanded Strike","Bane"],"picked":"Backflip","floor":11},{"not_picked":["Endless Agony","Deadly Poison"],"picked":"Cloak And Dagger","floor":13},{"not_picked":["Acrobatics","Flying Knee+1"],"picked":"Quick Slash+1","floor":14},{"not_picked":["Unload+1","Corpse Explosion"],"picked":"Envenom","floor":16},{"not_picked":["Blur","Quick Slash+1"],"picked":"Dodge and Roll","floor":18},{"not_picked":["Sucker Punch+1","Finisher+1"],"picked":"Slice+1","floor":19},{"not_picked":["PiercingWail","Dagger Throw+1"],"picked":"Cloak And Dagger","floor":21}],"player_experience":97013,"relics_obtained":[{"floor":6,"key":"MealTicket"},{"floor":9,"key":"Bottled Flame"},{"floor":14,"key":"Molten Egg 2"}],"event_choices":[{"damage_healed":0,"gold_gain":0,"player_choice":"Entered Light","damage_taken":14,"max_hp_gain":0,"max_hp_loss":0,"event_name":"Shining Light","floor":3,"gold_loss":0,"cards_upgraded":["Strike_G","PiercingWail"]},{"damage_healed":0,"gold_gain":0,"player_choice":"Ignored","damage_taken":0,"max_hp_gain":0,"max_hp_loss":0,"event_name":"Golden Wing","floor":4,"gold_loss":0},{"damage_healed":0,"gold_gain":0,"player_choice":"Opened","damage_taken":0,"relics_obtained":["Orichalcum"],"max_hp_gain":0,"max_hp_loss":0,"event_name":"The Mausoleum","floor":22,"gold_loss":0}],"is_beta":false,"boss_relics":[{"not_picked":["Runic Pyramid","Tiny House"],"picked":"Philosopher\u0027s Stone"}],"items_purged_floors":[],"is_endless":false,"potions_floor_spawned":[5,13,14,18],"killed_by":"Gremlin Leader","ascension_level":2}}