{"host":"z60ck2mpr6goyib8","time":1608193469,"event":{"mods":["BaseMod","Best Route Mod","Bestiary","Better Third Choice","Block Reminder","Colored Map","Colored Powertips","Googly Eyes","Minty Spire (QoL Compilation)","Quick Restart","Relic Stats","Slay-I","StSLib","everything is the same but u backflip on backflip"],"gold_per_floor":[115,128,144,69,2,2,32,59,84,84,101,118,145,156,156,261,261,281,301,301,301,312,339,358,283,283,283,34,34,63,82,82,178,178,197,197,197,247,261,261,261],"floor_reached":40,"playtime":1367,"items_purged":["Defend_R","Writhe"],"score":692,"play_id":"0510d448-edac-441d-bcbf-d6db74dcd302","local_time":"20201217082429","is_ascension_mode":true,"campfire_choices":[{"data":"Inflame","floor":6.0,"key":"SMITH"},{"data":"Flex","floor":10.0,"key":"SMITH"},{"floor":15,"key":"REST"},{"floor":32,"key":"REST"}],"circlet_count":0,"master_deck":["AscendersBane","Defend_R","Defend_R","Bash","Pommel Strike+1","Blood for Blood+1","Bludgeon+1","Inflame+1","Shrug It Off","True Grit","Uppercut","Flex+1","Brutality","Shrug It Off","Spot Weakness","Havoc","Double Tap","Flex+1","Rage","Anger","Flex","Immolate","Disarm","Seeing Red","Pummel","Power Through+1"],"relics":["Astrolabe","Bronze Scales","PreservedInsect","Ancient Tea Set","Blue Candle","Busted Crown","Anchor","Peace Pipe","Orichalcum","Potion Belt","Bottled Tornado","SacredBark","Thread and Needle"],"acts_visited":["Exordium","TheCity","TheBeyond"],"potions_floor_usage":[14,33,33,38,38],"damage_taken":[{"damage":0.0,"enemies":"Cultist","floor":1.0,"turns":2.0},{"damage":7.0,"enemies":"Jaw Worm","floor":2.0,"turns":3.0},{"damage":7.0,"enemies":"2 Louse","floor":3.0,"turns":3.0},{"damage":35.0,"enemies":"Lagavulin","floor":7.0,"turns":4.0},{"damage":0.0,"enemies":"2 Fungi Beasts","floor":11.0,"turns":2.0},{"damage":0.0,"enemies":"Large Slime","floor":12.0,"turns":4.0},{"damage":15.0,"enemies":"3 Sentries","floor":13.0,"turns":5.0},{"damage":3,"enemies":"Exordium Thugs","floor":14,"turns":4},{"damage":24,"enemies":"Slime Boss","floor":16,"turns":7},{"damage":13,"enemies":"Chosen","floor":18,"turns":4},{"damage":7,"enemies":"Spheric Guardian","floor":19,"turns":3},{"damage":1,"enemies":"Cultist and Chosen","floor":22,"turns":3},{"damage":5,"enemies":"Gremlin Leader","floor":23,"turns":7},{"damage":19,"enemies":"Centurion and Healer","floor":24,"turns":5},{"damage":9,"enemies":"Book of Stabbing","floor":30,"turns":3},{"damage":0,"enemies":"Shelled Parasite and Fungi","floor":31,"turns":3},{"damage":21,"enemies":"Champ","floor":33,"turns":7},{"damage":22,"enemies":"Orb Walker","floor":35,"turns":4},{"damage":2,"enemies":"2 Orb Walkers","floor":38,"turns":3},{"damage":16,"enemies":"3 Darklings","floor":39,"turns":4},{"damage":23,"enemies":"Nemesis","floor":40,"turns":5}],"seed_played":"-8959777642970711042","potions_obtained":[{"floor":1.0,"key":"Regen Potion"},{"floor":3.0,"key":"Fire Potion"},{"floor":12.0,"key":"DistilledChaos"},{"floor":13.0,"key":"Weak Potion"},{"floor":23,"key":"EssenceOfSteel"},{"floor":24,"key":"SteroidPotion"},{"floor":31,"key":"Swift Potion"},{"floor":33,"key":"BlessingOfTheForge"}],"is_trial":false,"path_per_floor":["M","M","M","$","$","R","E","T","T","R","M","M","E","M","R","B",null,"M","M","?","?","M","E","M","?","T","?","$","?","E","M","R","B",null,"M","?","?","?","M","E"],"character_chosen":"IRONCLAD","items_purchased":["Uppercut","Disarm","Seeing Red"],"campfire_rested":2,"item_purchase_floors":[5,28,28],"current_hp_per_floor":[72,65,58,58,58,58,23,23,23,23,23,23,8,17,41,17,64,51,44,44,44,43,38,19,19,19,19,19,19,10,10,34,13,63,41,41,41,39,23,0,0],"gold":261,"neow_bonus":"BOSS_RELIC","is_daily":false,"chose_seed":false,"campfire_upgraded":2,"win_rate":0.0,"timestamp":1608193469,"path_taken":["M","M","?","?","$","R","E","?","T","R","M","M","E","M","R","BOSS","M","M","?","?","M","E","M","?","T","?","$","?","E","M","R","BOSS","M","?","?","?","M","E"],"items_purchased_type":["Card","Card","Card"],"build_version":"2020-12-13","purchased_purges":2,"victory":false,"max_hp_per_floor":[80,80,80,80,80,80,80,80,80,80,80,80,80,80,80,80,80,80,80,80,80,80,80,80,80,80,80,80,80,80,80,80,80,80,80,80,76,76,76,76,76],"relic_stats":{"Peace Pipe":0,"Busted Crown":22,"counters":[21,85],"Astrolabe":["Pommel Strike","Blood for Blood","Bludgeon"],"Bronze Scales":[152],"Blue Candle":[0],"PreservedInsect":172,"Orichalcum":[36],"obtain_stats":[{"Potion Belt":29,"Astrolabe":0,"Blue Candle":13,"SacredBark":34,"Thread and Needle":38,"PreservedInsect":8,"Orichalcum":27,"Bottled Tornado":30,"Ancient Tea Set":9,"Burning Blood":0,"Peace Pipe":26,"Anchor":23,"Busted Crown":17,"Bronze Scales":7},{"Potion Belt":14,"Astrolabe":0,"Blue Candle":7,"SacredBark":17,"Thread and Needle":19,"PreservedInsect":4,"Orichalcum":14,"Bottled Tornado":15,"Ancient Tea Set":4,"Burning Blood":0,"Peace Pipe":14,"Anchor":13,"Busted Crown":9,"Bronze Scales":4},{"Potion Belt":56,"Astrolabe":0,"Blue Candle":23,"SacredBark":69,"Thread and Needle":76,"PreservedInsect":12,"Orichalcum":56,"Bottled Tornado":59,"Ancient Tea Set":12,"Burning Blood":0,"Peace Pipe":56,"Anchor":51,"Busted Crown":34,"Bronze Scales":12}]},"card_choices":[{"not_picked":["Havoc","Clothesline"],"picked":"Inflame","floor":1.0},{"not_picked":["Sword Boomerang","Whirlwind"],"picked":"Shrug It Off","floor":2.0},{"not_picked":["Wild Strike","Heavy Blade"],"picked":"True Grit","floor":3.0},{"not_picked":["Hemokinesis","Rage"],"picked":"Flex","floor":7.0},{"not_picked":["Cleave","Perfected Strike"],"picked":"Brutality","floor":11.0},{"not_picked":["Dark Embrace","Blood for Blood"],"picked":"Shrug It Off","floor":12.0},{"not_picked":["Carnage","Sword Boomerang"],"picked":"Spot Weakness","floor":13.0},{"not_picked":["Evolve","Iron Wave"],"picked":"Havoc","floor":14},{"not_picked":["Exhume","Fiend Fire"],"picked":"Double Tap","floor":16},{"not_picked":[],"picked":"Flex+1","floor":18},{"not_picked":[],"picked":"Rage","floor":19},{"not_picked":["Entrench"],"picked":"SKIP","floor":22},{"not_picked":[],"picked":"Immolate","floor":23},{"not_picked":["Armaments+1"],"picked":"SKIP","floor":24},{"not_picked":["Sword Boomerang"],"picked":"SKIP","floor":30},{"not_picked":["Blood for Blood"],"picked":"SKIP","floor":31},{"not_picked":[],"picked":"Pummel","floor":35},{"not_picked":[],"picked":"Power Through+1","floor":39}],"player_experience":487810,"relics_obtained":[{"floor":7.0,"key":"Bronze Scales"},{"floor":8.0,"key":"PreservedInsect"},{"floor":9.0,"key":"Ancient Tea Set"},{"floor":13.0,"key":"Blue Candle"},{"floor":23,"key":"Anchor"},{"floor":26,"key":"Peace Pipe"},{"floor":30,"key":"Bottled Tornado"},{"floor":38,"key":"Thread and Needle"}],"event_choices":[{"damage_healed":0,"gold_gain":0,"cards_transformed":["Strike_R","Strike_R"],"player_choice":"Became Test Subject","damage_taken":0,"max_hp_gain":0,"max_hp_loss":0,"event_name":"Drug Dealer","floor":20,"gold_loss":0,"cards_obtained":["Anger","Flex"]},{"damage_healed":0,"gold_gain":0,"player_choice":"Ignored","damage_taken":0,"max_hp_gain":0,"max_hp_loss":0,"event_name":"Ghosts","floor":21,"gold_loss":0},{"cards_removed":["Strike_R"],"damage_healed":0,"gold_gain":0,"player_choice":"Gave Gold","damage_taken":0,"max_hp_gain":0,"max_hp_loss":0,"event_name":"Beggar","floor":25,"gold_loss":75},{"damage_healed":0,"gold_gain":0,"player_choice":"Opened","damage_taken":0,"relics_obtained":["Orichalcum"],"max_hp_gain":0,"max_hp_loss":0,"event_name":"The Mausoleum","floor":27,"gold_loss":0,"cards_obtained":["Writhe"]},{"damage_healed":0,"gold_gain":0,"player_choice":"Gave Potion","damage_taken":0,"relics_obtained":["Potion Belt"],"max_hp_gain":0,"max_hp_loss":0,"event_name":"WeMeetAgain","floor":29,"gold_loss":0},{"damage_healed":0,"gold_gain":0,"player_choice":"Ignored","damage_taken":0,"max_hp_gain":0,"max_hp_loss":0,"event_name":"Tomb of Lord Red Mask","floor":36,"gold_loss":0},{"damage_healed":0,"gold_gain":0,"player_choice":"Max HP","damage_taken":0,"max_hp_gain":0,"max_hp_loss":4,"event_name":"Winding Halls","floor":37,"gold_loss":0},{"damage_healed":0,"gold_gain":0,"player_choice":"Fight","damage_taken":0,"max_hp_gain":0,"max_hp_loss":0,"event_name":"Mysterious Sphere","floor":38,"gold_loss":0}],"is_beta":false,"boss_relics":[{"not_picked":["Runic Cube","Coffee Dripper"],"picked":"Busted Crown"},{"not_picked":["Empty Cage","Snecko Eye"],"picked":"SacredBark"}],"items_purged_floors":[4,28],"is_endless":false,"potions_floor_spawned":[1,3,12,13,23,24,31,33],"killed_by":"Nemesis","ascension_level":10}}