{"host":"p7xnybcl7rtshmbr","time":1608201957,"event":{"mods":["AchievementEnabler","AlwaysNeverKeys","Aspiration","BaseMod","Hermit","Hubris","Luminous","Minty Spire (QoL Compilation)","Remilia??????","Replay The Spire","Robot Space Explorer","StSLib","The Blackbeard","The Hierophant","The Poker Player","The Servant 0.9.4","The Wild Card"],"gold_per_floor":[112,112,112,128,122,122,138,138,138,138,20,20,37,108,178,276,276,294,308,245,245,101,101,176,176,200,200,304,304,304,423,423,604,604,707,88,188,285,285,285,383,383,383,472,472,472,572,669,669,659,659],"floor_reached":50,"playtime":2348,"items_purged":[],"score":558,"play_id":"f63c025e-3eb8-4ca4-a005-8a44e206039f","local_time":"20201217134557","is_ascension_mode":false,"campfire_choices":[{"data":"hierophant:Punish","floor":6,"key":"SMITH"},{"floor":10,"key":"REST"},{"data":"hubris:DuctTapeCard","floor":12,"key":"SMITH"},{"data":"hierophant:BulkyChest","floor":23,"key":"SMITH"},{"data":"hierophant:DivineIntervention","floor":27,"key":"SMITH"},{"data":"hierophant:ChurchCoffers","floor":30,"key":"SMITH"},{"floor":32,"key":"REST"},{"data":"hierophant:FieryStrike","floor":40,"key":"SMITH"},{"data":"hubris:Counter","floor":42,"key":"SMITH"},{"floor":45,"key":"REST"},{"floor":49,"key":"REST"}],"circlet_count":0,"master_deck":["hierophant:Strike_Hierophant","hierophant:Strike_Hierophant","hierophant:Strike_Hierophant+1","hierophant:Strike_Hierophant","hierophant:Punish+1","hierophant:Defend_Hierophant+1","hierophant:Defend_Hierophant","hierophant:Defend_Hierophant","hierophant:Defend_Hierophant","hierophant:ChurchCoffers+1","hierophant:OrnateBuckler","hierophant:FlamingChariot","hubris:DuctTapeCard+2","Apotheosis+1","hierophant:MirrorShield","hierophant:DivineIntervention+1","hierophant:Shelter+1","hierophant:ThreeLashes","hierophant:BulkyChest+1","hierophant:DisplayOfPower+1","hierophant:FieryStrike+1","hierophant:Upheaval+1","hubris:Counter+1","hierophant:HolyVerse+1"],"relics":["hierophant:PropheticMaskRelic","Blue Doll","Akabeko","hubris:DuctTape","Sozu","Anchor","HandDrill","ReplayTheSpireMod:Lightbulb","MutagenicStrength","Bird Faced Urn","aspiration:SilentSkillbook","aspiration:KaomsHeart"],"acts_visited":["Exordium","TheCity","TheBeyond"],"potions_floor_usage":[50,50,50],"damage_taken":[{"damage":5,"enemies":"Cultist","floor":1,"turns":4},{"damage":2,"enemies":"Small Slimes","floor":4,"turns":3},{"damage":0,"enemies":"Jaw Worm","floor":5,"turns":4},{"damage":14,"enemies":"Gremlin Nob","floor":7,"turns":4},{"damage":0,"enemies":"Blue Slaver","floor":13,"turns":1},{"damage":16,"enemies":"Slime Boss","floor":16,"turns":7},{"damage":0,"enemies":"Spheric Guardian","floor":18,"turns":3},{"damage":0,"enemies":"Shell Parasite","floor":19,"turns":3},{"damage":2,"enemies":"Centurion and Healer","floor":24,"turns":4},{"damage":10,"enemies":"Chosen and Byrds","floor":28,"turns":5},{"damage":10,"enemies":"Gremlin Leader","floor":31,"turns":4},{"damage":22,"enemies":"Pondfish","floor":33,"turns":7},{"damage":10,"enemies":"Orb Walker","floor":35,"turns":4},{"damage":4,"enemies":"3 Darklings","floor":38,"turns":3},{"damage":43,"enemies":"Maw","floor":41,"turns":7},{"damage":10,"enemies":"4 Shapes","floor":44,"turns":3},{"damage":0,"enemies":"Jaw Worm Horde","floor":47,"turns":1},{"damage":11,"enemies":"Sphere and 2 Shapes","floor":48,"turns":3},{"damage":197,"enemies":"Awakened One","floor":50,"turns":16}],"seed_played":"3328163019988797912","potions_obtained":[{"floor":4,"key":"Swift Potion"},{"floor":7,"key":"EntropicBrew"},{"floor":16,"key":"BlessingOfTheForge"}],"is_trial":false,"path_per_floor":["M","?","?","M","M","R","E","?","T","R","$","R","M","?","R","B",null,"M","M","$","?","$","R","M","?","T","R","M","?","R","E","R","B",null,"M","$","?","M","$","R","M","R","T","M","R","$","M","M","R","B"],"character_chosen":"HIEROPHANT","items_purchased":["Apotheosis+1","hierophant:BulkyChest","HandDrill","aspiration:KaomsHeart","aspiration:KMNothing","aspiration:KMNothing","aspiration:KMNothing","aspiration:KMNothing","aspiration:KMNothing","aspiration:KMNothing"],"campfire_rested":4,"item_purchase_floors":[11,20,22,36,39,39,39,46,46,46],"current_hp_per_floor":[77,65,49,47,47,47,33,33,33,57,57,57,57,57,57,41,82,82,82,82,74,74,74,72,72,72,72,62,62,62,52,76,54,82,72,172,172,168,168,168,125,125,125,115,169,169,169,158,182,0,0],"gold":659,"neow_bonus":"TEN_PERCENT_HP_BONUS","is_daily":false,"chose_seed":false,"campfire_upgraded":7,"win_rate":0.0,"timestamp":1608201957,"path_taken":["M","?","?","M","M","R","E","?","T","R","$","R","?","?","R","BOSS","M","M","$","?","?","R","M","?","T","R","?","?","R","E","R","BOSS","M","$","?","M","$","R","M","R","T","M","R","?","?","M","R","BOSS"],"items_purchased_type":["Card","Card","Relic","Relic","Relic","Relic","Relic","Relic","Relic","Relic"],"build_version":"2020-12-13","purchased_purges":0,"victory":false,"max_hp_per_floor":[82,82,82,82,82,82,82,82,82,82,82,82,82,82,82,82,82,82,82,82,82,82,82,82,82,82,82,82,82,82,82,82,82,82,82,182,182,182,182,182,182,182,182,182,182,182,182,182,182,182,182],"card_choices":[{"not_picked":["hierophant:AuricBeam","hierophant:ArchangelShield"],"picked":"hierophant:HammerAndAnvil","floor":1},{"not_picked":["hierophant:AuricShield","hierophant:AuricBeam"],"picked":"hierophant:OrnateBuckler","floor":4},{"not_picked":["hierophant:RecallFunds","hierophant:PassingBell"],"picked":"hierophant:Kindle","floor":5},{"not_picked":["hierophant:HammerAndAnvil","hierophant:Remorse"],"picked":"hierophant:FlamingChariot","floor":7},{"not_picked":["hierophant:FaithHealing","hierophant:Remorse"],"picked":"hierophant:MirrorShield","floor":13},{"not_picked":["hierophant:Cornucopia","hierophant:Kindle"],"picked":"hierophant:DivineIntervention","floor":16},{"not_picked":["hierophant:Endure","hierophant:ArchangelShield+1"],"picked":"hierophant:Shelter+1","floor":18},{"not_picked":["hierophant:Doubloon+1","hierophant:SecretStash"],"picked":"hierophant:ThreeLashes","floor":19},{"not_picked":["hierophant:AuricShield","hierophant:Encroach","hierophant:SecretStash"],"picked":"SKIP","floor":24},{"not_picked":["hierophant:ThreeLashes+1","hierophant:DivineIntervention"],"picked":"hierophant:DisplayOfPower+1","floor":28},{"not_picked":["hierophant:ThreeLashes+1","hierophant:SecretStash"],"picked":"hierophant:FieryStrike","floor":31},{"not_picked":["Masterful Stab","hierophant:ThreeLashes+1","hierophant:Smite"],"picked":"hierophant:Upheaval+1","floor":35},{"not_picked":["Dagger Spray","hierophant:Glossolalia","PiercingWail","hierophant:FlamingChariot"],"picked":"SKIP","floor":38},{"not_picked":["Dagger Spray","hierophant:Glossolalia","PiercingWail","hierophant:FlamingChariot"],"picked":"SKIP","floor":38},{"not_picked":["hierophant:HolyVerse","Distraction+1","hierophant:Empathy+1"],"picked":"hubris:Counter","floor":41},{"not_picked":["hierophant:ThreeLashes","hierophant:SolarFlare+1","Sneak Up","hierophant:SealAway"],"picked":"SKIP","floor":44},{"not_picked":["hierophant:Racketeering","Deadly Poison+1","hierophant:Shelter","hubris:SlightOfHand+1"],"picked":"SKIP","floor":47},{"not_picked":["hierophant:FieryStrike+1","hierophant:Refuge","Poisoned Stab+1"],"picked":"hierophant:HolyVerse+1","floor":48}],"player_experience":328730,"relics_obtained":[{"floor":7,"key":"Akabeko"},{"floor":9,"key":"hubris:DuctTape"},{"floor":26,"key":"ReplayTheSpireMod:Lightbulb"},{"floor":31,"key":"Bird Faced Urn"},{"floor":43,"key":"aspiration:KMNothing"}],"event_choices":[{"damage_healed":0,"gold_gain":0,"player_choice":"Success","damage_taken":12,"relics_obtained":["Blue Doll"],"max_hp_gain":0,"max_hp_loss":0,"event_name":"Scrap Ooze","floor":2,"gold_loss":0},{"damage_healed":0,"gold_gain":0,"player_choice":"Entered Light","damage_taken":16,"max_hp_gain":0,"max_hp_loss":0,"event_name":"Shining Light","floor":3,"gold_loss":0,"cards_upgraded":["hierophant:Defend_Hierophant","hierophant:Strike_Hierophant"]},{"damage_healed":0,"gold_gain":0,"player_choice":"Grow","damage_taken":0,"max_hp_gain":0,"max_hp_loss":0,"event_name":"Living Wall","floor":8,"gold_loss":0,"cards_upgraded":["hierophant:HammerAndAnvil"]},{"damage_healed":0,"gold_gain":71,"player_choice":"Gained Gold","damage_taken":0,"max_hp_gain":0,"max_hp_loss":0,"event_name":"Golden Wing","floor":14,"gold_loss":0},{"damage_healed":0,"gold_gain":0,"player_choice":"Anchor","damage_taken":0,"relics_obtained":["Anchor"],"max_hp_gain":0,"max_hp_loss":0,"event_name":"blackbeard:ShipwreckEvent","floor":21,"gold_loss":0},{"damage_healed":0,"gold_gain":0,"player_choice":"0 cards matched","damage_taken":0,"max_hp_gain":0,"max_hp_loss":0,"event_name":"Match and Keep!","floor":25,"gold_loss":0,"cards_obtained":[]},{"damage_healed":0,"gold_gain":0,"player_choice":"Inject Mutagens","damage_taken":0,"relics_obtained":["MutagenicStrength"],"max_hp_gain":0,"max_hp_loss":0,"event_name":"Drug Dealer","floor":29,"gold_loss":0},{"damage_healed":0,"gold_gain":100,"player_choice":"Pray","damage_taken":0,"max_hp_gain":0,"max_hp_loss":0,"event_name":"Golden Shrine","floor":37,"gold_loss":0}],"is_beta":false,"boss_relics":[{"not_picked":["aspiration:SecretTechniqueScroll","Kintsugi"],"picked":"Sozu"},{"not_picked":["hubris:RunicObelisk","Empty Cage"],"picked":"aspiration:SilentSkillbook"}],"items_purged_floors":[],"is_endless":false,"potions_floor_spawned":[4,7,16,18,24,28,33,38,41,47],"killed_by":"Awakened One","ascension_level":0}}