{"host":"usewcu4ohw2wtmxk","time":1608182516,"event":{"mods":["AchievementEnabler","BaseMod","BetterRewards","Colored Powertips","Minty Spire (QoL Compilation)","Permanent Neow","Quick Restart","Relic Sorter","Relic Stats","Shop Mod","StSLib"],"gold_per_floor":[116,130,130,1,1,1,335,335,335,364,18,31,44,44,44,121,121,139,157,82,95,111,141,141,141,141],"floor_reached":25,"playtime":797,"items_purged":["Regret","Strike_R"],"score":462,"play_id":"b5b19008-be8c-4628-b4f7-463ccb0ce515","local_time":"20201217132156","is_ascension_mode":true,"campfire_choices":[{"data":"Demon Form","floor":6.0,"key":"SMITH"},{"data":"Hemokinesis","floor":8.0,"key":"SMITH"},{"data":"Body Slam","floor":15.0,"key":"SMITH"}],"circlet_count":0,"master_deck":["AscendersBane","Defend_R","Defend_R","Defend_R","Bash","Demon Form+1","Hemokinesis+1","Power Through","Feel No Pain","Body Slam+1","Impervious","Limit Break","Sever Soul","Rupture"],"relics":["Burning Blood","HornCleat","Old Coin","Dead Branch","Pen Nib","Lee\u0027s Waffle","Snecko Eye","Omamori"],"acts_visited":["Exordium","TheCity"],"potions_floor_usage":[22,23,25],"damage_taken":[{"damage":16.0,"enemies":"Jaw Worm","floor":1.0,"turns":5.0},{"damage":9.0,"enemies":"2 Louse","floor":2.0,"turns":4.0},{"damage":15.0,"enemies":"3 Sentries","floor":7.0,"turns":5.0},{"damage":20.0,"enemies":"Lagavulin","floor":10.0,"turns":6.0},{"damage":2.0,"enemies":"Small Slimes","floor":12.0,"turns":4.0},{"damage":2.0,"enemies":"Exordium Wildlife","floor":13.0,"turns":3.0},{"damage":38.0,"enemies":"The Guardian","floor":16.0,"turns":6.0},{"damage":21,"enemies":"Shell Parasite","floor":18,"turns":3},{"damage":4,"enemies":"2 Thieves","floor":19,"turns":4},{"damage":2,"enemies":"Snake Plant","floor":21,"turns":2},{"damage":20,"enemies":"Sentry and Sphere","floor":22,"turns":5},{"damage":33,"enemies":"Gremlin Leader","floor":23,"turns":8},{"damage":22,"enemies":"Slavers","floor":25,"turns":5}],"seed_played":"-3272272456544361386","potions_obtained":[{"floor":1.0,"key":"Swift Potion"},{"floor":13.0,"key":"ColorlessPotion"},{"floor":16.0,"key":"CultistPotion"},{"floor":18,"key":"ElixirPotion"},{"floor":22,"key":"SkillPotion"}],"is_trial":false,"path_per_floor":["M","M","?","$","?","R","E","R","T","E","$","M","M","?","R","B",null,"M","M","?","M","M","E","?","E"],"character_chosen":"IRONCLAD","items_purchased":["PowerPotion","Feel No Pain","Lee\u0027s Waffle"],"campfire_rested":0,"item_purchase_floors":[4,11,11],"current_hp_per_floor":[58,55,55,55,55,55,46,46,46,32,82,82,82,75,75,43,72,57,59,59,63,49,22,22,0,0],"gold":141,"neow_bonus":"TRANSFORM_CARD","is_daily":false,"chose_seed":false,"campfire_upgraded":3,"win_rate":0.0,"timestamp":1608182516,"path_taken":["M","M","?","$","?","R","E","R","T","E","$","M","M","?","R","BOSS","M","M","?","M","M","E","?","E"],"items_purchased_type":["Potion","Card","Relic"],"build_version":"2020-12-13","purchased_purges":2,"victory":false,"max_hp_per_floor":[75,75,75,75,75,75,75,75,75,75,82,82,82,82,82,82,82,82,82,82,82,82,82,82,82,82],"relic_stats":{"Lee\u0027s Waffle":50,"counters":[13,60],"Dead Branch":[51],"Snecko Eye":[39,31,51,50],"Pen Nib":[6],"obtain_stats":[{"Lee\u0027s Waffle":11,"HornCleat":3,"Dead Branch":9,"Snecko Eye":17,"Pen Nib":10,"Omamori":23,"Burning Blood":0,"Old Coin":7},{"Lee\u0027s Waffle":4,"HornCleat":2,"Dead Branch":3,"Snecko Eye":7,"Pen Nib":4,"Omamori":12,"Burning Blood":0,"Old Coin":3},{"Lee\u0027s Waffle":20,"HornCleat":9,"Dead Branch":14,"Snecko Eye":33,"Pen Nib":20,"Omamori":55,"Burning Blood":0,"Old Coin":14}],"Burning Blood":64},"card_choices":[{"not_picked":["Seeing Red","Flex","True Grit"],"picked":"SKIP","floor":1.0},{"not_picked":["Entrench","Warcry","Flex"],"picked":"SKIP","floor":2.0},{"not_picked":["Flex","Demon Form"],"picked":"Hemokinesis","floor":7.0},{"not_picked":["Twin Strike","Iron Wave"],"picked":"Power Through","floor":10.0},{"not_picked":["Havoc","Intimidate","Headbutt"],"picked":"SKIP","floor":12.0},{"not_picked":["Clash","Heavy Blade"],"picked":"Body Slam","floor":13.0},{"not_picked":["Exhume","Brutality"],"picked":"Impervious","floor":16.0},{"not_picked":["Clash","Cleave+1","Havoc"],"picked":"SKIP","floor":18},{"not_picked":["Heavy Blade","Flex","Dropkick"],"picked":"SKIP","floor":19},{"not_picked":["Bloodletting","Warcry","Cleave"],"picked":"SKIP","floor":21},{"not_picked":["Iron Wave","Carnage+1","Whirlwind"],"picked":"SKIP","floor":22},{"not_picked":["Iron Wave","Carnage+1","Whirlwind"],"picked":"SKIP","floor":22},{"not_picked":["Combust","Rage"],"picked":"Limit Break","floor":23}],"player_experience":270679,"relics_obtained":[{"floor":7.0,"key":"Old Coin"},{"floor":9.0,"key":"Dead Branch"},{"floor":10.0,"key":"Pen Nib"},{"floor":23,"key":"Omamori"}],"event_choices":[{"damage_healed":0.0,"max_hp_gain":0.0,"max_hp_loss":0.0,"gold_gain":0.0,"event_name":"Big Fish","player_choice":"Box","floor":3.0,"gold_loss":0.0,"damage_taken":0.0,"relics_obtained":["HornCleat"],"cards_obtained":["Regret"]},{"damage_healed":0.0,"max_hp_gain":0.0,"max_hp_loss":0.0,"gold_gain":0.0,"cards_transformed":["Strike_R"],"event_name":"Living Wall","player_choice":"Change","floor":5.0,"gold_loss":0.0,"damage_taken":0.0,"cards_obtained":["Demon Form"]},{"cards_removed":["Strike_R"],"damage_healed":0.0,"max_hp_gain":0.0,"max_hp_loss":0.0,"gold_gain":0.0,"event_name":"Golden Wing","player_choice":"Card Removal","floor":14.0,"gold_loss":0.0,"damage_taken":7.0},{"cards_removed":["Strike_R"],"damage_healed":0,"gold_gain":0,"player_choice":"Gave Gold","damage_taken":0,"max_hp_gain":0,"max_hp_loss":0,"event_name":"Beggar","floor":20,"gold_loss":75},{"damage_healed":0,"gold_gain":0,"cards_transformed":["Bloodletting","Defend_R"],"player_choice":"Became Test Subject","damage_taken":0,"max_hp_gain":0,"max_hp_loss":0,"event_name":"Drug Dealer","floor":24,"gold_loss":0,"cards_obtained":["Sever Soul","Rupture"]}],"is_beta":false,"boss_relics":[{"not_picked":["SlaversCollar","Empty Cage"],"picked":"Snecko Eye"}],"items_purged_floors":[4,11],"is_endless":false,"potions_floor_spawned":[1,13,16,18,19,22],"killed_by":"Slavers","ascension_level":20}}