{"host":"sav7uxregyirlf69","time":1608214834,"event":{"mods":["AchievementEnabler","BaseMod","Colored Map","DeckTracker","Hermit","Keyboard Shortcuts","Minty Spire (QoL Compilation)","READ ME - Guardian Mod","StSLib","SuperFastMode"],"gold_per_floor":[117,117,117,42,42,42,72,72,72,105,124,124,124,141,141,246,246,265,265,165,165,87,87,87,103,103,103,116,116,143,153,153,153,153],"floor_reached":33,"playtime":528,"items_purged":["Doubt","hermit:Strike_Hermit"],"score":361,"play_id":"578459b1-cf2f-45bf-8bf4-90d8a74c93c0","local_time":"20201217232034","is_ascension_mode":true,"campfire_choices":[{"data":"hermit:Glare","floor":6,"key":"SMITH"},{"data":"hermit:PistolWhip","floor":8,"key":"SMITH"},{"floor":13,"key":"REST"},{"data":"hermit:Snapshot","floor":15,"key":"SMITH"},{"data":"hermit:ShadowCloak","floor":23,"key":"SMITH"},{"data":"hermit:Adapt","floor":29,"key":"SMITH"},{"data":"1","floor":32,"key":"LIFT"}],"circlet_count":0,"master_deck":["hermit:Strike_Hermit","hermit:Strike_Hermit+1","hermit:Defend_Hermit","hermit:Defend_Hermit","hermit:Defend_Hermit","hermit:Snapshot+1","hermit:Covet+1","hermit:Glare+1","hermit:PistolWhip+1","hermit:BodyArmor","hermit:Deadeye","hermit:Adapt+1","hermit:Brawl","hermit:Headshot","hermit:ShadowCloak+1","hermit:Manifest","hermit:Virtue","hermit:HoleUp+1","hermit:HighCaliber"],"relics":["hermit:Momento","Bronze Scales","FaceOfCleric","Juzu Bracelet","Blue Candle","Boot","Coffee Dripper","Ginger","Bag of Marbles","Girya"],"acts_visited":["Exordium","TheCity"],"potions_floor_usage":[16,16,30,31],"damage_taken":[{"damage":2,"enemies":"Jaw Worm","floor":1,"turns":3},{"damage":37,"enemies":"Gremlin Nob","floor":7,"turns":4},{"damage":25,"enemies":"Lagavulin","floor":10,"turns":6},{"damage":0,"enemies":"Small Slimes","floor":11,"turns":2},{"damage":0,"enemies":"Cultist","floor":14,"turns":2},{"damage":29,"enemies":"The Guardian","floor":16,"turns":9},{"damage":5,"enemies":"Chosen","floor":18,"turns":4},{"damage":4,"enemies":"Shell Parasite","floor":25,"turns":4},{"damage":19,"enemies":"Snake Plant","floor":28,"turns":4},{"damage":23,"enemies":"Book of Stabbing","floor":30,"turns":5},{"damage":7,"enemies":"3 Cultists","floor":31,"turns":5},{"damage":25,"enemies":"Collector","floor":33,"turns":2}],"seed_played":"6546622497857638395","potions_obtained":[{"floor":1,"key":"GamblersBrew"},{"floor":10,"key":"ColorlessPotion"},{"floor":11,"key":"SneckoOil"},{"floor":14,"key":"ColorlessPotion"},{"floor":18,"key":"BlessingOfTheForge"},{"floor":25,"key":"EssenceOfSteel"}],"is_trial":false,"path_per_floor":["M","?","?","$","?","R","E","R","T","E","M","?","R","M","R","B",null,"M","?","$","?","$","R","?","M","T","?","M","R","E","M","R","B"],"character_chosen":"HERMIT","items_purchased":["hermit:ShadowCloak"],"campfire_rested":1,"item_purchase_floors":[22],"current_hp_per_floor":[87,84,84,84,84,84,48,48,48,24,25,7,34,35,35,7,72,68,68,68,68,68,68,68,65,65,65,47,47,25,19,19,0,0],"gold":153,"neow_bonus":"TWENTY_PERCENT_HP_BONUS","is_daily":false,"chose_seed":false,"campfire_upgraded":5,"win_rate":0.0,"timestamp":1608214834,"path_taken":["M","?","?","$","?","R","E","R","T","E","M","?","R","M","R","BOSS","M","?","$","?","$","R","?","M","T","?","M","R","E","M","R","BOSS"],"items_purchased_type":["Card"],"build_version":"2020-12-13","purchased_purges":2,"victory":false,"max_hp_per_floor":[89,89,89,89,89,89,90,90,90,91,92,92,92,93,93,94,94,95,95,95,95,95,95,95,96,96,96,97,97,98,99,99,99,99],"card_choices":[{"not_picked":["hermit:HoleUp","hermit:Horror"],"picked":"hermit:Glare","floor":1},{"not_picked":["hermit:Glare","hermit:Determination"],"picked":"hermit:PistolWhip","floor":7},{"not_picked":["hermit:SprayPray","hermit:Quickdraw","hermit:Brawl"],"picked":"SKIP","floor":10},{"not_picked":["hermit:Glare","hermit:CursedWeapon"],"picked":"hermit:BodyArmor","floor":11},{"not_picked":["hermit:WideOpen","hermit:Feint"],"picked":"hermit:Deadeye","floor":14},{"not_picked":["hermit:OverwhelmingPower","hermit:FromBeyond"],"picked":"hermit:Adapt","floor":16},{"not_picked":["hermit:LowProfile","hermit:TakeCover","hermit:SprayPray"],"picked":"SKIP","floor":18},{"not_picked":["hermit:Feint","hermit:CursedWeapon","hermit:Ricochet"],"picked":"SKIP","floor":25},{"not_picked":["hermit:Vantage+1","hermit:Snipe"],"picked":"hermit:Virtue","floor":28},{"not_picked":["hermit:Desperado","hermit:ItchyTrigger+1"],"picked":"hermit:HoleUp+1","floor":30},{"not_picked":["hermit:Vantage+1","hermit:Virtue"],"picked":"hermit:HighCaliber","floor":31}],"player_experience":971095,"relics_obtained":[{"floor":7,"key":"Juzu Bracelet"},{"floor":9,"key":"Blue Candle"},{"floor":10,"key":"Boot"},{"floor":26,"key":"Ginger"},{"floor":30,"key":"Girya"}],"event_choices":[{"damage_healed":0,"gold_gain":0,"player_choice":"Success","damage_taken":3,"relics_obtained":["Bronze Scales"],"max_hp_gain":0,"max_hp_loss":0,"event_name":"Scrap Ooze","floor":2,"gold_loss":0},{"damage_healed":0,"gold_gain":0,"player_choice":"Ignored","damage_taken":0,"max_hp_gain":0,"max_hp_loss":0,"event_name":"Liars Game","floor":3,"gold_loss":0},{"damage_healed":0,"gold_gain":0,"player_choice":"Trade","damage_taken":0,"relics_obtained":["FaceOfCleric"],"max_hp_gain":0,"max_hp_loss":0,"event_name":"FaceTrader","floor":5,"gold_loss":0},{"damage_healed":0,"gold_gain":0,"player_choice":"Entered Light","damage_taken":18,"max_hp_gain":0,"max_hp_loss":0,"event_name":"Shining Light","floor":12,"gold_loss":0,"cards_upgraded":["hermit:Strike_Hermit","hermit:Covet"]},{"damage_healed":0,"gold_gain":0,"cards_transformed":["hermit:Strike_Hermit","hermit:Defend_Hermit"],"player_choice":"Became Test Subject","damage_taken":0,"max_hp_gain":0,"max_hp_loss":0,"event_name":"Drug Dealer","floor":19,"gold_loss":0,"cards_obtained":["hermit:Brawl","hermit:Headshot"]},{"damage_healed":0,"gold_gain":0,"player_choice":"Ignored","damage_taken":0,"max_hp_gain":0,"max_hp_loss":0,"event_name":"The Mausoleum","floor":21,"gold_loss":0},{"damage_healed":0,"gold_gain":0,"player_choice":"Read","damage_taken":0,"max_hp_gain":0,"max_hp_loss":0,"event_name":"The Library","floor":24,"gold_loss":0,"cards_obtained":["hermit:Manifest"]},{"damage_healed":0,"gold_gain":0,"player_choice":"Gave Potion","damage_taken":0,"relics_obtained":["Bag of Marbles"],"max_hp_gain":0,"max_hp_loss":0,"event_name":"WeMeetAgain","floor":27,"gold_loss":0}],"is_beta":false,"boss_relics":[{"not_picked":["SacredBark","Calling Bell"],"picked":"Coffee Dripper"}],"items_purged_floors":[4,20],"is_endless":false,"potions_floor_spawned":[1,10,11,14,18,25],"killed_by":"Collector","ascension_level":5}}