{"host":"sav7uxregyirlf69","time":1608174374,"event":{"mods":["AchievementEnabler","BaseMod","Colored Map","DeckTracker","Keyboard Shortcuts","Minty Spire (QoL Compilation)","READ ME - Guardian Mod","StSLib","SuperFastMode"],"gold_per_floor":[115,126,51,51,66,66,36,51,74,74,74,86,106,136,136,211,211,226,236,286,286,286],"floor_reached":21,"playtime":512,"items_purged":["Strike_G"],"score":362,"play_id":"1f37c4d4-6205-4909-bd87-3e57bc9205ed","local_time":"20201217120614","is_ascension_mode":true,"campfire_choices":[{"data":"Neutralize","floor":6,"key":"SMITH"},{"data":"Blade Dance","floor":11,"key":"SMITH"},{"data":"Malaise","floor":15,"key":"SMITH"}],"circlet_count":0,"master_deck":["AscendersBane","Strike_G","Defend_G","Defend_G","Defend_G","Defend_G","Survivor","Neutralize+1","Blade Dance+1","Reflex","Backstab","Infinite Blades","Acrobatics","Underhanded Strike","Malaise+1","Venomology","Leg Sweep+1","Catalyst+1","Malaise+1","Prepared+1","Heel Hook"],"relics":["Ring of the Snake","NeowsBlessing","PreservedInsect","Ancient Tea Set","Astrolabe"],"acts_visited":["Exordium","TheCity"],"potions_floor_usage":[16,19,21,21],"damage_taken":[{"damage":0,"enemies":"Jaw Worm","floor":1,"turns":1},{"damage":0,"enemies":"Cultist","floor":2,"turns":1},{"damage":0,"enemies":"Small Slimes","floor":5,"turns":1},{"damage":3,"enemies":"Gremlin Gang","floor":8,"turns":6},{"damage":6,"enemies":"Looter","floor":12,"turns":3},{"damage":1,"enemies":"2 Fungi Beasts","floor":13,"turns":4},{"damage":11,"enemies":"Gremlin Nob","floor":14,"turns":3},{"damage":12,"enemies":"The Guardian","floor":16,"turns":11},{"damage":0,"enemies":"3 Byrds","floor":18,"turns":9},{"damage":25,"enemies":"Chosen","floor":19,"turns":9},{"damage":50,"enemies":"3 Cultists","floor":21,"turns":7}],"seed_played":"8742380687929220490","potions_obtained":[{"floor":1,"key":"CunningPotion"},{"floor":2,"key":"Energy Potion"},{"floor":7,"key":"CultistPotion"}],"is_trial":false,"path_per_floor":["M","M","$","?","M","R","?","M","T","?","R","M","M","E","R","B",null,"M","M","?","M"],"character_chosen":"THE_SILENT","items_purchased":[],"campfire_rested":0,"item_purchase_floors":[],"current_hp_per_floor":[59,59,59,59,59,59,59,56,56,56,56,50,49,38,38,26,56,56,46,46,0,0],"gold":286,"neow_bonus":"THREE_ENEMY_KILL","is_daily":false,"chose_seed":false,"campfire_upgraded":3,"win_rate":0.0,"timestamp":1608174374,"path_taken":["M","M","$","?","?","R","?","?","T","?","R","M","M","E","R","BOSS","M","M","?","M"],"items_purchased_type":[],"build_version":"2020-12-13","purchased_purges":1,"victory":false,"max_hp_per_floor":[66,66,66,66,66,66,66,66,66,66,66,66,66,66,66,66,66,66,66,66,66,66],"card_choices":[{"not_picked":["PiercingWail","Slice"],"picked":"Blade Dance","floor":1},{"not_picked":["Choke","Sucker Punch"],"picked":"Reflex","floor":2},{"not_picked":["Poisoned Stab","Quick Slash"],"picked":"Backstab","floor":5},{"not_picked":["Backflip","Deflect"],"picked":"Infinite Blades","floor":8},{"not_picked":["Predator","Deflect"],"picked":"Acrobatics","floor":12},{"not_picked":["Backflip","Sucker Punch","Underhanded Strike"],"picked":"SKIP","floor":13},{"not_picked":["Backflip","Sucker Punch"],"picked":"Underhanded Strike","floor":13},{"not_picked":["Prepared","Outmaneuver"],"picked":"Malaise","floor":14},{"not_picked":["Bullet Time","Unload"],"picked":"Venomology","floor":16},{"not_picked":["Bane","Dagger Throw"],"picked":"Prepared+1","floor":18},{"not_picked":["Poisoned Stab+1","Flechettes"],"picked":"Heel Hook","floor":19}],"player_experience":933611,"relics_obtained":[{"floor":9,"key":"PreservedInsect"},{"floor":14,"key":"Ancient Tea Set"}],"event_choices":[{"cards_removed":["Strike_G"],"damage_healed":0,"gold_gain":0,"player_choice":"Card Removal","damage_taken":0,"max_hp_gain":0,"max_hp_loss":0,"event_name":"Wheel of Change","floor":4,"gold_loss":0},{"damage_healed":0,"gold_gain":0,"player_choice":"Bought 2 Potions","damage_taken":0,"max_hp_gain":0,"max_hp_loss":0,"event_name":"The Woman in Blue","floor":7,"gold_loss":0},{"damage_healed":0,"gold_gain":0,"player_choice":"Leave","damage_taken":0,"max_hp_gain":0,"max_hp_loss":0,"event_name":"The Cleric","floor":10,"gold_loss":0},{"damage_healed":0,"gold_gain":50,"player_choice":"Pray","damage_taken":0,"max_hp_gain":0,"max_hp_loss":0,"event_name":"Golden Shrine","floor":20,"gold_loss":0}],"is_beta":false,"boss_relics":[{"not_picked":["SlaversCollar","Black Star"],"picked":"Astrolabe"}],"items_purged_floors":[3],"is_endless":false,"potions_floor_spawned":[1,2,12,13],"killed_by":"3 Cultists","ascension_level":20}}