{"host":"k2x36244ucab5lxq","time":1608167178,"event":{"mods":["2.2 Compatiblity","AchievementEnabler","Act Like it!","Aspiration","BaseMod","Beaked The Cultist","Better Altar","Better Match","Better Note","Better Sensory Stone","Better Skull","Better Third Choice","BetterRewards","Block Reminder","CatGirl Mod","Clawfect","Clockwork Mod","Colored Map","Conspire","Downfall","Energized Spire","Gensokyo","GungeonMod","Halation","Hermit","Hubris","Infinite Spire","Jedi Mod","JesterMod","Jorbs\u0027s Wanderer Trilogy","Marisa????????","Marked Mod","Mimic Mod","Minty Spire (QoL Compilation)","Pale of the Ancients","Random Character Button","Rare Cards Sparkle","Relic Sorter","Relic Stats","Replay The Spire","SCP261 Mod","Shop Mod","StSLib","The Administrix","The Alterego","The Blackbeard","The Bladedancer","The Construct","The Cursed","The Disciple","The Judge","The Necromancer","The Problem Sleuth","The Sage","The Servant 0.9.4","The Showman","Transform Curses","Unceasing Turn Reminder","egg","everything is the same but u backflip on backflip","slay the spire mod where everything is the same but ironclad has a cowboy hat","thorton"],"gold_per_floor":[99,99,134,134,59,59,59,86,86,115,47,47,67,79,94,193,193,118,118,118],"floor_reached":19,"playtime":804,"items_purged":[],"score":337,"play_id":"df1f4b0f-83a9-49b5-920f-07ca6fbe2d5f","local_time":"20201216200618","is_ascension_mode":true,"campfire_choices":[{"floor":1,"key":"RECALL"},{"data":"champ:VampiricStrike","floor":5,"key":"SMITH"},{"data":"champ:RapidStrikes","floor":9,"key":"SMITH"},{"data":"champ:BerserkerStyle","floor":18,"key":"SMITH"}],"circlet_count":0,"master_deck":["champ:Strike","champ:Strike","champ:Strike","champ:Defend","champ:Defend","champ:Defend","champ:Defend","champ:Execute","champ:Taunt","champ:AdrenalArmor","champ:VampiricStrike+1","champ:Haymaker","champ:RapidStrikes+1","champ:BerserkerStyle+1","champ:BerserkersShout","champ:RageSigil","champ:ArenaPreparation","champ:EndlessRage","champ:HeavySlash"],"relics":["champ:ChampionCrown","downfall:HeartsMalice","hubris:PeanutButter","downfall:HeartBlessingRed","hubris:Towel","infinitespire:ShieldingShard","hubris:BottledRain","hubris:ToyBattleship","Replay:Grab Bag","energizedSpire:EnergizedDie","hubris:RunicObelisk","hubris:ScarierMask","sneckomod:SneckoTalon","downfall:HeartBlessingGreen"],"acts_visited":["Exordium","TheCity"],"potions_floor_usage":[],"damage_taken":[{"damage":0,"enemies":"infinitespire:Voidling","floor":2,"turns":1},{"damage":0,"enemies":"Gremlin Nob","floor":3,"turns":1},{"damage":0,"enemies":"2 Louse","floor":4,"turns":1},{"damage":37,"enemies":"3 Sentries","floor":8,"turns":14},{"damage":14,"enemies":"Gremlin Nob","floor":10,"turns":4},{"damage":9,"enemies":"downfall:FleeingMerchant","floor":11,"turns":4},{"damage":12,"enemies":"Jaw Worm","floor":13,"turns":3},{"damage":13,"enemies":"3 Louse","floor":14,"turns":3},{"damage":27,"enemies":"Lots of Slimes","floor":15,"turns":4},{"damage":67,"enemies":"downfall:Watcher","floor":16,"turns":6},{"damage":148,"enemies":"Nightmare","floor":19,"turns":10}],"seed_played":"860757681045004747","potions_obtained":[{"floor":3,"key":"Milkshake"},{"floor":8,"key":"Venom Potion"},{"floor":16,"key":"DemoMod:LeadSkinPotion"}],"is_trial":false,"path_per_floor":["R","M","E","M","R","?","T","E","R","E","$","?","M","M","M","B",null,"R","NM"],"character_chosen":"THE_CHAMP","items_purchased":["champ:RageSigil"],"campfire_rested":0,"item_purchase_floors":[11],"current_hp_per_floor":[90,90,90,90,90,90,90,77,77,90,90,90,90,90,90,90,90,90,0,0],"gold":118,"neow_bonus":"THREE_ENEMY_KILL","is_daily":false,"chose_seed":false,"campfire_upgraded":3,"win_rate":0.0,"timestamp":1608167178,"path_taken":["R","?","E","M","R","?","T","E","R","E","$","?","M","M","M","BOSS","R","NM"],"items_purchased_type":["Card"],"build_version":"2020-12-13","purchased_purges":0,"victory":false,"max_hp_per_floor":[90,90,90,90,90,90,90,90,90,90,90,90,90,90,90,90,90,90,90,90],"relic_stats":{"counters":[11,48],"obtain_stats":[{"downfall:HeartBlessingRed":5,"Replay:Grab Bag":17,"energizedSpire:EnergizedDie":17,"champ:ChampionCrown":0,"downfall:HeartsMalice":0,"downfall:HeartBlessingGreen":18,"DemoMod:GlassGuonStoneRelic":2,"hubris:Towel":6,"hubris:RunicObelisk":17,"sneckomod:SneckoTalon":17,"infinitespire:ShieldingShard":7,"hubris:ScarierMask":17,"hubris:PeanutButter":3,"hubris:ToyBattleship":10,"hubris:BottledRain":8},{"downfall:HeartBlessingRed":3,"Replay:Grab Bag":10,"energizedSpire:EnergizedDie":10,"champ:ChampionCrown":0,"downfall:HeartsMalice":0,"downfall:HeartBlessingGreen":10,"DemoMod:GlassGuonStoneRelic":1,"hubris:Towel":3,"hubris:RunicObelisk":10,"sneckomod:SneckoTalon":10,"infinitespire:ShieldingShard":3,"hubris:ScarierMask":10,"hubris:PeanutButter":2,"hubris:ToyBattleship":5,"hubris:BottledRain":4},{"downfall:HeartBlessingRed":0,"Replay:Grab Bag":38,"energizedSpire:EnergizedDie":38,"champ:ChampionCrown":0,"downfall:HeartsMalice":0,"downfall:HeartBlessingGreen":38,"DemoMod:GlassGuonStoneRelic":0,"hubris:Towel":0,"hubris:RunicObelisk":38,"sneckomod:SneckoTalon":38,"infinitespire:ShieldingShard":0,"hubris:ScarierMask":38,"hubris:PeanutButter":0,"hubris:ToyBattleship":18,"hubris:BottledRain":14}]},"card_choices":[{"not_picked":["champ:Backstep","champ:ViciousMockery"],"picked":"champ:AdrenalArmor","floor":2},{"not_picked":["champ:RageSigil","champ:GladiatorStyle"],"picked":"champ:VampiricStrike","floor":3},{"not_picked":["champ:BringItOn","champ:Backstep"],"picked":"champ:Haymaker","floor":4},{"not_picked":["champ:GladiatorsShout","champ:SwordSigil"],"picked":"champ:RapidStrikes","floor":8},{"not_picked":["champ:GladiatorsShout","champ:FaceSlap"],"picked":"champ:BerserkerStyle","floor":10},{"not_picked":["champ:Haymaker","champ:Balance"],"picked":"champ:BerserkersShout","floor":11},{"not_picked":["champ:Haymaker","champ:FocusedDefense"],"picked":"champ:ArenaPreparation","floor":13},{"not_picked":["champ:FaceSlap","champ:RageSigil","champ:Balance"],"picked":"SKIP","floor":14},{"not_picked":["champ:BerserkerStyle","champ:BringItOn"],"picked":"champ:EndlessRage","floor":15},{"not_picked":["champ:LastStand","champ:StrikeOfGenius"],"picked":"champ:HeavySlash","floor":16}],"player_experience":537564,"relics_obtained":[{"floor":3,"key":"hubris:PeanutButter"},{"floor":7,"key":"infinitespire:ShieldingShard"},{"floor":8,"key":"hubris:BottledRain"},{"floor":10,"key":"hubris:ToyBattleship"}],"event_choices":[],"is_beta":false,"boss_relics":[{"not_picked":["halation:HeavySnake","Runic Pyramid"],"picked":"Replay:Grab Bag"},{"not_picked":["Ectoplasm","Sozu"],"picked":"energizedSpire:EnergizedDie"},{"not_picked":["infinitespire:Cupcake","energizedSpire:CursedPentagram"],"picked":"hubris:RunicObelisk"},{"not_picked":["conspire:RunicOctahedron","Astrolabe"],"picked":"hubris:ScarierMask"},{"not_picked":["Replay:Drink Me","aspiration:IroncladSkillbook"],"picked":"sneckomod:SneckoTalon"}],"items_purged_floors":[],"is_endless":false,"potions_floor_spawned":[3,8,16],"killed_by":"Nightmare","ascension_level":2}}