{"host":"0v07cr0k93jhgkpm","time":1608233873,"event":{"mods":["BaseMod","Colored Map","DeckTracker","Minty Spire (QoL Compilation)","Quick Restart","SuperFastMode"],"gold_per_floor":[118,118,130,150,150,150,185,185,185,212,212,231,231,246,246,246,246],"floor_reached":16,"playtime":535,"items_purged":[],"score":220,"play_id":"6ab2269c-3292-4b62-a315-70f6ef887675","local_time":"20201218043753","is_ascension_mode":true,"campfire_choices":[{"data":"Adaptation","floor":6,"key":"SMITH"},{"floor":8,"key":"REST"},{"floor":11,"key":"REST"},{"floor":15,"key":"REST"}],"circlet_count":0,"master_deck":["AscendersBane","Strike_P","Strike_P+1","Strike_P","Strike_P","Defend_P","Defend_P","Defend_P+1","Defend_P","Eruption+1","Vigilance","Indignation","Adaptation+1","Omniscience+1","InnerPeace","Halt","EmptyMind","MentalFortress"],"relics":["PureWater","Meat on the Bone","Darkstone Periapt","Potion Belt"],"acts_visited":["Exordium"],"potions_floor_usage":[7,7,10,16],"damage_taken":[{"damage":14,"enemies":"Jaw Worm","floor":1,"turns":2},{"damage":0,"enemies":"Cultist","floor":3,"turns":2},{"damage":4,"enemies":"Small Slimes","floor":4,"turns":3},{"damage":15,"enemies":"Lagavulin","floor":7,"turns":5},{"damage":22,"enemies":"Gremlin Nob","floor":10,"turns":3},{"damage":25,"enemies":"3 Louse","floor":12,"turns":5},{"damage":23,"enemies":"Lots of Slimes","floor":14,"turns":4},{"damage":36,"enemies":"Slime Boss","floor":16,"turns":6}],"seed_played":"-2855733990371137612","potions_obtained":[{"floor":1,"key":"SteroidPotion"},{"floor":3,"key":"Energy Potion"},{"floor":7,"key":"SteroidPotion"},{"floor":14,"key":"SkillPotion"}],"is_trial":false,"path_per_floor":["M","?","M","M","?","R","E","R","T","E","R","M","?","M","R","B"],"character_chosen":"WATCHER","items_purchased":[],"campfire_rested":3,"item_purchase_floors":[],"current_hp_per_floor":[47,27,27,23,23,23,8,28,28,18,38,25,25,14,34,0,0],"gold":246,"neow_bonus":"UPGRADE_CARD","is_daily":false,"chose_seed":false,"campfire_upgraded":1,"win_rate":0.0,"timestamp":1608233873,"path_taken":["M","?","M","M","?","R","E","R","T","E","R","?","?","M","R","BOSS"],"items_purchased_type":[],"build_version":"2020-12-13","purchased_purges":0,"victory":false,"max_hp_per_floor":[68,68,68,68,68,68,68,68,68,68,68,68,68,68,68,68,68],"card_choices":[{"not_picked":["WindmillStrike","ClearTheMind"],"picked":"Meditate","floor":1},{"not_picked":["WheelKick","Halt"],"picked":"Indignation","floor":3},{"not_picked":["CutThroughFate","FollowUp"],"picked":"Adaptation","floor":4},{"not_picked":["ForeignInfluence","EmptyFist"],"picked":"InnerPeace","floor":7},{"not_picked":["ConjureBlade","WindmillStrike"],"picked":"Halt","floor":10},{"not_picked":["Sanctity","Prostrate"],"picked":"EmptyMind","floor":12},{"not_picked":["Halt","Indignation"],"picked":"MentalFortress","floor":14}],"player_experience":2468421,"relics_obtained":[{"floor":7,"key":"Meat on the Bone"},{"floor":9,"key":"Darkstone Periapt"},{"floor":10,"key":"Potion Belt"}],"event_choices":[{"damage_healed":0,"gold_gain":0,"player_choice":"Entered Light","damage_taken":20,"max_hp_gain":0,"max_hp_loss":0,"event_name":"Shining Light","floor":2,"gold_loss":0,"cards_upgraded":["Defend_P","Strike_P"]},{"damage_healed":0,"gold_gain":0,"cards_transformed":["Meditate"],"player_choice":"Transformed","damage_taken":0,"max_hp_gain":0,"max_hp_loss":0,"event_name":"Transmorgrifier","floor":5,"gold_loss":0,"cards_obtained":["Omniscience"]},{"damage_healed":0,"gold_gain":0,"player_choice":"Forge","damage_taken":0,"max_hp_gain":0,"max_hp_loss":0,"event_name":"Accursed Blacksmith","floor":13,"gold_loss":0,"cards_upgraded":["Omniscience"]}],"is_beta":false,"boss_relics":[],"items_purged_floors":[],"is_endless":false,"potions_floor_spawned":[1,3,7,14],"killed_by":"Slime Boss","ascension_level":20}}