{"host":"ml80p9p157c7xd90","time":1608176946,"event":{"mods":["2.2 Compatiblity","Act Like it!","Ascension Unlocker","Aspiration","BaseMod","Better Altar","Better Match","Better Note","Better Sensory Stone","Better Skull","Better Third Choice","CapriCore","Colored Map","Conspire","Downfall","Friendly Minions","Gensokyo","Halation","Hubris","Infinite Spire","Minty Spire (QoL Compilation)","Pale of the Ancients","Replay The Spire","Shade Mod","StSLib","The Mystic","Wandering Minibosses"],"gold_per_floor":[99,99,130,130,130,130,180,180,211,211,211,72,72,88,101,175,175,175,291,54,54,54,84,84,120,45,85,85,99,299,315,326,399,399,324,137,137,151,151,176,226,246,69,95,112,136,136,136,153,153],"floor_reached":51,"playtime":2890,"items_purged":["Injury","hexamod:Strike","hexamod:Strike","hexamod:Defend","hexamod:Defend","hexamod:Strike+1","hexamod:Defend+1","hexamod:Defend+1","hexamod:Sear+1"],"score":1884,"play_id":"a6d26f93-1180-4885-99d3-2337107a93dc","local_time":"20201216204906","is_ascension_mode":true,"campfire_choices":[{"data":"hexamod:Sear","floor":1,"key":"SMITH"},{"data":"infinitespire:Execution","floor":5,"key":"SMITH"},{"data":"hexamod:Float","floor":10,"key":"SMITH"},{"data":"hexamod:SuperheatedStrike","floor":18,"key":"SMITH"},{"floor":21,"key":"RECALL"},{"floor":26,"key":"REST"},{"floor":35,"key":"REST"}],"circlet_count":0,"master_deck":["AscendersBane","hexamod:Float+1","infinitespire:Execution+1","hexamod:Rewind+1","conspire:Banana+1","hexamod:GhostOfSpirePast+1","hexamod:SuperheatedStrike+1","hexamod:BacktrackSmack+1","Replay:SS_hec_2+1","hexamod:InspiringFlames+1","hexamod:Hexaguard+1","hexamod:GhostOfSpirePast+1","expansioncontent:DashGenerateEvil+1","ReplayTheSpireMod:Book of Names+1","hexamod:ShieldOfDarkness+1","hexamod:BacktrackSmack+1","hexamod:FirstSeal","hubris:NaturalOne","hexamod:SuperheatedStrike+1","hexamod:RetreatToShadows+1","hexamod:UnlimitedPower+1","hexamod:Hexaguard+1","expansioncontent:StudyTheSpire+1","expansioncontent:StudyTheSpire+1","hexamod:GhostflameBarrier+1","hexamod:ThirdSeal","hexamod:ThirdSeal","hexamod:Hexaguard+1","infinitespire:UltimateForm+1"],"relics":["hexamod:SpiritBrand","downfall:HeartsMalice","aspiration:SeaSaltIceCream","Toxic Egg 2","Frozen Egg 2","Blue Doll","aspiration:StickyExplosives_weak","Vajra","hubris:Icosahedron","conspire:SeveredTorchhead","hubris:MysteriousPyramids","Replay:Baseball","Dream Catcher","downfall:HeartBlessingGreen","hexamod:TheBrokenSeal","Garlic","hubris:ScarierMask","downfall:HeartBlessingRed","Mummified Hand","hubris:ToyBattleship","halation:SelfBoilingWater","hexamod:TheBrokenSeal"],"acts_visited":["Exordium","TheCity","TheBeyond"],"potions_floor_usage":[16,16],"damage_taken":[{"damage":0,"enemies":"Replay:BlueRogue","floor":3,"turns":1},{"damage":0,"enemies":"Gremlin Nob","floor":9,"turns":1},{"damage":0,"enemies":"Cultist","floor":11,"turns":1},{"damage":0,"enemies":"downfall:FleeingMerchant","floor":12,"turns":4},{"damage":8,"enemies":"2 Louse","floor":14,"turns":3},{"damage":0,"enemies":"Small Slimes","floor":15,"turns":2},{"damage":50,"enemies":"downfall:Silent","floor":16,"turns":7},{"damage":11,"enemies":"Chosen","floor":19,"turns":7},{"damage":15,"enemies":"downfall:FleeingMerchant","floor":20,"turns":4},{"damage":13,"enemies":"conspire:Head Lice","floor":23,"turns":7},{"damage":0,"enemies":"conspire:SneckoGhost","floor":25,"turns":5},{"damage":18,"enemies":"Slavers","floor":27,"turns":4},{"damage":0,"enemies":"3 Byrds","floor":29,"turns":4},{"damage":0,"enemies":"Snake Plant","floor":31,"turns":5},{"damage":2,"enemies":"conspire:HollyBat","floor":32,"turns":5},{"damage":15,"enemies":"downfall:Ironclad","floor":33,"turns":6},{"damage":0,"enemies":"downfall:FleeingMerchant","floor":36,"turns":4},{"damage":1,"enemies":"Orb Walker","floor":38,"turns":2},{"damage":3,"enemies":"Nemesis","floor":40,"turns":7},{"damage":0,"enemies":"3 Darklings","floor":42,"turns":3},{"damage":2,"enemies":"Reptomancer","floor":44,"turns":3},{"damage":26,"enemies":"Maw","floor":45,"turns":7},{"damage":40,"enemies":"Spire Growth","floor":46,"turns":5},{"damage":8,"enemies":"4 Shapes","floor":49,"turns":2},{"damage":0,"enemies":"downfall:Watcher","floor":50,"turns":6}],"seed_played":"-5046577831839881640","potions_obtained":[{"floor":3,"key":"hexamod:DoubleChargePotion"},{"floor":14,"key":"PowerPotion"},{"floor":16,"key":"Reflective Coating"},{"floor":25,"key":"Energy Potion"},{"floor":29,"key":"CultistPotion"},{"floor":31,"key":"FairyPotion"}],"is_trial":false,"path_per_floor":["R","?","E","?","R","?","T","T","E","R","M","$","?","M","M","B",null,"R","M","$","R","AVR","E","T","E","R","E","?","M","?","M","M","B",null,"R","$","?","M","?","E","T","M","$","E","M","M","$","AVR","M","B",null],"character_chosen":"THE_SPIRIT","items_purchased":["hexamod:FirstSeal","Replay:SS_hec_2+1","expansioncontent:DashGenerateEvil+1","expansioncontent:StudyTheSpire+1","Mummified Hand","hexamod:FifthSeal"],"campfire_rested":2,"item_purchase_floors":[12,12,20,36,36,43],"current_hp_per_floor":[57,42,42,42,42,42,42,42,42,42,42,44,44,45,52,11,55,55,53,47,47,47,55,55,64,77,89,77,86,86,93,95,96,97,97,99,99,100,100,103,103,103,103,105,95,119,74,74,66,75],"gold":153,"neow_bonus":"THREE_ENEMY_KILL","is_daily":false,"chose_seed":false,"campfire_upgraded":4,"win_rate":0.0,"timestamp":1608176946,"path_taken":["R","?","E","?","R","?","T","?","E","R","M","$","?","?","M","BOSS","R","M","$","R","AVR","E","T","E","R","E","?","M","?","M","M","BOSS","R","$","?","M","?","E","T","M","?","E","M","M","?","AVR","M","BOSS"],"items_purchased_type":["Card","Card","Card","Card","Relic","Card"],"build_version":"2020-12-13","purchased_purges":9,"victory":true,"max_hp_per_floor":[63,63,63,63,63,63,63,63,63,63,63,65,65,67,67,69,69,69,71,73,73,73,75,75,77,77,89,89,91,91,93,95,97,97,97,99,99,101,101,103,103,103,103,105,107,119,119,119,119,121],"card_choices":[{"not_picked":["infinitespire:Fortify","infinitespire:Starlight"],"picked":"infinitespire:Execution","floor":2},{"not_picked":["hexamod:WildfireWeapon","hexamod:GhostLash"],"picked":"hexamod:Rewind+1","floor":3},{"not_picked":["Purity+1","expansioncontent:DecasProtection+1"],"picked":"conspire:Banana+1","floor":4},{"not_picked":["hexamod:Haunt+1","hexamod:TimeOfNeed+1"],"picked":"hexamod:GhostOfSpirePast+1","floor":9},{"not_picked":["hexamod:GhostLash","hexamod:SwordOfDarkness"],"picked":"hexamod:SuperheatedStrike","floor":11},{"not_picked":["hexamod:AdvancingGuard+1","hexamod:GhostShield+1"],"picked":"hexamod:BacktrackSmack","floor":12},{"not_picked":["hexamod:SpectersWail","hexamod:ExtraCrispy+1","hexamod:GhostLash"],"picked":"SKIP","floor":14},{"not_picked":["hexamod:HeatMetal","hexamod:ChargedBarrage+1"],"picked":"hexamod:InspiringFlames+1","floor":15},{"not_picked":["hexamod:WildfireWeapon+1","hexamod:ApocalypseNow+1"],"picked":"hexamod:FifthSeal","floor":16},{"not_picked":["hexamod:ThirdSeal","hexamod:SecondSeal"],"picked":"hexamod:SixthSeal","floor":19},{"not_picked":["hexamod:ShieldOfDarkness+1","hexamod:SpectralSpark+1"],"picked":"hexamod:Hexaguard+1","floor":19},{"not_picked":["hexamod:SixthSeal","hexamod:FirstSeal"],"picked":"hexamod:ThirdSeal","floor":20},{"not_picked":["hexamod:Toasty","hexamod:SearingWound+1"],"picked":"hexamod:GhostOfSpirePast+1","floor":20},{"not_picked":["hexamod:FirstSeal","hexamod:ThirdSeal"],"picked":"hexamod:SecondSeal","floor":23},{"not_picked":["hexamod:HauntingEcho","hexamod:NightmareGuise+1"],"picked":"hexamod:FourthSeal","floor":23},{"not_picked":["hexamod:InspiringFlames+1","hexamod:SwordOfDarkness","hexamod:RainOfEmbers"],"picked":"SKIP","floor":23},{"not_picked":["hexamod:FourthSeal","hexamod:SecondSeal"],"picked":"hexamod:FirstSeal","floor":25},{"not_picked":["hexamod:NightmareGuise+1","hexamod:ExtraCrispy+1"],"picked":"hexamod:ShieldOfDarkness+1","floor":25},{"not_picked":["hexamod:SwordOfDarkness","hexamod:Again+1"],"picked":"hexamod:BacktrackSmack+1","floor":25},{"not_picked":["hexamod:FourthSeal","hexamod:SixthSeal"],"picked":"hexamod:FirstSeal","floor":27},{"not_picked":["hexamod:SwordOfDarkness","hexamod:NightmareGuise+1"],"picked":"hexamod:FourthSeal","floor":27},{"not_picked":["hexamod:SpectralSpark+1","hexamod:HauntingEcho","hexamod:RainOfEmbers"],"picked":"SKIP","floor":29},{"not_picked":["hexamod:GhostLash","hexamod:Firestarter"],"picked":"hexamod:SuperheatedStrike+1","floor":31},{"not_picked":["hexamod:FastForward+1","hexamod:GhostLash"],"picked":"hexamod:RetreatToShadows+1","floor":32},{"not_picked":["hexamod:TimeOfNeed+1","hexamod:ParanormalForm+1"],"picked":"hexamod:UnlimitedPower+1","floor":33},{"not_picked":["hexamod:GhostLash+1","hexamod:SwordOfDarkness"],"picked":"hexamod:BacktrackSmack","floor":35},{"not_picked":["hexamod:Firestarter","hexamod:BurningTouch+1"],"picked":"hexamod:Hexaguard+1","floor":36},{"not_picked":["hexamod:RainOfEmbers","hexamod:HeatMetal+1"],"picked":"hexamod:GhostflameBarrier+1","floor":38},{"not_picked":["hexamod:ChargedBarrage+1","hexamod:GhostOfSpirePresent+1","hexamod:BacktrackSmack"],"picked":"SKIP","floor":40},{"not_picked":["hexamod:Firestarter","hexamod:SwordOfDarkness","hexamod:CrushingStance"],"picked":"SKIP","floor":40},{"not_picked":["hexamod:SpectersWail","hexamod:GhostOfSpireFuture+1","hexamod:HauntingEcho"],"picked":"SKIP","floor":42},{"not_picked":["hexamod:BacktrackSmack","hexamod:BurningTouch+1","hexamod:FastForward+1"],"picked":"SKIP","floor":42},{"not_picked":["hexamod:FourthSeal","hexamod:FirstSeal"],"picked":"hexamod:ThirdSeal","floor":44},{"not_picked":["hexamod:NightmareGuise+1","hexamod:ThermalTransfer"],"picked":"hexamod:SixthSeal","floor":44},{"not_picked":["hexamod:GhostShield+1","hexamod:BacktrackSmack+1"],"picked":"hexamod:SecondSeal","floor":45},{"not_picked":["hexamod:SecondSeal","hexamod:FirstSeal"],"picked":"hexamod:ThirdSeal","floor":45},{"not_picked":["hexamod:SuperheatedStrike","hexamod:SkipABeat+1"],"picked":"hexamod:Hexaguard+1","floor":45},{"not_picked":["hexamod:AdvancingGuard+1","hexamod:PhantomFireball","hexamod:GhostflameBarrier+1"],"picked":"SKIP","floor":45},{"not_picked":["hexamod:GhostShield+1","hexamod:HauntingEcho","hexamod:NightmareStrike"],"picked":"SKIP","floor":46},{"not_picked":["hexamod:NightmareGuise+1","hexamod:RainOfEmbers","hexamod:BurningTouch+1"],"picked":"SKIP","floor":46},{"not_picked":["hexamod:GhostShield+1","hexamod:HauntingEcho","hexamod:NightmareStrike"],"picked":"SKIP","floor":46},{"not_picked":["hexamod:NightmareGuise+1","hexamod:RainOfEmbers","hexamod:BurningTouch+1"],"picked":"SKIP","floor":46},{"not_picked":["hexamod:GhostShield+1","hexamod:SuperheatedStrike","hexamod:NecessarySacrifice+1"],"picked":"SKIP","floor":49}],"player_experience":491694,"relics_obtained":[{"floor":3,"key":"aspiration:SeaSaltIceCream"},{"floor":7,"key":"Blue Doll"},{"floor":8,"key":"aspiration:StickyExplosives_weak"},{"floor":9,"key":"Vajra"},{"floor":23,"key":"hubris:MysteriousPyramids"},{"floor":24,"key":"Replay:Baseball"},{"floor":25,"key":"Dream Catcher"},{"floor":27,"key":"Garlic"},{"floor":40,"key":"hubris:ToyBattleship"},{"floor":44,"key":"halation:SelfBoilingWater"}],"event_choices":[{"damage_healed":0,"gold_gain":1,"player_choice":"1","damage_taken":0,"max_hp_gain":0,"max_hp_loss":0,"event_name":"betterStone:BetterStone","floor":4,"gold_loss":0},{"damage_healed":0,"gold_gain":200,"player_choice":"Gold","damage_taken":0,"max_hp_gain":0,"max_hp_loss":0,"event_name":"Wheel of Change","floor":30,"gold_loss":0}],"is_beta":false,"boss_relics":[{"not_picked":["Empty Cage","aspiration:RunicSpoon"],"picked":"conspire:SeveredTorchhead"},{"not_picked":["conspire:SpecialSausage","Cursed Key"],"picked":"hubris:ScarierMask"}],"items_purged_floors":[20,22,36,47,47,47,47,47,48],"is_endless":false,"potions_floor_spawned":[3,14,16,27,29,31,33,42,46],"ascension_level":20}}