{"host":"a5523bqxi3k68xf3","time":1608228706,"event":{"mods":["BaseMod","BetterRewards","Hermit","Koishi","Marisa????????","Minty Spire (QoL Compilation)","Quick Restart","Random Character Button","Relic Stats","Shop Mod","StSLib","The Animator","The Cursed","The Necromancer","The Servant 0.9.4"],"gold_per_floor":[115,134,134,13,30,65,65,92,172,202,218,238,258,275,275,349,349,367,230,230,250,250,281,300,333,382,382,417,432,482,769,781,876,888,911,744,764,506,559,593,593,623,647,647,647,659,693,709,709,709,709,709,709,291,334,334],"floor_reached":57,"playtime":1897,"items_purged":["TheCursedMod:ManaBullet"],"score":4140,"play_id":"1819a3c5-52dc-47b9-89ce-65dda5c9e28e","local_time":"20201217191146","is_ascension_mode":true,"campfire_choices":[{"data":"TheCursedMod:ManaBullet","floor":7,"key":"SMITH"},{"data":"TheCursedMod:CursedMace","floor":15,"key":"SMITH"},{"floor":27,"key":"RECALL"},{"data":"TheCursedMod:ReleasedStrength","floor":32,"key":"SMITH"},{"data":"TheCursedMod:HellfireBreathing","floor":41,"key":"SMITH"},{"data":"TheCursedMod:Wield","floor":49,"key":"SMITH"},{"data":"TheCursedMod:CircleOfWindfury","floor":53,"key":"SMITH"}],"circlet_count":0,"master_deck":["TheCursedMod:CursedWand+1","TheCursedMod:CleanUpWorkshop","TheCursedMod:CursedShiv","TheCursedMod:Wield+1","TheCursedMod:ManaBullet+1","TheCursedMod:CircleOfFlame","TheCursedMod:CircleOfWindfury+1","TheCursedMod:CircleOfCorruption","TheCursedMod:CircleOfAbyss","TheCursedMod:HellfireBreathing+1","TheCursedMod:EmpowerCircles+1","TheCursedMod:CursedMace+1","TheCursedMod:Wield+1","TheCursedMod:ReleasedStrength+1","TheCursedMod:ManaBullet+1","TheCursedMod:SoulReap+1","TheCursedMod:NeowsMight+1","TheCursedMod:CursedShiv+1","TheCursedMod:StunningStrike+1","TheCursedMod:CursedRelics+1","TheCursedMod:ReleasedStrength+1","TheCursedMod:LuckyCharm+1","TheCursedMod:CursedRelics+1"],"relics":["TheCursedMod:MagicCandle","Lee\u0027s Waffle","Tiny Chest","TheCursedMod:DemonicMark","Frozen Egg 2","Anchor","Membership Card","Pen Nib","Gremlin Horn","Turnip","Bag of Marbles","HandDrill","StoneCalendar","ClockworkSouvenir","TheAbacus","Molten Egg 2","Toxic Egg 2","Dead Branch","Boot","Blue Candle","Pantograph","Darkstone Periapt","Black Star","HornCleat","MutagenicStrength","Pocketwatch","Omamori","Regal Pillow","Juzu Bracelet","Potion Belt","CeramicFish","Du-Vu Doll","MawBank","Runic Dome","Whetstone","Oddly Smooth Stone","TheCursedMod:SoulVessel","PreservedInsect","Gambling Chip","Smiling Mask","White Beast Statue","Bird Faced Urn","Kunai","StrikeDummy","Bag of Preparation","Pear","Shuriken","Eternal Feather","Toolbox","Bronze Scales","CaptainsWheel"],"acts_visited":["TheCity","TheBeyond","TheEnding"],"potions_floor_usage":[24,56,56,56,56],"damage_taken":[{"damage":0,"enemies":"Jaw Worm","floor":1,"turns":2},{"damage":0,"enemies":"2 Louse","floor":2,"turns":2},{"damage":0,"enemies":"Cultist","floor":5,"turns":2},{"damage":20,"enemies":"3 Sentries","floor":6,"turns":3},{"damage":0,"enemies":"Gremlin Nob","floor":8,"turns":2},{"damage":0,"enemies":"Lagavulin","floor":10,"turns":2},{"damage":1,"enemies":"Lots of Slimes","floor":11,"turns":2},{"damage":0,"enemies":"3 Louse","floor":12,"turns":1},{"damage":0,"enemies":"Exordium Thugs","floor":13,"turns":1},{"damage":0,"enemies":"2 Fungi Beasts","floor":14,"turns":1},{"damage":0,"enemies":"The Guardian","floor":16,"turns":2},{"damage":0,"enemies":"Chosen","floor":18,"turns":1},{"damage":0,"enemies":"Shell Parasite","floor":21,"turns":1},{"damage":0,"enemies":"Book of Stabbing","floor":23,"turns":1},{"damage":0,"enemies":"Snake Plant","floor":24,"turns":1},{"damage":0,"enemies":"Slavers","floor":25,"turns":1},{"damage":0,"enemies":"Book of Stabbing","floor":28,"turns":2},{"damage":0,"enemies":"Chosen and Byrds","floor":29,"turns":2},{"damage":0,"enemies":"Automaton","floor":33,"turns":4},{"damage":10,"enemies":"3 Shapes","floor":35,"turns":2},{"damage":0,"enemies":"3 Darklings","floor":37,"turns":3},{"damage":0,"enemies":"2 Orb Walkers","floor":39,"turns":1},{"damage":0,"enemies":"Reptomancer","floor":40,"turns":2},{"damage":1,"enemies":"Giant Head","floor":42,"turns":3},{"damage":1,"enemies":"Spire Growth","floor":46,"turns":3},{"damage":7,"enemies":"Nemesis","floor":47,"turns":3},{"damage":0,"enemies":"Maw","floor":48,"turns":1},{"damage":11,"enemies":"Donu and Deca","floor":50,"turns":4},{"damage":15,"enemies":"Awakened One","floor":51,"turns":4},{"damage":0,"enemies":"Shield and Spear","floor":55,"turns":2},{"damage":71,"enemies":"The Heart","floor":56,"turns":5}],"seed_played":"1353832160914453338","potions_obtained":[{"floor":5,"key":"Explosive Potion"},{"floor":6,"key":"Weak Potion"},{"floor":23,"key":"Fruit Juice"},{"floor":37,"key":"SteroidPotion"},{"floor":40,"key":"FearPotion"},{"floor":42,"key":"EntropicBrew"},{"floor":47,"key":"PowerPotion"},{"floor":48,"key":"Fire Potion"},{"floor":55,"key":"LiquidMemories"}],"is_trial":false,"path_per_floor":["M","M","?","$","M","E","R","E","T","E","M","M","M","M","R","B",null,"M","$","?","M","T","E","M","E","T","R","E","M","T","?","R","B",null,"M","$","M","$","?","E","R","E","T","?","T","M","E","M","R","B","B",null,"R","$","E","B",null],"character_chosen":"THE_CURSED","items_purchased":["Lee\u0027s Waffle","Tiny Chest","TheCursedMod:DemonicMark","TheCursedMod:HellfireBreathing","Frozen Egg 2","Anchor","TheCursedMod:EmpowerCircles+1","TheCursedMod:CursedMace","Membership Card","Pen Nib","Gremlin Horn","Turnip","TheCursedMod:Wield","Bag of Marbles","HandDrill","StoneCalendar","ClockworkSouvenir","TheCursedMod:ManaBullet","TheCursedMod:ReleasedStrength","TheAbacus","Molten Egg 2","Toxic Egg 2","TheCursedMod:ManaBullet+1","TheCursedMod:SoulReap+1","HornCleat","TheCursedMod:ReleasedStrength+1","Whetstone","Oddly Smooth Stone","TheCursedMod:SoulVessel","PreservedInsect","Shuriken","Eternal Feather","Toolbox","TheCursedMod:LuckyCharm+1","Block Potion"],"campfire_rested":0,"item_purchase_floors":[0,0,0,0,0,0,0,0,0,0,0,0,0,0,0,0,0,0,0,0,0,0,4,4,19,36,36,36,38,38,54,54,54,54,54],"current_hp_per_floor":[78,78,60,60,60,40,40,51,51,51,56,66,66,76,76,78,78,78,78,78,78,78,78,83,83,83,83,83,83,83,83,83,83,83,73,73,83,83,83,83,83,83,83,83,83,83,93,93,93,93,88,92,92,92,93,56],"gold":334,"neow_bonus":"","is_daily":false,"chose_seed":false,"campfire_upgraded":6,"win_rate":0.0,"timestamp":1608228706,"path_taken":["M","M","?","$","M","E","R","E","T","E","M","M","M","M","R","BOSS","M","$","?","M","?","E","M","E","T","R","E","M","?","?","R","BOSS","M","$","M","$","?","E","R","E","T","?","?","M","E","M","R","BOSS","BOSS","R","$","E","BOSS"],"items_purchased_type":["Relic","Relic","Relic","Card","Relic","Relic","Card","Card","Relic","Relic","Relic","Relic","Card","Relic","Relic","Relic","Relic","Card","Card","Relic","Relic","Relic","Card","Card","Relic","Card","Relic","Relic","Relic","Relic","Relic","Relic","Relic","Card","Potion"],"build_version":"2020-12-13","purchased_purges":1,"victory":true,"max_hp_per_floor":[78,78,78,78,78,78,78,78,78,78,78,78,78,78,78,78,78,78,78,78,78,78,78,83,83,83,83,83,83,83,83,83,83,83,83,83,83,83,83,83,83,83,83,83,83,83,93,93,93,93,93,93,93,93,93,93],"relic_stats":{"Darkstone Periapt":0,"Regal Pillow":0,"Gremlin Horn":[21,27],"CeramicFish":36,"StoneCalendar":[208],"Juzu Bracelet":5,"Bag of Preparation":[75],"Whetstone":["TheCursedMod:CursedBlade","TheCursedMod:SoulReap","TheCursedMod:Wield","TheCursedMod:CursedWand"],"Boot":[35],"Smiling Mask":0,"TheAbacus":[72],"Pantograph":81,"Gambling Chip":[2],"Tiny Chest":2,"HandDrill":[28],"Kunai":[80],"Lee\u0027s Waffle":56,"counters":[112,345],"Dead Branch":[161],"Blue Candle":[25],"Eternal Feather":33,"Pen Nib":[47],"PreservedInsect":317,"MawBank":72,"Shuriken":[6],"Bird Faced Urn":[13],"Bronze Scales":[48],"Turnip":[2],"Black Star":7,"obtain_stats":[{"animator:WizardHat":40,"Calipers":39,"Gremlin Horn":0,"TheCursedMod:Tack":43,"CeramicFish":28,"Vajra":20,"Whetstone":37,"Bottled Tornado":46,"Boot":6,"Blood Vial":0,"Lizard Tail":0,"Centennial Puzzle":54,"HornCleat":12,"Sundial":55,"Strawberry":43,"Prayer Wheel":8,"HandDrill":0,"Kunai":26,"Toxic Egg 2":0,"Pear":47,"Happy Flower":0,"Astrolabe":34,"Blue Candle":30,"Dead Branch":3,"Oddly Smooth Stone":36,"Eternal Feather":54,"Pen Nib":10,"Paper Crane":10,"Akabeko":31,"Du-Vu Doll":28,"Runic Dome":17,"Bottled Flame":14,"Shuriken":54,"Bronze Scales":41,"MutagenicStrength":20,"Bird Faced Urn":42,"Molten Egg 2":14,"Black Star":34,"animator:HeavyHalberd":39,"StrikeDummy":26,"hermit:Momento":0,"Unceasing Top":29,"Meat on the Bone":29,"Pocketwatch":23,"TheCursedMod:SoulVessel":38,"Darkstone Periapt":25,"TheCursedMod:BloodyHarpoon":27,"Lantern":39,"Regal Pillow":0,"TheCursedMod:FourLeafCloverCharm":17,"Singing Bowl":29,"Torii":0,"StoneCalendar":0,"Juzu Bracelet":6,"CloakClasp":43,"Bag of Preparation":0,"TheCursedMod:DemonicMark":0,"Smiling Mask":40,"ClockworkSouvenir":39,"Nunchaku":24,"Matryoshka":26,"TheAbacus":0,"Mummified Hand":9,"Pantograph":13,"Gambling Chip":39,"Toolbox":54,"Tiny Chest":23,"WingedGreaves":9,"InkBottle":0,"Paper Frog":42,"Potion Belt":43,"Lee\u0027s Waffle":0,"Golden Idol":5,"PreservedInsect":38,"Omamori":23,"Orichalcum":36,"Frozen Egg 2":40,"TheCursedMod:MagicCandle":0,"MawBank":30,"White Beast Statue":43,"Peace Pipe":23,"Anchor":40,"CaptainsWheel":55,"Busted Crown":34,"Ornamental Fan":14,"Turnip":0,"Bag of Marbles":41,"Art of War":44,"Membership Card":5,"Toy Ornithopter":9,"FossilizedHelix":6},{"animator:WizardHat":44,"Calipers":71,"Gremlin Horn":81,"TheCursedMod:Tack":73,"CeramicFish":98,"Vajra":35,"Whetstone":69,"Bottled Tornado":76,"Boot":85,"Blood Vial":25,"Lizard Tail":46,"Centennial Puzzle":79,"HornCleat":8,"Sundial":80,"Strawberry":44,"Prayer Wheel":51,"HandDrill":81,"Kunai":14,"Toxic Egg 2":81,"Pear":107,"Happy Flower":0,"Astrolabe":41,"Blue Candle":65,"Dead Branch":83,"Oddly Smooth Stone":101,"Eternal Feather":110,"Pen Nib":52,"Paper Crane":30,"Akabeko":66,"Du-Vu Doll":98,"Runic Dome":34,"Bottled Flame":33,"Shuriken":110,"Bronze Scales":44,"MutagenicStrength":93,"Bird Faced Urn":105,"Molten Egg 2":53,"Black Star":18,"animator:HeavyHalberd":43,"StrikeDummy":60,"hermit:Momento":0,"Unceasing Top":16,"Meat on the Bone":16,"Pocketwatch":95,"TheCursedMod:SoulVessel":102,"Darkstone Periapt":37,"TheCursedMod:BloodyHarpoon":61,"Lantern":43,"Regal Pillow":46,"TheCursedMod:FourLeafCloverCharm":54,"Singing Bowl":39,"Torii":46,"StoneCalendar":81,"Juzu Bracelet":5,"CloakClasp":44,"Bag of Preparation":46,"TheCursedMod:DemonicMark":46,"Smiling Mask":104,"ClockworkSouvenir":43,"Nunchaku":13,"Matryoshka":37,"TheAbacus":81,"Mummified Hand":6,"Pantograph":33,"Gambling Chip":103,"Toolbox":110,"Tiny Chest":36,"WingedGreaves":51,"InkBottle":46,"Paper Frog":44,"Potion Belt":22,"Lee\u0027s Waffle":81,"Golden Idol":49,"PreservedInsect":102,"Omamori":95,"Orichalcum":19,"Frozen Egg 2":21,"TheCursedMod:MagicCandle":0,"MawBank":99,"White Beast Statue":73,"Peace Pipe":58,"Anchor":21,"CaptainsWheel":111,"Busted Crown":67,"Ornamental Fan":9,"Turnip":81,"Bag of Marbles":44,"Art of War":45,"Membership Card":28,"Toy Ornithopter":29,"FossilizedHelix":50},{"animator:WizardHat":189,"Calipers":244,"Gremlin Horn":279,"TheCursedMod:Tack":249,"CeramicFish":306,"Vajra":159,"Whetstone":240,"Bottled Tornado":258,"Boot":288,"Blood Vial":113,"Lizard Tail":194,"Centennial Puzzle":270,"HornCleat":26,"Sundial":273,"Strawberry":189,"Prayer Wheel":202,"HandDrill":279,"Kunai":56,"Toxic Egg 2":279,"Pear":329,"Happy Flower":0,"Astrolabe":180,"Blue Candle":232,"Dead Branch":283,"Oddly Smooth Stone":314,"Eternal Feather":338,"Pen Nib":205,"Paper Crane":138,"Akabeko":234,"Du-Vu Doll":306,"Runic Dome":156,"Bottled Flame":148,"Shuriken":338,"Bronze Scales":189,"MutagenicStrength":300,"Bird Faced Urn":323,"Molten Egg 2":208,"Black Star":78,"animator:HeavyHalberd":185,"StrikeDummy":220,"hermit:Momento":0,"Unceasing Top":66,"Meat on the Bone":66,"Pocketwatch":302,"TheCursedMod:SoulVessel":317,"Darkstone Periapt":164,"TheCursedMod:BloodyHarpoon":222,"Lantern":185,"Regal Pillow":194,"TheCursedMod:FourLeafCloverCharm":210,"Singing Bowl":170,"Torii":194,"StoneCalendar":279,"Juzu Bracelet":15,"CloakClasp":189,"Bag of Preparation":194,"TheCursedMod:DemonicMark":194,"Smiling Mask":320,"ClockworkSouvenir":185,"Nunchaku":52,"Matryoshka":164,"TheAbacus":279,"Mummified Hand":18,"Pantograph":148,"Gambling Chip":318,"Toolbox":338,"Tiny Chest":161,"WingedGreaves":202,"InkBottle":194,"Paper Frog":189,"Potion Belt":99,"Lee\u0027s Waffle":279,"Golden Idol":198,"PreservedInsect":317,"Omamori":302,"Orichalcum":81,"Frozen Egg 2":94,"TheCursedMod:MagicCandle":0,"MawBank":308,"White Beast Statue":249,"Peace Pipe":215,"Anchor":94,"CaptainsWheel":340,"Busted Crown":237,"Ornamental Fan":30,"Turnip":279,"Bag of Marbles":189,"Art of War":191,"Membership Card":126,"Toy Ornithopter":133,"FossilizedHelix":200}],"Pocketwatch":[6]},"card_choices":[{"not_picked":["TheCursedMod:CursedMace+1","TheCursedMod:CircleOfFlame+1","TheCursedMod:FleshFromBone+1"],"picked":"SKIP","floor":1},{"not_picked":["TheCursedMod:VitalStrike+1","TheCursedMod:Obscuration+1","TheCursedMod:TacticalStrike+1"],"picked":"SKIP","floor":2},{"not_picked":["TheCursedMod:FuryStrike+1","TheCursedMod:CircleOfFlame+1","TheCursedMod:CursedShiv+1"],"picked":"SKIP","floor":5},{"not_picked":["TheCursedMod:RavingStaff+1","TheCursedMod:CircleOfCorruption+1"],"picked":"TheCursedMod:NeowsMight+1","floor":6},{"not_picked":["TheCursedMod:Obscuration+1","TheCursedMod:EmpowerCircles+1"],"picked":"TheCursedMod:CursedShiv+1","floor":8},{"not_picked":["TheCursedMod:TacticalStrike+1","TheCursedMod:CursedBlade+1","TheCursedMod:RapidMovement+1"],"picked":"SKIP","floor":10},{"not_picked":["TheCursedMod:EmpowerCircles+1","TheCursedMod:CircleOfFlame+1","TheCursedMod:RavingStaff+1"],"picked":"SKIP","floor":11},{"not_picked":["TheCursedMod:CircleOfFocus+1","TheCursedMod:TacticalStrike+1","TheCursedMod:WearCloak+1"],"picked":"SKIP","floor":12},{"not_picked":["TheCursedMod:Wield+1","TheCursedMod:SmokeScreen+1","TheCursedMod:WearCloak+1"],"picked":"SKIP","floor":13},{"not_picked":["TheCursedMod:Evocation+1","TheCursedMod:ForbiddenAlchemy+1","TheCursedMod:WearCloak+1"],"picked":"SKIP","floor":14},{"not_picked":["TheCursedMod:ParallelWorld+1","TheCursedMod:DemonicPact+1"],"picked":"TheCursedMod:StunningStrike+1","floor":16},{"not_picked":["TheCursedMod:SpitefulStrike+1","TheCursedMod:CircleOfFocus+1","TheCursedMod:Torture+1"],"picked":"SKIP","floor":18},{"not_picked":["TheCursedMod:Evocation+1","TheCursedMod:CircleOfBlood+1","TheCursedMod:EmpowerCircles+1"],"picked":"SKIP","floor":21},{"not_picked":["TheCursedMod:SaltUponWound+1","TheCursedMod:VitalStrike+1","TheCursedMod:AbyssShockwave+1"],"picked":"SKIP","floor":23},{"not_picked":["TheCursedMod:RavingStaff+1","TheCursedMod:AbyssShockwave+1","TheCursedMod:SpitefulStrike+1"],"picked":"SKIP","floor":24},{"not_picked":["TheCursedMod:Stretching+1","TheCursedMod:RavingStaff+1","TheCursedMod:RapidMovement+1"],"picked":"SKIP","floor":25},{"not_picked":["TheCursedMod:OutForBlood+1","TheCursedMod:RapidMovement+1","TheCursedMod:ReleasedStrength+1"],"picked":"SKIP","floor":28},{"not_picked":["TheCursedMod:CursedAmulet+1","TheCursedMod:FleshFromBone+1","TheCursedMod:SoulReap+1"],"picked":"SKIP","floor":29},{"not_picked":["TheCursedMod:ShockAndAwe+1","TheCursedMod:ForbiddenAlchemy+1"],"picked":"TheCursedMod:CursedRelics+1","floor":33},{"not_picked":["TheCursedMod:PrepareRite+1","TheCursedMod:CircleOfAmplification+1","TheCursedMod:AshesToAshes+1"],"picked":"SKIP","floor":35},{"not_picked":["TheCursedMod:RapidMovement+1","TheCursedMod:VitalStrike+1","TheCursedMod:Stigma+1"],"picked":"SKIP","floor":37},{"not_picked":["TheCursedMod:ManaCirculation+1","TheCursedMod:WearCloak+1","TheCursedMod:AbyssShockwave+1"],"picked":"SKIP","floor":40},{"not_picked":["TheCursedMod:SmokeScreen+1","TheCursedMod:Evocation+1","TheCursedMod:Stigma+1"],"picked":"SKIP","floor":42},{"not_picked":["TheCursedMod:Stigma+1","TheCursedMod:RavingStaff+1","TheCursedMod:SpitefulPray+1"],"picked":"SKIP","floor":46},{"not_picked":["TheCursedMod:CursedBlade+1","TheCursedMod:Torture+1","TheCursedMod:ForbiddenAlchemy+1"],"picked":"SKIP","floor":47},{"not_picked":["TheCursedMod:SpitefulPray+1","TheCursedMod:CursedAmulet+1","TheCursedMod:CircleOfCorruption+1"],"picked":"SKIP","floor":48},{"not_picked":["TheCursedMod:StingEye+1","TheCursedMod:CircleOfFlame+1"],"picked":"TheCursedMod:CursedRelics+1","floor":55}],"player_experience":1669269,"relics_obtained":[{"floor":6,"key":"Boot"},{"floor":8,"key":"Blue Candle"},{"floor":9,"key":"Pantograph"},{"floor":10,"key":"Darkstone Periapt"},{"floor":23,"key":"Pocketwatch"},{"floor":23,"key":"Omamori"},{"floor":25,"key":"Regal Pillow"},{"floor":25,"key":"Juzu Bracelet"},{"floor":26,"key":"Potion Belt"},{"floor":28,"key":"CeramicFish"},{"floor":28,"key":"Du-Vu Doll"},{"floor":30,"key":"MawBank"},{"floor":39,"key":"Gambling Chip"},{"floor":40,"key":"Smiling Mask"},{"floor":40,"key":"White Beast Statue"},{"floor":42,"key":"Bird Faced Urn"},{"floor":42,"key":"Kunai"},{"floor":45,"key":"StrikeDummy"},{"floor":47,"key":"Bag of Preparation"},{"floor":47,"key":"Pear"},{"floor":55,"key":"Bronze Scales"},{"floor":55,"key":"CaptainsWheel"}],"event_choices":[{"damage_healed":0,"gold_gain":0,"player_choice":"Success","damage_taken":18,"relics_obtained":["Dead Branch"],"max_hp_gain":0,"max_hp_loss":0,"event_name":"Scrap Ooze","floor":3,"gold_loss":0},{"damage_healed":0,"gold_gain":0,"player_choice":"Inject Mutagens","damage_taken":0,"relics_obtained":["MutagenicStrength"],"max_hp_gain":0,"max_hp_loss":0,"event_name":"Drug Dealer","floor":20,"gold_loss":0},{"damage_healed":0,"gold_gain":275,"player_choice":"Desecrate","damage_taken":0,"max_hp_gain":0,"max_hp_loss":0,"event_name":"Golden Shrine","floor":31,"gold_loss":0,"cards_obtained":["Regret"]},{"damage_healed":0,"gold_gain":0,"player_choice":"Fight","damage_taken":0,"max_hp_gain":0,"max_hp_loss":0,"event_name":"Mysterious Sphere","floor":39,"gold_loss":0},{"cards_removed":["Finesse"],"damage_healed":0,"gold_gain":0,"player_choice":"Removed Skill","damage_taken":0,"max_hp_gain":0,"max_hp_loss":0,"event_name":"Falling","floor":44,"gold_loss":0}],"is_beta":false,"boss_relics":[{"not_picked":["Tiny House","Coffee Dripper"],"picked":"Black Star"},{"not_picked":["Calling Bell","Fusion Hammer"],"picked":"Runic Dome"}],"items_purged_floors":[4],"is_endless":false,"potions_floor_spawned":[5,6,10,13,18,21,23,37,40,42,46,47,48,55],"ascension_level":20}}