{"host":"wppa8gky53tnknhf","time":1608177875,"event":{"mods":["AchievementEnabler","Act Like it!","BaseMod","Better Third Choice","BetterRewards","Card Forge","Colored Powertips","Energized Spire","Hubris","Infinite Spire","Marked Mod","Minty Spire (QoL Compilation)","Permanent Neow","Quick Restart","Rare Cards Sparkle","Relic Stats","Remove Card Discount Mod","Replay The Spire","Spikes Relics","Spire Birthday Party","StSLib"],"gold_per_floor":[10,24,99,99,115,132,160,173,173,191,223,241,254,270,270,370,370,386,386,397,80,285,316,329,340,391,391,402,402,430,448,448,548,548,564,578,578,591,591,591,491,505,505,534,650,681,700,127,127,127,127,127,3,35,35],"floor_reached":56,"playtime":1389,"items_purged":[],"score":1495,"play_id":"80d3b9e9-70c9-4297-8a1c-bdf2e2d78c99","local_time":"20201217040435","is_ascension_mode":true,"campfire_choices":[{"floor":15.0,"key":"RECALL"},{"data":"Searing Blow","floor":29.0,"key":"SMITH"},{"floor":32.0,"key":"REST"},{"data":"Searing Blow+3","floor":40.0,"key":"SMITH"},{"data":"Searing Blow+4","floor":49.0,"key":"SMITH"},{"data":"Searing Blow+6","floor":52,"key":"SMITH"}],"circlet_count":0,"master_deck":["Strike_R+1","Strike_R+1","Strike_R+1","Strike_R+1","Strike_R+1","Defend_R+1","Defend_R+1","Defend_R+1","Defend_R+1","Bash+1","Clothesline+1","Sword Boomerang+1","Body Slam+1","Twin Strike+1","Run Through+1","Inflame+1","Heavy Blade+1","Body Slam+1","Searing Blow+8","Cleave+1","Immolate+1","CurseOfTheBell","Twin Strike+1","Whirlwind+1","Twin Strike+1","Mind Blast+1","Shrug It Off+1","Shrug It Off+1","Twin Strike+1","Twin Strike+1","Shockwave+1","Bludgeon+1","Perfected Strike+1","Perfected Strike+1","Seeing Red+1","Dropkick+1","Cleave+1","Sword Boomerang+1","Flex+1","Rage+1","Pummel+1","Heavy Blade+1"],"relics":["Burning Blood","Hammer of Thor","Seething Fire","Anvil of the Gods","BicycleWheel","Akabeko","hubris:OldNail","Calling Bell","Omamori","Shovel","hubris:MysteriousPyramids","ReplayFunnel","Lantern","Ring of Chaos","hubris:Icosahedron","hubris:MedicalManual","Durian","Ornamental Fan","infinitespire:EmpoweringShard","PreservedInsect","FossilizedHelix"],"acts_visited":["Exordium","TheCity","TheBeyond","TheEnding"],"potions_floor_usage":[55,55,55,55,55,55],"damage_taken":[{"damage":0.0,"enemies":"2 Louse","floor":1.0,"turns":2.0},{"damage":0.0,"enemies":"Cultist","floor":2.0,"turns":2.0},{"damage":0.0,"enemies":"Jaw Worm","floor":5.0,"turns":3.0},{"damage":1.0,"enemies":"2 Fungi Beasts","floor":6.0,"turns":3.0},{"damage":11.0,"enemies":"3 Sentries","floor":7.0,"turns":8.0},{"damage":5.0,"enemies":"Red Slaver","floor":8.0,"turns":2.0},{"damage":0.0,"enemies":"Large Slime","floor":10.0,"turns":3.0},{"damage":27.0,"enemies":"Lagavulin","floor":11.0,"turns":4.0},{"damage":0.0,"enemies":"Looter","floor":12.0,"turns":1.0},{"damage":6.0,"enemies":"3 Louse","floor":13.0,"turns":3.0},{"damage":8.0,"enemies":"Large Slime","floor":14.0,"turns":4.0},{"damage":0.0,"enemies":"Slime Boss","floor":16.0,"turns":3.0},{"damage":20.0,"enemies":"2 Thieves","floor":18.0,"turns":2.0},{"damage":14.0,"enemies":"Shell Parasite","floor":20.0,"turns":3.0},{"damage":12.0,"enemies":"Gremlin Leader","floor":23.0,"turns":5.0},{"damage":6.0,"enemies":"Snake Plant","floor":24.0,"turns":3.0},{"damage":0.0,"enemies":"Snecko","floor":25.0,"turns":2.0},{"damage":12.0,"enemies":"Centurion and Healer","floor":28.0,"turns":3.0},{"damage":20.0,"enemies":"Slavers","floor":30.0,"turns":3.0},{"damage":10.0,"enemies":"Cultist and Chosen","floor":31.0,"turns":3.0},{"damage":41.0,"enemies":"Pondfish","floor":33.0,"turns":11.0},{"damage":0.0,"enemies":"3 Darklings","floor":35.0,"turns":1.0},{"damage":18.0,"enemies":"3 Shapes","floor":36.0,"turns":6.0},{"damage":0.0,"enemies":"Sphere and 2 Shapes","floor":38.0,"turns":1.0},{"damage":4.0,"enemies":"4 Shapes","floor":42.0,"turns":3.0},{"damage":25.0,"enemies":"Giant Head","floor":44.0,"turns":6.0},{"damage":0.0,"enemies":"Writhing Mass","floor":45.0,"turns":1.0},{"damage":0.0,"enemies":"Reptomancer","floor":46.0,"turns":2.0},{"damage":0.0,"enemies":"Spire Growth","floor":47.0,"turns":1.0},{"damage":13,"enemies":"Replay:Hell Engine","floor":50,"turns":3},{"damage":0,"enemies":"Shield and Spear","floor":54,"turns":3},{"damage":2,"enemies":"The Heart","floor":55,"turns":3}],"seed_played":"1481923906165599423","potions_obtained":[{"floor":1.0,"key":"Fire Potion"},{"floor":6.0,"key":"Fire Potion"},{"floor":8.0,"key":"PowerPotion"},{"floor":11.0,"key":"Languid Potion"},{"floor":13.0,"key":"PowerPotion"},{"floor":18.0,"key":"Reflective Coating"},{"floor":28.0,"key":"Energy Potion"},{"floor":30.0,"key":"Elixir"},{"floor":33.0,"key":"Regen Potion"},{"floor":36.0,"key":"Block Potion"},{"floor":46.0,"key":"LiquidBronze"}],"is_trial":false,"path_per_floor":["M","M","?","?","M","M","E","M","T","M","E","M","M","M","R","B",null,"M","?","M","$","?","E","M","M","T","?","M","R","E","M","R","B",null,"M","M","?","M","?","R","NS","M","T","E","M","E","M","$","R","B",null,"R","$","E","B",null],"character_chosen":"IRONCLAD","items_purchased":["ReplayFunnel","Twin Strike","Mind Blast","Shrug It Off","infinitespire:EmpoweringShard","Pummel","PreservedInsect","CultistPotion","Heavy Blade","EntropicBrew"],"campfire_rested":1,"item_purchase_floors":[21,21,21,21,48,48,48,48,53,53],"current_hp_per_floor":[80,80,69,69,75,80,75,76,76,80,59,65,65,63,63,69,80,66,66,58,58,58,52,52,58,58,43,37,37,23,19,44,9,85,85,73,73,79,79,79,79,81,81,72,78,90,90,90,90,83,90,90,90,90,90],"gold":35,"neow_bonus":"ONE_RARE_RELIC","is_daily":false,"chose_seed":false,"campfire_upgraded":4,"win_rate":0.0,"timestamp":1608177875,"path_taken":["M","M","?","?","M","M","E","M","T","?","E","?","M","M","R","BOSS","M","?","M","$","?","E","M","?","T","?","M","R","E","M","R","BOSS","M","M","?","M","?","R","NS","M","T","E","M","E","M","$","R","BOSS","R","$","E","BOSS"],"items_purchased_type":["Relic","Card","Card","Card","Relic","Card","Relic","Potion","Card","Potion"],"build_version":"2020-12-13","purchased_purges":0,"victory":true,"max_hp_per_floor":[80,80,80,80,80,80,80,80,80,80,80,80,80,80,80,80,80,80,80,80,80,80,80,80,80,80,85,85,85,85,85,85,85,85,85,85,85,85,85,85,85,85,85,90,90,90,90,90,90,90,90,90,90,90,90],"relic_stats":{"Shovel":0,"counters":[32,103],"Ornamental Fan":[24],"PreservedInsect":68,"obtain_stats":[{"ReplayFunnel":21,"Lantern":26,"Hammer of Thor":0,"Ring of Chaos":34,"hubris:MedicalManual":43,"PreservedInsect":48,"Omamori":17,"Seething Fire":0,"hubris:MysteriousPyramids":17,"Burning Blood":0,"Akabeko":7,"Calling Bell":17,"Shovel":17,"hubris:Icosahedron":39,"Anvil of the Gods":0,"Ornamental Fan":46,"Durian":44,"infinitespire:EmpoweringShard":48,"BicycleWheel":0,"hubris:OldNail":11,"FossilizedHelix":54},{"ReplayFunnel":14,"Lantern":17,"Hammer of Thor":0,"Ring of Chaos":21,"hubris:MedicalManual":25,"PreservedInsect":29,"Omamori":12,"Seething Fire":0,"hubris:MysteriousPyramids":12,"Burning Blood":0,"Akabeko":5,"Calling Bell":12,"Shovel":12,"hubris:Icosahedron":24,"Anvil of the Gods":0,"Ornamental Fan":28,"Durian":26,"infinitespire:EmpoweringShard":29,"BicycleWheel":0,"hubris:OldNail":8,"FossilizedHelix":31},{"ReplayFunnel":43,"Lantern":53,"Hammer of Thor":0,"Ring of Chaos":73,"hubris:MedicalManual":84,"PreservedInsect":94,"Omamori":38,"Seething Fire":0,"hubris:MysteriousPyramids":38,"Burning Blood":0,"Akabeko":18,"Calling Bell":38,"Shovel":38,"hubris:Icosahedron":81,"Anvil of the Gods":0,"Ornamental Fan":93,"Durian":90,"infinitespire:EmpoweringShard":94,"BicycleWheel":0,"hubris:OldNail":27,"FossilizedHelix":100}],"Burning Blood":150},"card_choices":[{"not_picked":["Feel No Pain","Bloodletting"],"picked":"Clothesline","floor":1.0},{"not_picked":["Run Through","Anger"],"picked":"Sword Boomerang","floor":2.0},{"not_picked":["Wild Strike","Run Through"],"picked":"Body Slam","floor":5.0},{"not_picked":["Replay:Undeath\u0027s Touch","Headbutt"],"picked":"Twin Strike","floor":6.0},{"not_picked":["hubris:ReadiedAction","Seeing Red"],"picked":"Run Through","floor":7.0},{"not_picked":["ReplayTheSpireMod:Strike From Hell","Second Wind"],"picked":"Inflame","floor":8.0},{"not_picked":["Second Wind","Replay:Undeath\u0027s Touch"],"picked":"Heavy Blade","floor":10.0},{"not_picked":["Sever Soul","Whirlwind"],"picked":"Body Slam","floor":11.0},{"not_picked":["Defy Death","hubris:ReadiedAction","Armaments"],"picked":"SKIP","floor":12.0},{"not_picked":["Combust","Replay:Undeath\u0027s Touch"],"picked":"Searing Blow","floor":13.0},{"not_picked":["ReplayTheSpireMod:Limb From Limb","Massacre"],"picked":"Cleave","floor":14.0},{"not_picked":["Replay:Many Hands","Double Tap"],"picked":"Immolate","floor":16.0},{"not_picked":["Perfected Strike","Dual Wield"],"picked":"Twin Strike","floor":18.0},{"not_picked":["Headbutt","Bloodletting"],"picked":"Whirlwind","floor":20.0},{"not_picked":["hubris:ReadiedAction","ReplayTheSpireMod:Corrosion Curse+1","Defy Death"],"picked":"SKIP","floor":23.0},{"not_picked":["Warcry","hubris:ReadiedAction"],"picked":"Twin Strike","floor":24.0},{"not_picked":["True Grit","ReplayTheSpireMod:Muscle Training"],"picked":"Clash","floor":25.0},{"not_picked":["Perfected Strike","Wild Strike"],"picked":"Twin Strike","floor":28.0},{"not_picked":["Defy Death+1","Reckless Charge"],"picked":"Shockwave","floor":30.0},{"not_picked":["ReplayTheSpireMod:Stacked+1","Whirlwind"],"picked":"Pommel Strike","floor":31.0},{"not_picked":["Hemogenesis","Eclipse"],"picked":"Bludgeon","floor":33.0},{"not_picked":["Headbutt+1","Rupture+1"],"picked":"Perfected Strike","floor":35.0},{"not_picked":["Replay:Undeath\u0027s Touch+1","ReplayTheSpireMod:Strike From Hell+1"],"picked":"Perfected Strike+1","floor":36.0},{"not_picked":["Iron Wave","Run Through+1"],"picked":"Dropkick+1","floor":38.0},{"not_picked":["Fire Breathing","Entrench+1"],"picked":"Cleave+1","floor":42.0},{"not_picked":["hubris:ReadiedAction+1","Sword Boomerang","Pommel Strike"],"picked":"SKIP","floor":44.0},{"not_picked":["Pommel Strike","Seeing Red"],"picked":"Sword Boomerang+1","floor":45.0},{"not_picked":["Anger","ReplayTheSpireMod:Strike From Hell+1"],"picked":"Flex+1","floor":46.0},{"not_picked":["Feel No Pain","hubris:CleavingFinish+1"],"picked":"Rage+1","floor":47.0},{"not_picked":["ReplayTheSpireMod:Strike From Hell","Ghostly Armor+1"],"picked":"Perfected Strike+1","floor":54}],"player_experience":668189,"relics_obtained":[{"floor":7.0,"key":"Akabeko"},{"floor":11.0,"key":"hubris:OldNail"},{"floor":17.0,"key":"Omamori"},{"floor":17.0,"key":"Shovel"},{"floor":17.0,"key":"hubris:MysteriousPyramids"},{"floor":26.0,"key":"Lantern"},{"floor":43.0,"key":"hubris:MedicalManual"},{"floor":44.0,"key":"Durian"},{"floor":46.0,"key":"Ornamental Fan"},{"floor":54,"key":"FossilizedHelix"}],"event_choices":[{"damage_healed":0.0,"max_hp_gain":0.0,"max_hp_loss":0.0,"gold_gain":75.0,"event_name":"betterThird:BetterGoop","player_choice":"Gold","floor":3.0,"gold_loss":0.0,"damage_taken":11.0},{"damage_healed":0.0,"max_hp_gain":0.0,"max_hp_loss":0.0,"gold_gain":0.0,"event_name":"Transmorgrifier","player_choice":"Ignored","floor":4.0,"gold_loss":0.0,"damage_taken":0.0},{"damage_healed":0.0,"max_hp_gain":0.0,"max_hp_loss":0.0,"gold_gain":0.0,"event_name":"betterThird:BetterWriting","player_choice":"Simplicity","floor":19.0,"gold_loss":0.0,"damage_taken":0.0},{"damage_healed":0.0,"max_hp_gain":5.0,"max_hp_loss":0.0,"gold_gain":0.0,"event_name":"Forgotten Altar","player_choice":"Shed Blood","floor":27.0,"gold_loss":0.0,"damage_taken":20.0}],"is_beta":false,"boss_relics":[{"not_picked":["infinitespire:Burning Sword","hubris:TerracottaHorce"],"picked":"Calling Bell"},{"not_picked":["Tiny House","hubris:BlackHole"],"picked":"Ring of Chaos"}],"items_purged_floors":[],"is_endless":false,"potions_floor_spawned":[1,6,8,11,13,18,28,30,33,36,42,46,54],"ascension_level":1}}