{"host":"o7j6aatxjwpw1421","time":1608229678,"event":{"mods":["2.2 Compatiblity","BaseMod","Colored Map","DeckTracker","Highlight Path","Keyboard Shortcuts","Minty Spire (QoL Compilation)","Permanent Neow","Quick Restart","StSLib","SuperFastMode","everything is the same but u backflip on backflip"],"gold_per_floor":[116,66,77,92,52,52,52,80,80,92,111,111,140,152,152,251,251,264,274,53,67,67,67,42,42,42,76,88,100,130,142,154,264,276,288,288],"floor_reached":35,"playtime":3374,"items_purged":["SignatureMove"],"score":410,"play_id":"32c98093-889e-408d-929a-48279b169fce","local_time":"20201218032758","is_ascension_mode":false,"campfire_choices":[{"data":"Eruption","floor":6.0,"key":"SMITH"},{"data":"BattleHymn","floor":12.0,"key":"SMITH"},{"data":"Scrawl","floor":15.0,"key":"SMITH"},{"data":"Adaptation","floor":23.0,"key":"SMITH"},{"data":"ClearTheMind","floor":25.0,"key":"SMITH"},{"floor":28.0,"key":"REST"},{"floor":32.0,"key":"REST"}],"circlet_count":0,"master_deck":["Eruption+1","Vigilance","Conclude","Indignation","BattleHymn+1","EmptyMind","Halt","CutThroughFate+1","Scrawl+1","Tantrum+1","DevaForm","EmptyFist","BowlingBash","SignatureMove","JustLucky","LessonLearned+1","Crescendo+1","FlurryOfBlows","Adaptation+1","ClearTheMind+1","FollowUp","ClearTheMind+1","Brilliance","Omniscience"],"relics":["PureWater","Du-Vu Doll","GoldenEye","Damaru","Pandora\u0027s Box","Toy Ornithopter","Pantograph","MawBank","Snecko Eye"],"acts_visited":["Exordium","TheCity","TheBeyond"],"potions_floor_usage":[],"damage_taken":[{"damage":0.0,"enemies":"Small Slimes","floor":1.0,"turns":4.0},{"damage":4.0,"enemies":"2 Louse","floor":3.0,"turns":2.0},{"damage":0.0,"enemies":"Cultist","floor":4.0,"turns":2.0},{"damage":14.0,"enemies":"3 Sentries","floor":8.0,"turns":3.0},{"damage":0.0,"enemies":"Exordium Thugs","floor":10.0,"turns":2.0},{"damage":0.0,"enemies":"Gremlin Gang","floor":11.0,"turns":2.0},{"damage":0.0,"enemies":"Gremlin Nob","floor":13.0,"turns":2.0},{"damage":0.0,"enemies":"Large Slime","floor":14.0,"turns":2.0},{"damage":24.0,"enemies":"The Guardian","floor":16.0,"turns":4.0},{"damage":26.0,"enemies":"2 Thieves","floor":18.0,"turns":3.0},{"damage":0.0,"enemies":"Shell Parasite","floor":19.0,"turns":3.0},{"damage":16.0,"enemies":"Snake Plant","floor":21.0,"turns":3.0},{"damage":20.0,"enemies":"Book of Stabbing","floor":27.0,"turns":4.0},{"damage":0.0,"enemies":"Snecko","floor":30.0,"turns":2.0},{"damage":8.0,"enemies":"Automaton","floor":33.0,"turns":5.0},{"damage":16,"enemies":"3 Darklings","floor":35,"turns":2}],"seed_played":"-9160576013536215462","potions_obtained":[{"floor":4.0,"key":"LiquidMemories"},{"floor":5.0,"key":"FairyPotion"},{"floor":5.0,"key":"Swift Potion"},{"floor":8.0,"key":"StancePotion"},{"floor":14.0,"key":"LiquidMemories"},{"floor":16.0,"key":"CultistPotion"},{"floor":18.0,"key":"DistilledChaos"},{"floor":33.0,"key":"EssenceOfSteel"}],"is_trial":false,"path_per_floor":["M","?","M","M","?","R","$","E","T","M","M","R","E","M","R","B",null,"M","M","$","M","?","R","$","R","T","E","R","$","M","?","R","B",null,"M"],"character_chosen":"WATCHER","items_purchased":["Toy Ornithopter","ClearTheMind"],"campfire_rested":2,"item_purchase_floors":[20,24],"current_hp_per_floor":[65,65,61,61,61,61,61,47,47,47,47,47,47,47,47,23,86,60,60,60,49,49,49,49,49,49,29,54,54,59,59,84,78,86,70,70],"gold":288,"neow_bonus":"TWENTY_PERCENT_HP_BONUS","is_daily":false,"chose_seed":false,"campfire_upgraded":5,"win_rate":0.0,"timestamp":1608229678,"path_taken":["M","?","M","M","?","R","$","E","T","M","?","R","E","M","R","BOSS","M","M","$","M","?","R","$","R","T","E","R","?","?","?","R","BOSS","M"],"items_purchased_type":["Relic","Card"],"build_version":"2020-12-13","purchased_purges":1,"victory":false,"max_hp_per_floor":[86,86,86,86,86,86,86,86,86,86,86,86,86,86,86,86,86,86,86,86,86,86,86,86,86,86,86,86,86,86,86,86,86,86,86,86],"card_choices":[{"not_picked":["SashWhip","Evaluate"],"picked":"Conclude","floor":1.0},{"not_picked":["SashWhip","CutThroughFate"],"picked":"Indignation","floor":3.0},{"not_picked":["SashWhip","EmptyBody"],"picked":"BattleHymn","floor":4.0},{"not_picked":["FlurryOfBlows","Fasting2"],"picked":"EmptyMind","floor":8.0},{"not_picked":["WreathOfFlame","SandsOfTime"],"picked":"Halt","floor":10.0},{"not_picked":["JustLucky","EmptyBody"],"picked":"CutThroughFate","floor":11.0},{"not_picked":["Brilliance","BowlingBash"],"picked":"Scrawl","floor":13.0},{"not_picked":["FlyingSleeves","SashWhip"],"picked":"Tantrum","floor":14.0},{"not_picked":["LessonLearned","Establishment"],"picked":"DevaForm","floor":16.0},{"not_picked":["EmptyBody","Protect"],"picked":"FlurryOfBlows","floor":18.0},{"not_picked":["TalkToTheHand","ClearTheMind"],"picked":"Adaptation","floor":19.0},{"not_picked":["FlyingSleeves+1","BowlingBash"],"picked":"ClearTheMind+1","floor":21.0},{"not_picked":["Crescendo","JustLucky"],"picked":"Brilliance","floor":27.0},{"not_picked":["Protect","ClearTheMind","Halt"],"picked":"SKIP","floor":30.0},{"not_picked":["LessonLearned","DevaForm"],"picked":"Omniscience","floor":33.0}],"player_experience":264175,"relics_obtained":[{"floor":8.0,"key":"Du-Vu Doll"},{"floor":9.0,"key":"GoldenEye"},{"floor":13.0,"key":"Damaru"},{"floor":26.0,"key":"Pantograph"},{"floor":27.0,"key":"MawBank"}],"event_choices":[{"cards_removed":["Strike_P"],"damage_healed":0.0,"max_hp_gain":0.0,"max_hp_loss":0.0,"gold_gain":0.0,"event_name":"The Cleric","player_choice":"Card Removal","floor":2.0,"gold_loss":50.0,"damage_taken":0.0},{"damage_healed":0.0,"max_hp_gain":0.0,"max_hp_loss":0.0,"gold_gain":0.0,"event_name":"The Woman in Blue","player_choice":"Bought 3 Potions","floor":5.0,"gold_loss":0.0,"damage_taken":0.0},{"damage_healed":0.0,"max_hp_gain":0.0,"max_hp_loss":0.0,"gold_gain":0.0,"event_name":"Match and Keep!","player_choice":"1 cards matched","floor":22.0,"gold_loss":0.0,"damage_taken":0.0,"cards_obtained":["FollowUp"]},{"damage_healed":0.0,"max_hp_gain":0.0,"max_hp_loss":0.0,"gold_gain":0.0,"event_name":"Ghosts","player_choice":"Ignored","floor":31.0,"gold_loss":0.0,"damage_taken":0.0}],"is_beta":false,"boss_relics":[{"not_picked":["Philosopher\u0027s Stone","Calling Bell"],"picked":"Pandora\u0027s Box"},{"not_picked":["Tiny House","SacredBark"],"picked":"Snecko Eye"}],"items_purged_floors":[20],"is_endless":false,"potions_floor_spawned":[4,8,10,14,16,18,19,33],"killed_by":"3 Darklings","ascension_level":0}}