{"host":"ShadowRapture","time":1608177407,"event":{"mods":["AchievementEnabler","Aspiration","BaseMod","Better Altar","Better Match","Better Note","Better Sensory Stone","Better Skull","Better Third Choice","BetterRewards","CCEM","Colored Map","Colored Powertips","Conspire","Downfall","Friendly Minions","GifTheSpireLib","Googly Eyes","Halation","Highlight Path","Hubris","Infinite Spire","Jorbs\u0027s Wanderer Trilogy","Mad Scientist","Marked Mod","Minty Spire (QoL Compilation)","Permanent Neow","Replay The Spire","Shade Mod","Shop Mod","Spicy Shops","StSLib","Stuff the Spire","The Administrix","The Blackbeard","The Construct","The Cursed","The Runesmith","Unceasing Turn Reminder","Waifu the Spire","[IsaacMod]????","everything is the same but u backflip on backflip","slay the spire mod where everything is the same but ironclad has a cowboy hat"],"gold_per_floor":[114,214,229,246,246,246,287,287,336,336,376,400,427,126,126,278,278,324,324,332,332],"floor_reached":20,"playtime":1718,"items_purged":[],"score":364,"play_id":"4bca426f-c6b1-4ebb-ae92-57fa88115fb2","local_time":"20201217145647","is_ascension_mode":true,"campfire_choices":[{"data":"Accuracy","floor":6,"key":"SMITH"},{"data":"conspire:DoublingDagger","floor":8,"key":"SMITH"},{"floor":15,"key":"REST"}],"circlet_count":0,"master_deck":["Strike_G","Strike_G","Strike_G","Strike_G","Strike_G","Defend_G","Defend_G","Defend_G","Defend_G","Defend_G","Survivor","Neutralize","EpicFetus","conspire:DoublingDagger+1","Hidden Blade","Accuracy+1","Injury","Slice","Hidden Blade"],"relics":["Ring of the Snake","HushsDoor","aspiration:Nostalgia","stsjorbsmod:GrimoireRelic","SatanicBible","Golden Idol","StuffTheSpire:Tea","halation:IllGainedPizza","aspiration:TomeofQuesting","Replay:Multitool","ChampionBelt","GuppysCollar","halation:EternalFortune"],"acts_visited":["Exordium","TheCity"],"potions_floor_usage":[11,12,20],"damage_taken":[{"damage":12,"enemies":"conspire:RoseBush","floor":1,"turns":3},{"damage":0,"enemies":"Cultist","floor":3,"turns":3},{"damage":7,"enemies":"Jaw Worm","floor":4,"turns":4},{"damage":9,"enemies":"Replay:BlueRogue","floor":7,"turns":6},{"damage":24,"enemies":"Gremlin Nob","floor":11,"turns":4},{"damage":6,"enemies":"Exordium Wildlife","floor":12,"turns":5},{"damage":5,"enemies":"Exordium Thugs","floor":13,"turns":4},{"damage":8,"enemies":"Hexaghost","floor":16,"turns":9},{"damage":26,"enemies":"3 Byrds","floor":18,"turns":4},{"damage":39,"enemies":"Book of Stabbing","floor":20,"turns":4}],"seed_played":"-3371255344012531696","potions_obtained":[{"floor":7,"key":"Weak Potion"},{"floor":11,"key":"Dexterity Potion"},{"floor":16,"key":"construct:ShiftPotion"},{"floor":18,"key":"Adrenaline Potion"}],"is_trial":false,"path_per_floor":["M","?","M","M","?","R","E","R","T","$","E","M","M","$","R","B",null,"M","?","M"],"character_chosen":"THE_SILENT","items_purchased":["Replay:Multitool","GuppysCollar"],"campfire_rested":1,"item_purchase_floors":[14,17],"current_hp_per_floor":[58,58,58,51,51,51,42,42,42,42,18,12,7,7,28,20,48,22,25,0,0],"gold":332,"neow_bonus":"NOSTALGIA","is_daily":false,"chose_seed":false,"campfire_upgraded":2,"win_rate":0.0,"timestamp":1608177407,"path_taken":["M","?","?","?","?","R","E","R","T","$","E","M","M","$","R","BOSS","M","?","M"],"items_purchased_type":["Relic","Relic"],"build_version":"2020-12-07","purchased_purges":0,"victory":false,"max_hp_per_floor":[70,70,70,70,70,70,70,70,70,70,70,70,70,70,70,70,57,57,60,60,60],"card_choices":[{"not_picked":[],"picked":"EpicFetus","floor":0},{"not_picked":["Dash","StuffTheSpire:BumpUp","Reflex"],"picked":"SKIP","floor":1},{"not_picked":["StuffTheSpire:ClusterCrunch","Backflip"],"picked":"conspire:DoublingDagger","floor":2},{"not_picked":["Prepared","StuffTheSpire:BumpUp"],"picked":"Hidden Blade","floor":3},{"not_picked":["Die Die Die","Dodge and Roll"],"picked":"Accuracy","floor":4},{"not_picked":["StuffTheSpire:ClusterCrunch","Deadly Poison","Reflex"],"picked":"SKIP","floor":7},{"not_picked":["Bane","Bomb"],"picked":"Slice","floor":11},{"not_picked":["Fluid Movement","Crippling Poison"],"picked":"Hidden Blade","floor":12},{"not_picked":["StuffTheSpire:BumpUp","Malaise","hubris:Counter"],"picked":"SKIP","floor":13},{"not_picked":["PiercingWail","Deadly Poison","Sucker Punch"],"picked":"SKIP","floor":18}],"player_experience":201228,"relics_obtained":[{"floor":7,"key":"StuffTheSpire:Tea"},{"floor":9,"key":"halation:IllGainedPizza"},{"floor":11,"key":"aspiration:TomeofQuesting"}],"event_choices":[{"damage_healed":0,"gold_gain":0,"player_choice":"Take Wound","damage_taken":0,"relics_obtained":["Golden Idol"],"max_hp_gain":0,"max_hp_loss":0,"event_name":"Golden Idol","floor":5,"gold_loss":0,"cards_obtained":["Injury"]}],"is_beta":true,"boss_relics":[{"not_picked":["halation:SmartPhone","halation:LoveArrow"],"picked":"ChampionBelt"},{"not_picked":[]}],"items_purged_floors":[],"is_endless":false,"potions_floor_spawned":[7,11,16,18],"killed_by":"Book of Stabbing","ascension_level":20}}