{"host":"xenpv6dj5x1yxp66","time":1608217788,"event":{"mods":["AchievementEnabler","Aspiration","BaseMod","Better Altar","Better Sensory Stone","Better Skull","Better Third Choice","BetterRewards","Colored Map","Colored Powertips","Conspire","Downfall","Highlight Path","Hubris","Marisa????????","Minty Spire (QoL Compilation)","Quick Restart","READ ME - Guardian Mod","Replay The Spire","Shade Mod","StSLib","The Animator","The Bug Knight","The Construct","The Cursed","The Disciple","The Necromancer","The Runesmith","The Servant 0.9.4"],"gold_per_floor":[113,113,126,126,139,139,153,153,153,171,171,199,199,231,231,330,330,341,341,341,354,364,364,364],"floor_reached":23,"playtime":540,"items_purged":[],"score":201,"play_id":"d297dcd1-5473-4b5c-b167-24af4414e4d0","local_time":"20201217160948","is_ascension_mode":false,"campfire_choices":[{"data":"Bash","floor":6,"key":"SMITH"},{"data":"ReplayTheSpireMod:LeadingStrike","floor":8,"key":"SMITH"},{"data":"Twin Strike","floor":13,"key":"SMITH"},{"data":"Perfected Strike","floor":15,"key":"SMITH"}],"circlet_count":0,"master_deck":["Strike_R","Strike_R","Strike_R","Strike_R","Strike_R","Defend_R","Defend_R","Defend_R","Defend_R","Bash+1","Heavy Blade","Defend_R","Whirlwind+1","Twin Strike+1","ReplayTheSpireMod:LeadingStrike+1","Perfected Strike+1","Flex+1","Flex+1","Limit Break+1","Cleave","Shame","Massacre","Flex+1"],"relics":["Burning Blood","Question Card","Toxic Egg 2","Bird Faced Urn","Pear","Black Star"],"acts_visited":["Exordium","TheCity"],"potions_floor_usage":[16,16,16,23,23],"damage_taken":[{"damage":8,"enemies":"Small Slimes","floor":1,"turns":3},{"damage":5,"enemies":"Cultist","floor":3,"turns":4},{"damage":6,"enemies":"Jaw Worm","floor":5,"turns":3},{"damage":0,"enemies":"Gremlin Gang","floor":7,"turns":1},{"damage":16,"enemies":"Blue Slaver","floor":10,"turns":4},{"damage":14,"enemies":"Gremlin Nob","floor":12,"turns":3},{"damage":13,"enemies":"3 Sentries","floor":14,"turns":3},{"damage":14,"enemies":"Hexaghost","floor":16,"turns":7},{"damage":30,"enemies":"Spheric Guardian","floor":18,"turns":4},{"damage":11,"enemies":"3 Byrds","floor":21,"turns":5},{"damage":42,"enemies":"Centurion and Healer","floor":22,"turns":6},{"damage":25,"enemies":"Gremlin Leader","floor":23,"turns":2}],"seed_played":"7793951844437850859","potions_obtained":[{"floor":5,"key":"Languid Potion"},{"floor":10,"key":"Reflective Coating"},{"floor":14,"key":"EssenceOfSteel"},{"floor":16,"key":"Languid Potion"},{"floor":21,"key":"Ancient Potion"}],"is_trial":false,"path_per_floor":["M","?","M","?","M","R","M","R","T","M","T","E","R","E","R","B",null,"M","?","?","M","M","E"],"character_chosen":"IRONCLAD","items_purchased":[],"campfire_rested":0,"item_purchase_floors":[],"current_hp_per_floor":[78,78,79,79,79,79,80,80,80,70,70,62,62,65,65,57,90,66,66,66,61,25,0,0],"gold":364,"neow_bonus":"ONE_RANDOM_RARE_CARD","is_daily":false,"chose_seed":false,"campfire_upgraded":4,"win_rate":0.0,"timestamp":1608217788,"path_taken":["M","?","?","?","M","R","?","R","T","?","?","E","R","E","R","BOSS","M","?","?","M","M","E"],"items_purchased_type":[],"build_version":"2020-12-13","purchased_purges":0,"victory":false,"max_hp_per_floor":[80,80,80,80,80,80,80,80,80,80,80,80,80,90,90,90,90,90,90,90,90,90,90,90],"card_choices":[{"not_picked":["Replay:Undeath\u0027s Touch","Havoc"],"picked":"Heavy Blade","floor":1},{"not_picked":["Armaments","ReplayTheSpireMod:Corrosion Curse"],"picked":"Whirlwind","floor":3},{"not_picked":["Seeing Red","Wild Strike"],"picked":"Twin Strike","floor":5},{"not_picked":["Replay:Undeath\u0027s Touch","ReplayTheSpireMod:Stacked"],"picked":"ReplayTheSpireMod:LeadingStrike","floor":7},{"not_picked":["Body Slam","True Grit","Shrug It Off"],"picked":"Perfected Strike","floor":10},{"not_picked":["Replay:Undeath\u0027s Touch","Power Through+1","Fiend Fire"],"picked":"Flex+1","floor":12},{"not_picked":["Body Slam","Havoc+1","Twin Strike"],"picked":"Flex+1","floor":14},{"not_picked":["Demonic Infusion+1","Demon Form","Feed"],"picked":"Limit Break+1","floor":16},{"not_picked":["Dropkick","Twin Strike","Havoc+1"],"picked":"Cleave","floor":18},{"not_picked":["Bloodletting+1","Blood for Blood","ReplayTheSpireMod:LeadingStrike"],"picked":"Massacre","floor":21},{"not_picked":["Replay:Undeath\u0027s Touch","Rupture","Thunderclap"],"picked":"Flex+1","floor":22}],"player_experience":146413,"relics_obtained":[{"floor":9,"key":"Question Card"},{"floor":11,"key":"Toxic Egg 2"},{"floor":12,"key":"Bird Faced Urn"},{"floor":14,"key":"Pear"}],"event_choices":[{"cards_removed":["conspire:Purge"],"damage_healed":0,"gold_gain":0,"player_choice":"Took Card","damage_taken":0,"max_hp_gain":0,"max_hp_loss":0,"event_name":"NoteForYourself","floor":2,"gold_loss":0,"cards_obtained":["Defend_R"]},{"damage_healed":0,"gold_gain":0,"player_choice":"Upgraded","damage_taken":0,"max_hp_gain":0,"max_hp_loss":0,"event_name":"Upgrade Shrine","floor":4,"gold_loss":0,"cards_upgraded":["Whirlwind"]}],"is_beta":false,"boss_relics":[{"not_picked":["Replay:Grab Bag","hubris:Backtick"],"picked":"Black Star"}],"items_purged_floors":[],"is_endless":false,"potions_floor_spawned":[5,10,14,16,21],"killed_by":"Gremlin Leader","ascension_level":0}}