{"host":"Kdaddybrian","time":1608248955,"event":{"mods":["AchievementEnabler","BaseMod","Bestiary","Colored Powertips","Minty Spire (QoL Compilation)","Potion Indicator Mod","Quick Restart","Rare Cards Sparkle","Relic Stats","StSLib","Uncapped"],"gold_per_floor":[19,31,31,50,66,66,66,106,106,146,146,165,8,31,31,150,150,179,179,212,212,239,239,239,239,264,312,312,312],"floor_reached":28,"playtime":1612,"items_purged":[],"score":375,"play_id":"231d692a-0e91-4c97-9172-b552256d9762","local_time":"20201217184915","is_ascension_mode":true,"campfire_choices":[{"data":"Bouncing Flask","floor":6.0,"key":"SMITH"},{"data":"Footwork","floor":15.0,"key":"SMITH"},{"floor":23.0,"key":"REST"},{"floor":25.0,"key":"REST"}],"circlet_count":0,"master_deck":["AscendersBane","Strike_G+1","Strike_G","Strike_G","Strike_G","Defend_G","Defend_G","Defend_G","Defend_G","Defend_G","Survivor","Neutralize","Malaise+1","Bouncing Flask+1","Bane","Crippling Poison","Quick Slash","Footwork+1","Deadly Poison","Footwork","Wraith Form v2","CurseOfTheBell","Catalyst","Dagger Spray+1","Expertise","Malaise"],"relics":["Ring of the Snake","Golden Idol","StrikeDummy","Question Card","Meat on the Bone","Lee\u0027s Waffle","Calling Bell","CeramicFish","Letter Opener","Incense Burner","Enchiridion","Blood Vial","Pocketwatch"],"acts_visited":["Exordium","TheCity"],"potions_floor_usage":[],"damage_taken":[{"damage":0.0,"enemies":"2 Louse","floor":1.0,"turns":3.0},{"damage":0.0,"enemies":"Small Slimes","floor":2.0,"turns":4.0},{"damage":0.0,"enemies":"Cultist","floor":4.0,"turns":4.0},{"damage":8.0,"enemies":"Exordium Wildlife","floor":5.0,"turns":7.0},{"damage":10.0,"enemies":"Gremlin Nob","floor":8.0,"turns":4.0},{"damage":18.0,"enemies":"3 Sentries","floor":10.0,"turns":7.0},{"damage":12.0,"enemies":"Lots of Slimes","floor":12.0,"turns":4.0},{"damage":0.0,"enemies":"2 Fungi Beasts","floor":14.0,"turns":3.0},{"damage":11.0,"enemies":"The Guardian","floor":16.0,"turns":9.0},{"damage":7.0,"enemies":"3 Byrds","floor":18.0,"turns":4.0},{"damage":25.0,"enemies":"2 Thieves","floor":20.0,"turns":5.0},{"damage":9.0,"enemies":"Cultist and Chosen","floor":21.0,"turns":10.0},{"damage":14.0,"enemies":"Centurion and Healer","floor":22.0,"turns":9.0},{"damage":63.0,"enemies":"Slavers","floor":27.0,"turns":8.0},{"damage":15,"enemies":"Shelled Parasite and Fungi","floor":28,"turns":6}],"seed_played":"8001431167123243669","potions_obtained":[{"floor":1.0,"key":"Energy Potion"},{"floor":12.0,"key":"SteroidPotion"},{"floor":14.0,"key":"BlessingOfTheForge"},{"floor":16.0,"key":"SmokeBomb"}],"is_trial":false,"path_per_floor":["M","M","?","M","M","R","?","E","T","E","?","M","$","M","R","B",null,"M","?","M","M","M","R","?","R","T","E","M"],"character_chosen":"THE_SILENT","items_purchased":["Lee\u0027s Waffle"],"campfire_rested":2,"item_purchase_floors":[13],"current_hp_per_floor":[63,63,63,63,55,55,42,32,32,14,14,14,72,72,72,61,69,62,72,47,38,36,57,41,62,62,13,0,0],"gold":312,"neow_bonus":"THREE_RARE_CARDS","is_daily":false,"chose_seed":false,"campfire_upgraded":2,"win_rate":0.0,"timestamp":1608248955,"path_taken":["M","M","?","M","M","R","?","E","T","E","?","?","$","M","R","BOSS","M","?","?","M","M","R","?","R","T","E","M"],"items_purchased_type":["Relic"],"build_version":"2020-12-17","purchased_purges":0,"victory":false,"max_hp_per_floor":[70,70,65,65,65,65,65,65,65,65,65,65,72,72,72,72,72,72,72,72,72,72,72,72,72,72,72,72,72],"relic_stats":{"Blood Vial":4,"Lee\u0027s Waffle":58,"counters":[15,87],"Golden Idol":81,"CeramicFish":36,"Letter Opener":[60],"Question Card":9,"obtain_stats":[{"Lee\u0027s Waffle":13,"Golden Idol":3,"CeramicFish":17,"Enchiridion":24,"Incense Burner":17,"Letter Opener":17,"Question Card":9,"Calling Bell":17,"Blood Vial":26,"StrikeDummy":8,"Ring of the Snake":0,"Meat on the Bone":10,"Pocketwatch":27},{"Lee\u0027s Waffle":7,"Golden Idol":2,"CeramicFish":9,"Enchiridion":13,"Incense Burner":9,"Letter Opener":9,"Question Card":5,"Calling Bell":9,"Blood Vial":13,"StrikeDummy":5,"Ring of the Snake":0,"Meat on the Bone":6,"Pocketwatch":14},{"Lee\u0027s Waffle":33,"Golden Idol":7,"CeramicFish":45,"Enchiridion":73,"Incense Burner":45,"Letter Opener":45,"Question Card":22,"Calling Bell":45,"Blood Vial":73,"StrikeDummy":22,"Ring of the Snake":0,"Meat on the Bone":29,"Pocketwatch":81}],"Ring of the Snake":[30],"Meat on the Bone":36,"Pocketwatch":[6]},"card_choices":[{"not_picked":["Bullet Time","Night Terror"],"picked":"Malaise","floor":0.0},{"not_picked":["Tactician","Dagger Spray"],"picked":"Bouncing Flask","floor":1.0},{"not_picked":["Terror","Outmaneuver"],"picked":"Bane","floor":2.0},{"not_picked":["Outmaneuver","Heel Hook","Underhanded Strike"],"picked":"SKIP","floor":4.0},{"not_picked":["Prepared","Riddle With Holes"],"picked":"Crippling Poison","floor":5.0},{"not_picked":["Deflect","All Out Attack"],"picked":"Quick Slash","floor":8.0},{"not_picked":["Flechettes","Caltrops","Bane"],"picked":"Footwork","floor":10.0},{"not_picked":["Outmaneuver","Expertise","Deflect"],"picked":"Deadly Poison","floor":12.0},{"not_picked":["Skewer","PiercingWail","Heel Hook"],"picked":"Footwork","floor":14.0},{"not_picked":["After Image","A Thousand Cuts","Storm of Steel"],"picked":"Wraith Form v2","floor":16.0},{"not_picked":["Backflip","Caltrops","Skewer+1"],"picked":"Catalyst","floor":18.0},{"not_picked":["Bane","Quick Slash","Deadly Poison"],"picked":"Dagger Spray+1","floor":20.0},{"not_picked":["Cloak And Dagger+1","Deadly Poison","All Out Attack"],"picked":"Expertise","floor":22.0},{"not_picked":["Outmaneuver","Dodge and Roll+1","Bouncing Flask+1"],"picked":"Malaise","floor":27.0}],"player_experience":2869949,"relics_obtained":[{"floor":8.0,"key":"StrikeDummy"},{"floor":9.0,"key":"Question Card"},{"floor":10.0,"key":"Meat on the Bone"},{"floor":17.0,"key":"CeramicFish"},{"floor":17.0,"key":"Letter Opener"},{"floor":17.0,"key":"Incense Burner"},{"floor":24.0,"key":"Enchiridion"},{"floor":26.0,"key":"Blood Vial"},{"floor":27.0,"key":"Pocketwatch"}],"event_choices":[{"damage_healed":0.0,"max_hp_gain":0.0,"max_hp_loss":5.0,"gold_gain":0.0,"event_name":"Golden Idol","player_choice":"Lose Max HP","floor":3.0,"gold_loss":0.0,"damage_taken":0.0,"relics_obtained":["Golden Idol"]},{"damage_healed":0.0,"max_hp_gain":0.0,"max_hp_loss":0.0,"gold_gain":0.0,"event_name":"Shining Light","player_choice":"Entered Light","floor":7.0,"gold_loss":0.0,"damage_taken":13.0,"cards_upgraded":["Strike_G","Malaise"]},{"damage_healed":0.0,"max_hp_gain":0.0,"max_hp_loss":0.0,"gold_gain":0.0,"cards_transformed":["Strike_G"],"event_name":"Transmorgrifier","player_choice":"Transformed","floor":11.0,"gold_loss":0.0,"damage_taken":0.0,"cards_obtained":["Setup"]},{"cards_removed":["Setup"],"damage_healed":10.0,"max_hp_gain":0.0,"max_hp_loss":0.0,"gold_gain":0.0,"event_name":"Bonfire Elementals","player_choice":"Offered Uncommon","floor":19.0,"gold_loss":0.0,"damage_taken":0.0},{"damage_healed":0.0,"max_hp_gain":0.0,"max_hp_loss":0.0,"gold_gain":0.0,"event_name":"Cursed Tome","player_choice":"Obtained Book","floor":24.0,"gold_loss":0.0,"damage_taken":16.0}],"is_beta":true,"boss_relics":[{"not_picked":["Black Star","HoveringKite"],"picked":"Calling Bell"}],"items_purged_floors":[],"is_endless":false,"potions_floor_spawned":[1,12,14,16,20,21],"killed_by":"Shelled Parasite and Fungi","ascension_level":10}}