{"host":"bucz1ta8m37ss0gy","time":1608225376,"event":{"mods":["Abigail Mod","BaseMod","CapriCore","GungeonMod","Koishi","Marisa£¨Ùöéë¡¡Øª×âÞÞ£©","Minty Spire (QoL Compilation)","Railgun Mod","StSLib","The Bug Knight","The Dragon Tamer","The Immortal","The Wild Card","WarShipGirlsR/??á´Ò³R mod","Youmu£¨ûëÛÞèí?£©"],"gold_per_floor":[109,120,120,120,140,140,155,155,155,42,68,68,82,102,102,200,200,200,27,27,27,7,7,7,7,7,7,7,7,7,7],"floor_reached":29,"playtime":1107,"items_purged":[],"score":288,"play_id":"9db97ced-5085-4428-8696-e8fe668944af","local_time":"20201218021616","is_ascension_mode":false,"campfire_choices":[{"data":"MokouMod:FlickeringFlame","floor":6,"key":"SMITH"},{"data":"MokouMod:ScorchedEarth","floor":8,"key":"SMITH"},{"floor":12,"key":"REST"},{"floor":15,"key":"REST"},{"floor":23,"key":"REST"}],"circlet_count":0,"master_deck":["MokouMod:Strike","MokouMod:Strike","MokouMod:Strike","MokouMod:Strike","MokouMod:Strike","MokouMod:Defend","MokouMod:Defend","MokouMod:Defend","MokouMod:Defend","MokouMod:HeatSpark","MokouMod:ScorchingColumn","MokouMod:IndiscriminateIgnition","MokouMod:FlickeringFlame+1","MokouMod:ScorchedEarth+1","MokouMod:IgnitionBlast","MokouMod:Fireball","MokouMod:Sear","MokouMod:Sear","MokouMod:FlamingFireTalons","MokouMod:HouraiForge+1","MokouMod:AdaptivePyromancy","MokouMod:ResoluteFlare","MokouMod:HeartofFire","MokouMod:FlamingFireTalons","MokouMod:UncontrollableSolarReaction","MokouMod:Ember"],"relics":["MokouMod:PhoenixFeather","NeowsBlessing","Pear","HollowMod:PaleOreRelic","Ectoplasm","Medical Kit","Strawberry","Dead Branch","Tiny Chest"],"acts_visited":["Exordium","TheCity"],"potions_floor_usage":[20,27,27,27],"damage_taken":[{"damage":0,"enemies":"Small Slimes","floor":1,"turns":1},{"damage":0,"enemies":"2 Louse","floor":2,"turns":1},{"damage":0,"enemies":"Cultist","floor":5,"turns":1},{"damage":7,"enemies":"Blue Slaver","floor":7,"turns":2},{"damage":31,"enemies":"Lagavulin","floor":11,"turns":5},{"damage":19,"enemies":"2 Fungi Beasts","floor":13,"turns":3},{"damage":26,"enemies":"Exordium Thugs","floor":14,"turns":5},{"damage":53,"enemies":"The Guardian","floor":16,"turns":8},{"damage":10,"enemies":"Chosen","floor":18,"turns":4},{"damage":33,"enemies":"Snecko","floor":20,"turns":5},{"damage":18,"enemies":"HollowMod:Nosk","floor":24,"turns":6},{"damage":37,"enemies":"Sentry and Sphere","floor":27,"turns":5},{"damage":35,"enemies":"Book of Stabbing","floor":28,"turns":4},{"damage":41,"enemies":"Snake Plant","floor":29,"turns":3}],"seed_played":"-4355243659248770664","potions_obtained":[{"floor":2,"key":"GamblersBrew"},{"floor":11,"key":"SneckoOil"},{"floor":14,"key":"DistilledChaos"},{"floor":16,"key":"Weak Potion"},{"floor":20,"key":"DuplicationPotion"}],"is_trial":false,"path_per_floor":["M","M","?","?","M","R","M","R","T","$","E","R","M","M","R","B",null,"M","$","M","?","?","R","E","?","T","M","E","M"],"character_chosen":"MKU","items_purchased":["MokouMod:IgnitionBlast","MokouMod:Fireball","Medical Kit","MokouMod:ResoluteFlare"],"campfire_rested":3,"item_purchase_floors":[10,10,19,19],"current_hp_per_floor":[75,75,75,75,75,75,68,68,78,78,47,72,53,27,52,21,85,75,75,42,42,42,67,56,56,56,19,7,0,0,0],"gold":7,"neow_bonus":"THREE_ENEMY_KILL","is_daily":false,"chose_seed":false,"campfire_upgraded":2,"win_rate":0.0,"timestamp":1608225376,"path_taken":["M","M","?","?","M","R","?","R","T","$","E","R","M","M","R","BOSS","M","$","M","?","?","R","E","?","T","M","E","M"],"items_purchased_type":["Card","Card","Relic","Card"],"build_version":"2020-12-13","purchased_purges":0,"victory":false,"max_hp_per_floor":[75,75,75,75,75,75,75,75,85,85,85,85,85,85,85,85,85,85,85,85,85,85,85,92,92,92,92,92,92,92,92],"card_choices":[{"not_picked":["MokouMod:FlickeringFlame","MokouMod:ResoluteFlare"],"picked":"MokouMod:ScorchingColumn","floor":1},{"not_picked":["MokouMod:Firecracker","MokouMod:Sear"],"picked":"MokouMod:IndiscriminateIgnition","floor":2},{"not_picked":["MokouMod:Wildfire","MokouMod:Singe"],"picked":"MokouMod:FlickeringFlame","floor":5},{"not_picked":["MokouMod:RisingSunBarrier","MokouMod:IndiscriminateIgnition"],"picked":"MokouMod:ScorchedEarth","floor":7},{"not_picked":["MokouMod:Rebirth","MokouMod:FlickeringFlame"],"picked":"MokouMod:Sear","floor":11},{"not_picked":["MokouMod:FlareStarter","MokouMod:ResoluteFlare"],"picked":"MokouMod:Sear","floor":13},{"not_picked":["MokouMod:InfernalWave","MokouMod:RoaringFlare"],"picked":"MokouMod:FlamingFireTalons","floor":14},{"not_picked":["MokouMod:SacredFire","MokouMod:Extinguish"],"picked":"MokouMod:HouraiForge","floor":16},{"not_picked":["MokouMod:Trailblazer+1","MokouMod:FlickeringFlame+1"],"picked":"MokouMod:AdaptivePyromancy","floor":18},{"not_picked":["MokouMod:SearingBlow","MokouMod:AdaptivePyromancy"],"picked":"MokouMod:HeartofFire","floor":20},{"not_picked":["MokouMod:Stoke","MokouMod:PhoenixFeathers"],"picked":"MokouMod:FlamingFireTalons","floor":24},{"not_picked":["MokouMod:SearingShot+1","MokouMod:Singe"],"picked":"MokouMod:UncontrollableSolarReaction","floor":27},{"not_picked":["MokouMod:Scorch","MokouMod:SearingShot"],"picked":"MokouMod:Ember","floor":28}],"player_experience":298412,"relics_obtained":[{"floor":9,"key":"Pear"},{"floor":11,"key":"HollowMod:PaleOreRelic"},{"floor":24,"key":"Strawberry"},{"floor":26,"key":"Dead Branch"},{"floor":28,"key":"Tiny Chest"}],"event_choices":[{"damage_healed":0,"gold_gain":0,"player_choice":"Ignored","damage_taken":0,"max_hp_gain":0,"max_hp_loss":0,"event_name":"Golden Wing","floor":3,"gold_loss":0},{"damage_healed":0,"gold_gain":0,"player_choice":"Ignored","damage_taken":0,"max_hp_gain":0,"max_hp_loss":0,"event_name":"NoteForYourself","floor":4,"gold_loss":0},{"damage_healed":0,"gold_gain":0,"player_choice":"Ignored","damage_taken":0,"max_hp_gain":0,"max_hp_loss":0,"event_name":"Ghosts","floor":21,"gold_loss":0},{"damage_healed":0,"gold_gain":0,"player_choice":"Upgraded","damage_taken":0,"max_hp_gain":0,"max_hp_loss":0,"event_name":"Upgrade Shrine","floor":25,"gold_loss":0,"cards_upgraded":["MokouMod:HouraiForge"]}],"is_beta":false,"boss_relics":[{"not_picked":["Snecko Eye","Calling Bell"],"picked":"Ectoplasm"}],"items_purged_floors":[],"is_endless":false,"potions_floor_spawned":[2,11,14,16,20],"killed_by":"Snake Plant","ascension_level":0}}