{"host":"yuqw1qbhv58x22od","time":1608244007,"event":{"mods":["BaseMod","Infinite Spire","Minty Spire (QoL Compilation)","Replay The Spire","StSLib","The Servant 0.9.4"],"gold_per_floor":[110,110,37,55,55,55,65,65,88,104,124,124,143,159,159,159,159],"floor_reached":16,"playtime":963,"items_purged":[],"score":94,"play_id":"dea1e632-68fd-4589-b106-68eccbaa1960","local_time":"20201217202647","is_ascension_mode":false,"campfire_choices":[{"data":"Read","floor":6,"key":"SMITH"},{"data":"Luminosity","floor":8,"key":"SMITH"},{"data":"Dilation","floor":12,"key":"SMITH"},{"data":"Dilation","floor":15,"key":"SMITH"}],"circlet_count":0,"master_deck":["Strike_S","Strike_S","Defend_S","Defend_S","Defend_S","Defend_S","KidneyShot","Exchange","Ricochet+1","Read+1","Luminosity+1","SurpressingFire","SurpressingFire","Dilation+1","Starlight","Dilation+1"],"relics":["Uniform","NeowsBlessing","Happy Flower"],"acts_visited":["Exordium"],"potions_floor_usage":[11,11,13,14,16,16],"damage_taken":[{"damage":0,"enemies":"2 Louse","floor":1,"turns":1},{"damage":0,"enemies":"Jaw Worm","floor":4,"turns":1},{"damage":0,"enemies":"Cultist","floor":7,"turns":1},{"damage":2,"enemies":"3 Louse","floor":10,"turns":3},{"damage":18,"enemies":"Gremlin Gang","floor":11,"turns":3},{"damage":11,"enemies":"Red Slaver","floor":13,"turns":5},{"damage":0,"enemies":"3 Louse","floor":14,"turns":2},{"damage":35,"enemies":"Hexaghost","floor":16,"turns":30}],"seed_played":"-4777542193293839581","potions_obtained":[{"floor":1,"key":"Explosive Potion"},{"floor":4,"key":"Block Potion"},{"floor":10,"key":"EntropicBrew"}],"is_trial":false,"path_per_floor":["M","?","$","M","?","R","M","R","T","M","M","R","M","M","R","B"],"character_chosen":"THE_SERVANT","items_purchased":["Read"],"campfire_rested":0,"item_purchase_floors":[3],"current_hp_per_floor":[65,65,65,65,65,65,65,65,65,63,45,45,34,34,34,0,0],"gold":159,"neow_bonus":"THREE_ENEMY_KILL","is_daily":false,"chose_seed":false,"campfire_upgraded":4,"win_rate":0.0,"timestamp":1608244007,"path_taken":["M","?","$","M","?","R","M","R","T","M","M","R","M","M","R","BOSS"],"items_purchased_type":["Card"],"build_version":"2020-12-13","purchased_purges":0,"victory":false,"max_hp_per_floor":[65,65,65,65,65,65,65,65,65,65,65,65,65,65,65,65,65],"card_choices":[{"not_picked":["MoonPhase","Rewind","Alleviate"],"picked":"SKIP","floor":1},{"not_picked":["Alleviate","DoubleEdge"],"picked":"Luminosity","floor":4},{"not_picked":["Revamp","BottledTime"],"picked":"SurpressingFire","floor":7},{"not_picked":["ShatteredReality","Unruled"],"picked":"SurpressingFire","floor":10},{"not_picked":["Unruled","Barrier"],"picked":"Dilation","floor":11},{"not_picked":["Rewind","DoubleEdge"],"picked":"Starlight","floor":13},{"not_picked":["GearUp","Spin"],"picked":"Dilation","floor":14}],"player_experience":150488,"relics_obtained":[{"floor":9,"key":"Happy Flower"}],"event_choices":[{"cards_removed":["Strike_S"],"damage_healed":0,"gold_gain":0,"player_choice":"Offered Basic","damage_taken":0,"max_hp_gain":0,"max_hp_loss":0,"event_name":"Bonfire Elementals","floor":5,"gold_loss":0}],"is_beta":false,"boss_relics":[],"items_purged_floors":[],"is_endless":false,"potions_floor_spawned":[1,4,10],"killed_by":"Hexaghost","ascension_level":0}}