{"host":"qgwlv9366poilr0p","time":1608240399,"event":{"mods":["BaseMod","Colored Powertips","Conspire","Dota2Spire","Friendly Minions","Halation","Hubris","Infinite Spire","Minty Spire (QoL Compilation)","Relic Stats","Replay The Spire","Shop Mod","StSLib","The Blue Laboratory","Wandering Minibosses","vexMod"],"gold_per_floor":[368,368,332,332,346,346,380,380,429,429,446,19,38,50,50,50,50],"floor_reached":16,"playtime":644,"items_purged":[],"score":179,"play_id":"e24d0abe-19f0-49f8-b2de-45e69a343b52","local_time":"20201217222639","is_ascension_mode":true,"campfire_choices":[{"data":"Zap","floor":6,"key":"SMITH"},{"data":"Dualcast","floor":8,"key":"SMITH"},{"floor":10,"key":"REST"},{"data":"Echo Form","floor":15,"key":"SMITH"}],"circlet_count":0,"master_deck":["AscendersBane","Strike_B","Strike_B","Strike_B","Strike_B","Defend_B","Defend_B","Defend_B","Defend_B","Zap+1","Dualcast+1","Regret","Skim","Chaos+1","Glacier","Compile Driver","Ball Lightning","Echo Form+1","Cold Snap","Barrage","Multi-Cast"],"relics":["Cracked Core","hubris:Icosahedron","Dota2Spire:ArcaneBoots","PreservedInsect","Replay:Bottled Snecko"],"acts_visited":["Exordium"],"potions_floor_usage":[11,16],"damage_taken":[{"damage":9,"enemies":"Small Slimes","floor":1,"turns":3},{"damage":8,"enemies":"2 Louse","floor":3,"turns":3},{"damage":7,"enemies":"Cultist","floor":5,"turns":4},{"damage":36,"enemies":"Lagavulin","floor":7,"turns":9},{"damage":9,"enemies":"Looter","floor":11,"turns":2},{"damage":3,"enemies":"3 Louse","floor":13,"turns":4},{"damage":8,"enemies":"Exordium Wildlife","floor":14,"turns":3},{"damage":67,"enemies":"Hexaghost","floor":16,"turns":9}],"seed_played":"-7416549494659996543","potions_obtained":[{"floor":1,"key":"blueLaboratory:TrueEctoplasm"},{"floor":7,"key":"blueLaboratory:RelayPotion"},{"floor":14,"key":"blueLaboratory:PolymorphPotion"}],"is_trial":false,"path_per_floor":["M","?","M","?","M","R","E","R","T","R","M","$","M","M","R","B"],"character_chosen":"DEFECT","items_purchased":["Echo Form","Replay:Bottled Snecko","Cold Snap"],"campfire_rested":1,"item_purchase_floors":[12,12,12],"current_hp_per_floor":[55,55,47,47,40,40,4,4,4,25,16,16,13,63,63,0,0],"gold":50,"neow_bonus":"TWO_FIFTY_GOLD","is_daily":false,"chose_seed":false,"campfire_upgraded":3,"win_rate":0.0,"timestamp":1608240399,"path_taken":["M","?","M","?","M","R","E","R","T","R","M","$","M","M","R","BOSS"],"items_purchased_type":["Card","Relic","Card"],"build_version":"2020-12-13","purchased_purges":0,"victory":false,"max_hp_per_floor":[71,71,71,71,71,71,71,71,71,71,71,71,71,71,71,71,71],"relic_stats":{"counters":[8,37],"PreservedInsect":0,"obtain_stats":[{"hubris:Icosahedron":2,"PreservedInsect":9,"Dota2Spire:ArcaneBoots":7,"Replay:Bottled Snecko":12,"Cracked Core":0},{"hubris:Icosahedron":1,"PreservedInsect":4,"Dota2Spire:ArcaneBoots":4,"Replay:Bottled Snecko":5,"Cracked Core":0},{"hubris:Icosahedron":3,"PreservedInsect":19,"Dota2Spire:ArcaneBoots":19,"Replay:Bottled Snecko":21,"Cracked Core":0}]},"card_choices":[{"not_picked":["Gash","Redo"],"picked":"Skim","floor":1},{"not_picked":["ReplayGash","Aggregate"],"picked":"Chaos","floor":3},{"not_picked":["Go for the Eyes","Hologram"],"picked":"Glacier","floor":5},{"not_picked":["Steam","Darkness"],"picked":"Compile Driver","floor":7},{"not_picked":["Rebound","Sunder"],"picked":"Ball Lightning","floor":11},{"not_picked":["Leap","Stack"],"picked":"Barrage","floor":13},{"not_picked":["Conserve Battery","Rip and Tear"],"picked":"Multi-Cast","floor":14}],"player_experience":1065392,"relics_obtained":[{"floor":7,"key":"Dota2Spire:ArcaneBoots"},{"floor":9,"key":"PreservedInsect"}],"event_choices":[{"damage_healed":0,"gold_gain":0,"player_choice":"Upgraded","damage_taken":0,"max_hp_gain":0,"max_hp_loss":0,"event_name":"Upgrade Shrine","floor":4,"gold_loss":0,"cards_upgraded":["Chaos"]}],"is_beta":false,"boss_relics":[],"items_purged_floors":[],"is_endless":false,"potions_floor_spawned":[1,7,14],"killed_by":"Hexaghost","ascension_level":15}}