{"host":"szbnbddwah33j004","time":1608177185,"event":{"mods":["2.2 Compatiblity","AchievementEnabler","Act Like it!","BaseMod","BetterRewards","Colored Map","Energized Spire","Hubris","Minty Spire (QoL Compilation)","StSLib","Strawberry Spire"],"gold_per_floor":[111,111,111,122,141,216,216,244,317,317,317],"floor_reached":10,"playtime":571,"items_purged":[],"score":69,"play_id":"892d8ab2-5b39-4599-978f-f538fbe3a2d9","local_time":"20201216215305","is_ascension_mode":true,"campfire_choices":[],"circlet_count":0,"master_deck":["Strike_B","Strike_B","Strike_B","Strike_B","Defend_B","Defend_B","Defend_B","Defend_B","Zap","Dualcast","strawberrySpire:SearchEngine","Clumsy","strawberrySpire:Disconnect","Hologram","Go for the Eyes"],"relics":["hubris:Stopwatch","strawberrySpire:Dreamfruit","Dream Catcher","hubris:BottledRain"],"acts_visited":["Exordium"],"potions_floor_usage":[8],"damage_taken":[{"damage":0,"enemies":"2 Louse","floor":1,"turns":3},{"damage":8,"enemies":"Small Slimes","floor":4,"turns":4},{"damage":7,"enemies":"Jaw Worm","floor":5,"turns":4},{"damage":48,"enemies":"strawberrySpire:EnergyPylons","floor":8,"turns":8},{"damage":8,"enemies":"Gremlin Nob","floor":10,"turns":2}],"seed_played":"-9118487284140520732","potions_obtained":[{"floor":1,"key":"SpeedPotion"},{"floor":8,"key":"DuplicationPotion"}],"is_trial":false,"path_per_floor":["M","?","?","M","M","?","R","E","T","E"],"character_chosen":"DEFECT","items_purchased":[],"campfire_rested":0,"item_purchase_floors":[],"current_hp_per_floor":[75,75,75,67,60,49,49,1,1,0,0],"gold":317,"neow_bonus":"BOSS_RELIC","is_daily":false,"chose_seed":false,"campfire_upgraded":0,"win_rate":0.0,"timestamp":1608177185,"path_taken":["M","?","?","M","M","?","R","E","T","E"],"items_purchased_type":[],"build_version":"2020-12-13","purchased_purges":0,"victory":false,"max_hp_per_floor":[75,75,75,75,75,75,75,75,75,75,75],"card_choices":[{"not_picked":["Self Repair","strawberrySpire:Disconnect"],"picked":"strawberrySpire:SearchEngine","floor":1},{"not_picked":["Sweeping Beam","strawberrySpire:DataDump"],"picked":"strawberrySpire:Disconnect","floor":4},{"not_picked":["Reprogram","Compile Driver"],"picked":"Hologram","floor":5},{"not_picked":["strawberrySpire:ReturnNull","Meteor Strike"],"picked":"Go for the Eyes","floor":8}],"player_experience":48064,"relics_obtained":[{"floor":7,"key":"strawberrySpire:Dreamfruit"},{"floor":8,"key":"Dream Catcher"},{"floor":9,"key":"hubris:BottledRain"}],"event_choices":[{"damage_healed":0,"gold_gain":0,"player_choice":"Leave","damage_taken":0,"max_hp_gain":0,"max_hp_loss":0,"event_name":"The Cleric","floor":3,"gold_loss":0},{"damage_healed":0,"gold_gain":75,"player_choice":"Gather Gold","damage_taken":11,"max_hp_gain":0,"max_hp_loss":0,"event_name":"World of Goop","floor":6,"gold_loss":0}],"is_beta":false,"boss_relics":[],"items_purged_floors":[],"is_endless":false,"potions_floor_spawned":[1,8],"killed_by":"Gremlin Nob","ascension_level":1}}