{"host":"61ejhfsushs0xmcl","time":1608205107,"event":{"mods":["Act Like it!","BaseMod","Colored Map","Gold Saver","Marisa（F雨　魔理沙）","Minty Spire (QoL Compilation)","MostiFishMod","Replay The Spire","Robot Space Explorer","Spicy Shops","StSLib","TestMod","The Alterego","Waifu the Spire","[地精首领爬塔]The Maniac","篝火指南"],"gold_per_floor":[113,113,131,531,531,531,564,564,564,595,341,367,380,406,406,504,504,524,449,461,376,376,404,404,439,439,439,454,482,496,530,530,625,625,643,676,469,492,553,597,624,658,658,658,709,741,741,794,794,824,824,424,183,226,297],"floor_reached":56,"playtime":2486,"items_purged":["RobotSpaceExplorer:Strike","RobotSpaceExplorer:Defend","RobotSpaceExplorer:Defend","RobotSpaceExplorer:Strike+1","RobotSpaceExplorer:Scan+1"],"score":1886,"play_id":"80d4f1b2-4451-475b-a38c-20949d06fcfc","local_time":"20201217193827","is_ascension_mode":true,"campfire_choices":[{"data":"RobotSpaceExplorer:Comet","floor":6.0,"key":"SMITH"},{"data":"RobotSpaceExplorer:StarLightning","floor":8.0,"key":"SMITH"},{"floor":15.0,"key":"RECALL"},{"data":"RobotSpaceExplorer:FranticSearch","floor":27,"key":"SMITH"},{"data":"RobotSpaceExplorer:Scan","floor":32,"key":"SMITH"},{"data":"RobotSpaceExplorer:ChargingLaser","floor":44,"key":"SMITH"},{"data":"RobotSpaceExplorer:Defend","floor":49,"key":"PURGE"}],"circlet_count":0,"master_deck":["RobotSpaceExplorer:MiniLasers+1","RobotSpaceExplorer:Comet+1","RobotSpaceExplorer:StarLightning+1","RobotSpaceExplorer:StarDust+1","RobotSpaceExplorer:Multitool+1","RobotSpaceExplorer:FranticSearch+1","RobotSpaceExplorer:Discharger+1","RobotSpaceExplorer:JunkDive","RobotSpaceExplorer:ScrapMissile+1","RobotSpaceExplorer:ChargingLaser+1","RobotSpaceExplorer:Autoloader+1","RobotSpaceExplorer:MiniBoosters+1"],"relics":["RobotSpaceExplorer:TurboCore","testmod-TestBox","testmod-CardMagician","Medical Kit","Question Card","Iron Hammer","Frozen Egg 2","Juzu Bracelet","ReplayTheSpireMod:Lightbulb","Nunchaku","ImportantClient","ReplayTheSpireMod:Ninjato","Calipers","PreservedInsect","Happy Flower","Akabeko","HornCleat","testmod-DeterminationOfClimber","MawBank","Bag of Preparation","CatCart","Durian","testmod-Acrobat","Replay:Bottled Flurry","Replay:Mystery Machine","Whetstone","ImprovedEquipment","Bottled Tornado","Pen Nib"],"acts_visited":["Exordium","TheCity","TheBeyond","TheEnding"],"potions_floor_usage":[55,55,55],"damage_taken":[{"damage":0.0,"enemies":"Jaw Worm","floor":1.0,"turns":2.0},{"damage":0.0,"enemies":"Small Slimes","floor":3.0,"turns":2.0},{"damage":2.0,"enemies":"Gremlin Nob","floor":7.0,"turns":3.0},{"damage":1.0,"enemies":"3 Sentries","floor":10.0,"turns":3.0},{"damage":6.0,"enemies":"Lagavulin","floor":12.0,"turns":5.0},{"damage":0.0,"enemies":"2 Louse","floor":13.0,"turns":2.0},{"damage":4.0,"enemies":"3 Sentries","floor":14.0,"turns":3.0},{"damage":1.0,"enemies":"The Guardian","floor":16.0,"turns":5.0},{"damage":0.0,"enemies":"Spheric Guardian","floor":18.0,"turns":2.0},{"damage":10.0,"enemies":"2 Thieves","floor":20.0,"turns":3.0},{"damage":17.0,"enemies":"Slavers","floor":23.0,"turns":2.0},{"damage":2,"enemies":"Replay:Snechameleon","floor":25,"turns":2},{"damage":0,"enemies":"3 Cultists","floor":28,"turns":2},{"damage":8,"enemies":"Book of Stabbing","floor":29,"turns":3},{"damage":0,"enemies":"Centurion and Healer","floor":30,"turns":3},{"damage":0,"enemies":"Replay:Snechameleon","floor":31,"turns":2},{"damage":2,"enemies":"Pondfish","floor":33,"turns":4},{"damage":0,"enemies":"Orb Walker","floor":35,"turns":1},{"damage":0,"enemies":"3 Darklings","floor":36,"turns":2},{"damage":0,"enemies":"4 Shapes","floor":38,"turns":1},{"damage":0,"enemies":"Orin","floor":39,"turns":2},{"damage":0,"enemies":"Giant Head","floor":40,"turns":1},{"damage":0,"enemies":"Writhing Mass","floor":41,"turns":1},{"damage":0,"enemies":"Reptomancer","floor":42,"turns":1},{"damage":0,"enemies":"Giant Head","floor":45,"turns":1},{"damage":0,"enemies":"Spire Growth","floor":46,"turns":1},{"damage":0,"enemies":"Reptomancer","floor":48,"turns":1},{"damage":0,"enemies":"Donu and Deca","floor":50,"turns":1},{"damage":0,"enemies":"Shield and Spear","floor":54,"turns":1},{"damage":0,"enemies":"The Heart","floor":55,"turns":3}],"seed_played":"-5311970524627340842","potions_obtained":[{"floor":1.0,"key":"RobotSpaceExplorer:RecyclePotion"},{"floor":13.0,"key":"PowerPotion"},{"floor":14.0,"key":"SmokeBomb"},{"floor":29,"key":"testmod-TestPotion"},{"floor":45,"key":"RobotSpaceExplorer:PlasmaFlask"}],"is_trial":false,"path_per_floor":["M","?","M","?","?","R","E","R","T","E","$","E","M","E","R","B",null,"M","?","M","?","?","E","?","E","T","R","M","E","M","E","R","B",null,"M","M","$","M","?","E","M","E","T","R","E","M","?","E","R_BF","B",null,"R","$","E","B",null],"character_chosen":"RobotSpaceExplorer","items_purchased":["RobotSpaceExplorer:StarDust+1","Bag of Preparation","ImprovedEquipment","Bottled Tornado"],"campfire_rested":0,"item_purchase_floors":[11,37,52,53],"current_hp_per_floor":[68,68,68,68,68,68,66,66,66,65,65,59,59,55,55,54,68,68,68,58,58,58,41,41,39,39,39,39,31,31,31,31,29,68,68,68,68,68,68,73,73,73,73,73,73,73,73,73,73,73,73,73,73,73,73],"gold":297,"neow_bonus":"THREE_RARE_CARDS","is_daily":false,"chose_seed":false,"campfire_upgraded":5,"win_rate":0.0,"timestamp":1608205107,"path_taken":["M","?","M","?","?","R","E","R","T","E","?","E","M","E","R","BOSS","M","?","M","?","?","E","?","E","T","R","M","E","M","E","R","BOSS","M","M","$","M","?","E","M","E","T","R","E","M","?","E","R_BF","BOSS","R","$","E","BOSS"],"items_purchased_type":["Card","Relic","Relic","Relic"],"build_version":"2020-12-13","purchased_purges":5,"victory":true,"max_hp_per_floor":[68,68,68,68,68,68,68,68,68,68,68,68,68,68,68,68,68,68,68,68,68,68,68,68,68,68,68,68,68,68,68,68,68,68,68,68,68,68,68,73,73,73,73,73,73,73,73,73,73,73,73,73,73,73,73],"card_choices":[{"not_picked":["RobotSpaceExplorer:Wormhole","RobotSpaceExplorer:BlastShield"],"picked":"RobotSpaceExplorer:Comet","floor":0.0},{"not_picked":["RobotSpaceExplorer:MetalStrike","RobotSpaceExplorer:Probe","RobotSpaceExplorer:FrostMissile"],"picked":"SKIP","floor":1.0},{"not_picked":["RobotSpaceExplorer:RigExplosive","RobotSpaceExplorer:TurboDodge","RobotSpaceExplorer:MiniDrones"],"picked":"RobotSpaceExplorer:StarLightning","floor":3.0},{"not_picked":["RobotSpaceExplorer:SlimeMissile","RobotSpaceExplorer:Electroshield","RobotSpaceExplorer:MiniDrones"],"picked":"RobotSpaceExplorer:Discharger","floor":7.0},{"not_picked":["RobotSpaceExplorer:Ammunition","RobotSpaceExplorer:RigExplosive","RobotSpaceExplorer:ShockKick","RobotSpaceExplorer:Arsenal"],"picked":"SKIP","floor":10.0},{"not_picked":["RobotSpaceExplorer:FranticSearch","RobotSpaceExplorer:MiniDrones","RobotSpaceExplorer:MetalStrike","RobotSpaceExplorer:Pulsar"],"picked":"SKIP","floor":12.0},{"not_picked":["RobotSpaceExplorer:ShockKick","RobotSpaceExplorer:SurgingShield","RobotSpaceExplorer:FrostMissile","RobotSpaceExplorer:SlimeMissile"],"picked":"SKIP","floor":13.0},{"not_picked":["RobotSpaceExplorer:StunGrenade","RobotSpaceExplorer:ScrapMissile","RobotSpaceExplorer:FreezeRay+1","RobotSpaceExplorer:ScrapToss"],"picked":"SKIP","floor":14.0},{"not_picked":["RobotSpaceExplorer:BlastShield","RobotSpaceExplorer:ChargingLaser","RobotSpaceExplorer:Multitool+1"],"picked":"RobotSpaceExplorer:Exploration","floor":16.0},{"not_picked":["RobotSpaceExplorer:ImprovisedAttack","RobotSpaceExplorer:SurgingShield","RobotSpaceExplorer:MetalStrike","RobotSpaceExplorer:FreezeRay+1"],"picked":"SKIP","floor":18.0},{"not_picked":["RobotSpaceExplorer:FrostMissile","RobotSpaceExplorer:SurgingStrike","RobotSpaceExplorer:MetalStrike","RobotSpaceExplorer:Probe"],"picked":"SKIP","floor":20.0},{"not_picked":["RobotSpaceExplorer:ShovelStrike+1","RobotSpaceExplorer:MiniDrones+1","RobotSpaceExplorer:MakeshiftVolley"],"picked":"RobotSpaceExplorer:Multitool+1","floor":23.0},{"not_picked":["RobotSpaceExplorer:MiniDrones+1","RobotSpaceExplorer:BigMissile+1","RobotSpaceExplorer:Jetpack","RobotSpaceExplorer:ImprovisedAttack"],"picked":"SKIP","floor":25},{"not_picked":["RobotSpaceExplorer:IronShell+1","RobotSpaceExplorer:FrostMissile","RobotSpaceExplorer:ImprovisedAttack","RobotSpaceExplorer:ShockKick+1"],"picked":"SKIP","floor":28},{"not_picked":["RobotSpaceExplorer:Counterblock","RobotSpaceExplorer:Electropulse","RobotSpaceExplorer:SurgingStrike+1","RobotSpaceExplorer:MiniDrones+1"],"picked":"SKIP","floor":29},{"not_picked":["RobotSpaceExplorer:Ammunition+1","RobotSpaceExplorer:LuckyStrike+1","RobotSpaceExplorer:MetalStrike","RobotSpaceExplorer:SurgingShield"],"picked":"SKIP","floor":30},{"not_picked":["RobotSpaceExplorer:Probe","RobotSpaceExplorer:LuckyStrike","RobotSpaceExplorer:Blaster"],"picked":"RobotSpaceExplorer:JunkDive","floor":31},{"not_picked":["RobotSpaceExplorer:DroneSwarm+1","RobotSpaceExplorer:Scanner+1","RobotSpaceExplorer:Autoloader+1"],"picked":"RobotSpaceExplorer:Exploration","floor":33},{"not_picked":["RobotSpaceExplorer:ScrapMissile","RobotSpaceExplorer:GlueShot","RobotSpaceExplorer:MiniDrones","RobotSpaceExplorer:Ammunition"],"picked":"SKIP","floor":35},{"not_picked":["RobotSpaceExplorer:SurgingStrike+1","RobotSpaceExplorer:Blitz","RobotSpaceExplorer:FreezeRay+1"],"picked":"RobotSpaceExplorer:ScrapMissile+1","floor":36},{"not_picked":["RobotSpaceExplorer:FreezingShield","RobotSpaceExplorer:ToxicBomb","RobotSpaceExplorer:GearShield+1","RobotSpaceExplorer:DualCore+1"],"picked":"SKIP","floor":38},{"not_picked":["RobotSpaceExplorer:LuckyStrike","RobotSpaceExplorer:Fix","RobotSpaceExplorer:Electroshield","RobotSpaceExplorer:StarDust+1"],"picked":"SKIP","floor":40},{"not_picked":["RobotSpaceExplorer:Counterblock","RobotSpaceExplorer:ShovelStrike+1","RobotSpaceExplorer:DoubleFind+1"],"picked":"RobotSpaceExplorer:ChargingLaser","floor":41},{"not_picked":["RobotSpaceExplorer:SwiftStep+1","RobotSpaceExplorer:ImprovisedAttack+1","RobotSpaceExplorer:Discharger+1"],"picked":"RobotSpaceExplorer:Autoloader+1","floor":42},{"not_picked":["RobotSpaceExplorer:GlueShot","RobotSpaceExplorer:GearShield+1","RobotSpaceExplorer:LaserBurst","RobotSpaceExplorer:DoubleFind"],"picked":"SKIP","floor":45},{"not_picked":["RobotSpaceExplorer:PlasmaMissile","RobotSpaceExplorer:ImprovisedAttack+1","RobotSpaceExplorer:DoubleBlock+1","RobotSpaceExplorer:StunGrenade+1"],"picked":"SKIP","floor":46},{"not_picked":["RobotSpaceExplorer:MakeshiftVolley+1","RobotSpaceExplorer:FrostMissile","RobotSpaceExplorer:SwiftStep"],"picked":"RobotSpaceExplorer:MiniBoosters+1","floor":48},{"not_picked":["RobotSpaceExplorer:ScrapToss","RobotSpaceExplorer:MetalStrike+1","RobotSpaceExplorer:Pulsar+1","RobotSpaceExplorer:Counterblock"],"picked":"SKIP","floor":54}],"player_experience":804489,"relics_obtained":[{"floor":1.0,"key":"Question Card"},{"floor":7.0,"key":"Iron Hammer"},{"floor":9.0,"key":"Frozen Egg 2"},{"floor":10.0,"key":"Juzu Bracelet"},{"floor":12.0,"key":"ReplayTheSpireMod:Lightbulb"},{"floor":14.0,"key":"Nunchaku"},{"floor":16.0,"key":"ImportantClient"},{"floor":20.0,"key":"ReplayTheSpireMod:Ninjato"},{"floor":23.0,"key":"PreservedInsect"},{"floor":25,"key":"Happy Flower"},{"floor":29,"key":"Akabeko"},{"floor":31,"key":"HornCleat"},{"floor":35,"key":"MawBank"},{"floor":39,"key":"CatCart"},{"floor":40,"key":"Durian"},{"floor":42,"key":"testmod-Acrobat"},{"floor":43,"key":"Replay:Bottled Flurry"},{"floor":45,"key":"Replay:Mystery Machine"},{"floor":48,"key":"Whetstone"},{"floor":54,"key":"Pen Nib"}],"event_choices":[{"cards_removed":["RobotSpaceExplorer:Defend"],"damage_healed":0.0,"max_hp_gain":0.0,"max_hp_loss":0.0,"gold_gain":0.0,"event_name":"Living Wall","player_choice":"Forget","floor":2.0,"gold_loss":0.0,"damage_taken":0.0},{"damage_healed":0.0,"max_hp_gain":0.0,"max_hp_loss":0.0,"gold_gain":400.0,"event_name":"恩洛斯的盘子","player_choice":"Sell","floor":4.0,"relics_lost":["DaveBox"],"gold_loss":0.0,"damage_taken":0.0},{"cards_removed":["RobotSpaceExplorer:Strike"],"damage_healed":0.0,"max_hp_gain":0.0,"max_hp_loss":0.0,"gold_gain":0.0,"event_name":"Beggar","player_choice":"Gave Gold","floor":19.0,"gold_loss":75.0,"damage_taken":0.0},{"damage_healed":0.0,"max_hp_gain":0.0,"max_hp_loss":0.0,"gold_gain":0.0,"event_name":"Addict","player_choice":"Obtained Relic","floor":21.0,"gold_loss":85.0,"damage_taken":0.0,"relics_obtained":["Calipers"]},{"damage_healed":0.0,"max_hp_gain":0.0,"max_hp_loss":0.0,"gold_gain":0.0,"event_name":"Vampires","player_choice":"Ignored","floor":22.0,"gold_loss":0.0,"damage_taken":0.0},{"damage_healed":0,"gold_gain":0,"cards_transformed":["RobotSpaceExplorer:Discharger","RobotSpaceExplorer:Strike"],"player_choice":"Became Test Subject","damage_taken":0,"max_hp_gain":0,"max_hp_loss":0,"event_name":"Drug Dealer","floor":24,"gold_loss":0,"cards_obtained":["RobotSpaceExplorer:FranticSearch","RobotSpaceExplorer:Discharger"]},{"damage_healed":0,"gold_gain":0,"player_choice":"Fight","damage_taken":0,"max_hp_gain":0,"max_hp_loss":0,"event_name":"OrinTheCat","floor":39,"gold_loss":0},{"damage_healed":0,"gold_gain":0,"player_choice":"Bought 0 Potions","damage_taken":0,"max_hp_gain":0,"max_hp_loss":0,"event_name":"The Woman in Blue","floor":47,"gold_loss":0}],"is_beta":false,"boss_relics":[{"not_picked":["TimeKeys","Replay:Ancient Bell"],"picked":"RobotSpaceExplorer:TurboCore"},{"not_picked":["BloodWine","Sozu"],"picked":"testmod-DeterminationOfClimber"}],"items_purged_floors":[11,11,37,52,53],"is_endless":false,"potions_floor_spawned":[1,13,14,28,29,31,33,40,45,48],"ascension_level":1}}