{"host":"3mdjmozz5rahgtdc","time":1608176505,"event":{"mods":["AchievementEnabler","BaseMod","Better Silent Start","Better-Laid Plans","Colored Map","Colored Powertips","Custom Start","DeckTracker","Emptier Cage","KOR Keyword Fix","Keyboard Shortcuts","Minty Spire (QoL Compilation)","Permanent Neow","Quick Restart","StSLib","SuperFastMode"],"gold_per_floor":[112,112,112,37,52,52,227,227,251,270,287,287,306,326,326,326,326],"floor_reached":16,"playtime":355,"items_purged":["Strike_G"],"score":115,"play_id":"48831540-2cea-4e95-9cf2-3f46e56d8afd","local_time":"20201217124145","is_ascension_mode":true,"campfire_choices":[{"data":"Bouncing Flask","floor":6.0,"key":"SMITH"},{"data":"Neutralize","floor":8.0,"key":"SMITH"},{"data":"Masterful Stab","floor":12.0,"key":"SMITH"},{"floor":15,"key":"REST"}],"circlet_count":0,"master_deck":["Strike_G","Strike_G","Strike_G","Defend_G","Defend_G","Defend_G","Defend_G","Survivor","Neutralize+1","Masterful Stab+1","Bouncing Flask+1","Underhanded Strike","Backflip"],"relics":["Ring of the Snake","Ice Cream","Omamori","Oddly Smooth Stone"],"acts_visited":["Exordium"],"potions_floor_usage":[16],"damage_taken":[{"damage":1.0,"enemies":"Small Slimes","floor":1.0,"turns":4.0},{"damage":0.0,"enemies":"2 Louse","floor":5.0,"turns":3.0},{"damage":0.0,"enemies":"Jaw Worm","floor":10.0,"turns":2.0},{"damage":12.0,"enemies":"Exordium Thugs","floor":11.0,"turns":4.0},{"damage":0.0,"enemies":"Exordium Wildlife","floor":13.0,"turns":3.0},{"damage":0,"enemies":"Blue Slaver","floor":14,"turns":3},{"damage":55,"enemies":"Slime Boss","floor":16,"turns":8}],"seed_played":"-551112914087983943","potions_obtained":[{"floor":1.0,"key":"SmokeBomb"},{"floor":10.0,"key":"Poison Potion"},{"floor":11.0,"key":"Block Potion"}],"is_trial":false,"path_per_floor":["M","$","?","$","M","R","?","R","T","M","M","R","M","M","R","B"],"character_chosen":"THE_SILENT","items_purchased":[],"campfire_rested":1,"item_purchase_floors":[],"current_hp_per_floor":[48,48,36,36,36,36,36,36,36,36,24,24,24,24,45,0,0],"gold":326,"neow_bonus":"ONE_RARE_RELIC","is_daily":false,"chose_seed":false,"campfire_upgraded":3,"win_rate":0.0,"timestamp":1608176505,"path_taken":["M","$","?","$","M","R","?","R","T","M","M","R","M","M","R","BOSS"],"items_purchased_type":[],"build_version":"2020-12-13","purchased_purges":1,"victory":false,"max_hp_per_floor":[70,70,70,70,70,70,70,70,70,70,70,70,70,70,70,70,70],"card_choices":[{"not_picked":["Dodge and Roll","Reflex"],"picked":"Masterful Stab","floor":1.0},{"not_picked":["Slice","Outmaneuver"],"picked":"Bouncing Flask","floor":5.0},{"not_picked":["Footwork","Acrobatics","Bane"],"picked":"SKIP","floor":10.0},{"not_picked":["Heel Hook","Prepared"],"picked":"Underhanded Strike","floor":11.0},{"not_picked":["PiercingWail","Finisher"],"picked":"Backflip","floor":13.0},{"not_picked":["Concentrate","Night Terror","Bane"],"picked":"SKIP","floor":14}],"player_experience":300212,"relics_obtained":[{"floor":9.0,"key":"Oddly Smooth Stone"}],"event_choices":[{"damage_healed":0.0,"max_hp_gain":0.0,"max_hp_loss":0.0,"gold_gain":0.0,"event_name":"Scrap Ooze","player_choice":"Success","floor":3.0,"gold_loss":0.0,"damage_taken":12.0,"relics_obtained":["Omamori"]},{"damage_healed":0.0,"max_hp_gain":0.0,"max_hp_loss":0.0,"gold_gain":175.0,"event_name":"Liars Game","player_choice":"AGREE","floor":7.0,"gold_loss":0.0,"damage_taken":0.0,"cards_obtained":["Doubt"]}],"is_beta":false,"boss_relics":[],"items_purged_floors":[4],"is_endless":false,"potions_floor_spawned":[1,10,11],"killed_by":"Slime Boss","ascension_level":5}}