{"host":"0fmi5fguj5lvt8pf","time":1608219263,"event":{"mods":["BaseMod","BetterRewards","Colored Map","Downfall","Minty Spire (QoL Compilation)","Permanent Neow","StSLib"],"gold_per_floor":[99,115,134,234,234,254,326,346,357,357,46,62,76,76,94,94,94],"floor_reached":16,"playtime":1295,"items_purged":["champ:Defend"],"score":96,"play_id":"9abe6c03-e5cc-44da-9b6b-3b6e6bcaee9b","local_time":"20201217073423","is_ascension_mode":false,"campfire_choices":[{"data":"champ:Taunt","floor":1.0,"key":"SMITH"},{"data":"champ:Duel","floor":10.0,"key":"SMITH"}],"circlet_count":0,"master_deck":["champ:Strike","champ:Strike","champ:Strike","champ:Defend","champ:Defend","champ:Defend","champ:Execute","champ:Taunt+1","champ:StanceDance+1","champ:Riposte","champ:Duel+1","champ:SwordSigil","champ:PerfectedStrike","champ:Circumvent","champ:SteelEdge","champ:ShieldWall"],"relics":["champ:ChampionCrown","CloakClasp","StrikeDummy"],"acts_visited":["Exordium"],"potions_floor_usage":[13,16],"damage_taken":[{"damage":11.0,"enemies":"Jaw Worm","floor":2.0,"turns":3.0},{"damage":5.0,"enemies":"2 Louse","floor":3.0,"turns":3.0},{"damage":98.0,"enemies":"2 Louse","floor":4.0,"turns":15.0},{"damage":5.0,"enemies":"Cultist","floor":6.0,"turns":3.0},{"damage":16.0,"enemies":"Exordium Thugs","floor":8.0,"turns":6.0},{"damage":10.0,"enemies":"2 Fungi Beasts","floor":9.0,"turns":5.0},{"damage":5.0,"enemies":"downfall:FleeingMerchant","floor":11.0,"turns":4.0},{"damage":0.0,"enemies":"Large Slime","floor":12.0,"turns":3.0},{"damage":0,"enemies":"Lots of Slimes","floor":13,"turns":4},{"damage":0,"enemies":"3 Louse","floor":15,"turns":4},{"damage":26,"enemies":"downfall:Defect","floor":16,"turns":6}],"seed_played":"5878768390440882027","potions_obtained":[{"floor":4.0,"key":"Guardian:BlockOnCardUsePotion"},{"floor":9.0,"key":"FearPotion"},{"floor":15,"key":"champ:OpenerPotion"}],"is_trial":false,"path_per_floor":["R","M","M","?","?","M","T","M","M","R","$","M","M","?","M","B"],"character_chosen":"THE_CHAMP","items_purchased":["champ:SteelEdge","champ:ShieldWall"],"campfire_rested":0,"item_purchase_floors":[11,11],"current_hp_per_floor":[90,84,84,16,46,46,46,35,25,25,25,25,25,25,25,0,0],"gold":94,"neow_bonus":"REMOVE_CARD","is_daily":false,"chose_seed":false,"campfire_upgraded":2,"win_rate":0.0,"timestamp":1608219263,"path_taken":["R","M","M","?","?","?","T","M","M","R","$","M","M","?","M","BOSS"],"items_purchased_type":["Card","Card"],"build_version":"2020-12-13","purchased_purges":1,"victory":false,"max_hp_per_floor":[90,90,90,90,90,90,90,90,90,90,90,90,90,90,90,90,90],"card_choices":[{"not_picked":["champ:BringItOn","champ:CrookedStrike"],"picked":"champ:StanceDance","floor":2.0},{"not_picked":["champ:BringItOn","champ:BerserkersShout"],"picked":"champ:Riposte","floor":3.0},{"not_picked":["champ:RapidStrikes","champ:Circumvent"],"picked":"champ:Duel","floor":4.0},{"not_picked":["champ:Encircle","champ:ShieldSigil"],"picked":"champ:SwordSigil","floor":6.0},{"not_picked":["champ:FanOfKnives","champ:BerserkersShout","champ:BringItOn"],"picked":"SKIP","floor":8.0},{"not_picked":["champ:Lariat","champ:CrookedStrike"],"picked":"champ:PerfectedStrike","floor":9.0},{"not_picked":["champ:AdrenalArmor","champ:CrookedStrike"],"picked":"champ:Circumvent","floor":11.0},{"not_picked":["champ:LastStand","champ:Backstep","champ:ViciousMockery"],"picked":"SKIP","floor":12.0},{"not_picked":["champ:FocusedGladiator","champ:DeathBlow","champ:AdrenalArmor"],"picked":"SKIP","floor":13},{"not_picked":["champ:PerfectedStrike","champ:BringItOn","champ:GladiatorStyle"],"picked":"SKIP","floor":15}],"player_experience":1177152,"relics_obtained":[{"floor":4.0,"key":"CloakClasp"},{"floor":7.0,"key":"StrikeDummy"}],"event_choices":[{"damage_healed":30.0,"max_hp_gain":0.0,"max_hp_loss":0.0,"gold_gain":0.0,"event_name":"Big Fish","player_choice":"Banana","floor":5.0,"gold_loss":0.0,"damage_taken":0.0},{"damage_healed":0,"gold_gain":0,"player_choice":"Forge","damage_taken":0,"max_hp_gain":0,"max_hp_loss":0,"event_name":"Accursed Blacksmith","floor":14,"gold_loss":0,"cards_upgraded":["champ:StanceDance"]}],"is_beta":false,"boss_relics":[],"items_purged_floors":[11],"is_endless":false,"potions_floor_spawned":[4,9,15],"killed_by":"downfall:Defect","ascension_level":0}}