{"host":"aj7el8l5kufbk20z","time":1608193249,"event":{"mods":["AchievementEnabler","BaseMod","Colored Map","Colored Powertips","Curses Come First","Highlight Path","Minty Spire (QoL Compilation)","Quick Restart","Rare Cards Sparkle","Relic Stats","StSLib","SuperFastMode"],"gold_per_floor":[11700,10926,10940,10952,10952,10952,10985,10985,10985,10985,11001,11001,11001,11001,11001,11105,11105,11122,11122,11135,10229,10239,10272,10272,10197,10251,10251,9721,9721,9731,9750,9750,9845,9845,9857,9857,9098,9148,8268,8295,8295,8346,8372,8402,8402,8417,8417,8434,8434,8434],"floor_reached":51,"playtime":4168,"items_purged":["Strike_P","Defend_P","Defend_P","Strike_P","Defend_P+1"],"score":891,"play_id":"b5dac14d-71f0-48e8-af50-1a2cfb3e479b","local_time":"20201217162049","is_ascension_mode":true,"campfire_choices":[{"data":"TalkToTheHand","floor":6,"key":"SMITH"},{"data":"Vault","floor":8,"key":"SMITH"},{"data":"Nirvana","floor":10,"key":"SMITH"},{"data":"CutThroughFate","floor":13,"key":"SMITH"},{"data":"Eruption","floor":15,"key":"SMITH"},{"data":"Apotheosis","floor":24,"key":"SMITH"},{"data":"DeusExMachina","floor":27,"key":"SMITH"},{"data":"Judgement","floor":29,"key":"SMITH"},{"data":"MentalFortress","floor":32,"key":"SMITH"},{"data":"Wireheading","floor":41,"key":"SMITH"},{"data":"Study","floor":45,"key":"SMITH"},{"data":"1","floor":47,"key":"LIFT"},{"data":"2","floor":49,"key":"LIFT"}],"circlet_count":0,"master_deck":["Defend_P+1","Eruption+1","Vigilance","Conclude","Protect","Nirvana+1","CutThroughFate+1","TalkToTheHand+1","Vault+1","PathToVictory+1","Judgement+1","Prostrate","MentalFortress+1","Wireheading+1","Apotheosis+1","Prostrate","DeusExMachina+1","PathToVictory+1","Omniscience","Evaluate","SpiritShield","Wallop","Wallop","Study+1","BattleHymn+1","BattleHymn+1","Evaluate+1"],"relics":["PureWater","NeowsBlessing","Juzu Bracelet","HornCleat","StrikeDummy","Unceasing Top","War Paint","Philosopher\u0027s Stone","Nloth\u0027s Gift","Sling","CloakClasp","Akabeko","Mango","Nunchaku","Lantern","Bottled Flame","Black Star","Potion Belt","InkBottle","OrangePellets","StoneCalendar","Shuriken","Pen Nib","Toolbox","PreservedInsect","Orichalcum","Girya","MealTicket","Ornamental Fan","Toxic Egg 2"],"acts_visited":["Exordium","TheCity","TheBeyond"],"potions_floor_usage":[16,23,33,40,40,50,50,50,50,50,50,50,50,50],"damage_taken":[{"damage":0,"enemies":"Jaw Worm","floor":1,"turns":1},{"damage":0,"enemies":"2 Louse","floor":3,"turns":1},{"damage":0,"enemies":"Cultist","floor":4,"turns":1},{"damage":29,"enemies":"3 Sentries","floor":7,"turns":11},{"damage":0,"enemies":"Blue Slaver","floor":11,"turns":5},{"damage":0,"enemies":"Slime Boss","floor":16,"turns":7},{"damage":0,"enemies":"Chosen","floor":18,"turns":5},{"damage":2,"enemies":"Shell Parasite","floor":20,"turns":4},{"damage":0,"enemies":"Snecko","floor":22,"turns":3},{"damage":26,"enemies":"Slavers","floor":23,"turns":6},{"damage":0,"enemies":"Centurion and Healer","floor":30,"turns":5},{"damage":0,"enemies":"Cultist and Chosen","floor":31,"turns":4},{"damage":10,"enemies":"Champ","floor":33,"turns":7},{"damage":6,"enemies":"Orb Walker","floor":35,"turns":5},{"damage":1,"enemies":"Mind Bloom Boss Battle","floor":38,"turns":7},{"damage":44,"enemies":"Reptomancer","floor":40,"turns":7},{"damage":27,"enemies":"2 Orb Walkers","floor":42,"turns":6},{"damage":6,"enemies":"Nemesis","floor":44,"turns":6},{"damage":9,"enemies":"3 Darklings","floor":46,"turns":7},{"damage":9,"enemies":"Spire Growth","floor":48,"turns":4},{"damage":21,"enemies":"Donu and Deca","floor":50,"turns":6}],"seed_played":"3046373260329357745","potions_obtained":[{"floor":4,"key":"SkillPotion"},{"floor":7,"key":"SneckoOil"},{"floor":18,"key":"EntropicBrew"},{"floor":22,"key":"ColorlessPotion"},{"floor":31,"key":"GamblersBrew"},{"floor":40,"key":"SkillPotion"},{"floor":42,"key":"Swift Potion"},{"floor":44,"key":"Weak Potion"}],"is_trial":false,"path_per_floor":["M","$","M","M","?","R","E","R","T","R","M","?","R","?","R","B",null,"M","?","M","$","M","E","R","?","T","R","$","R","M","M","R","B",null,"M","?","$","?","$","E","R","?","T","E","R","M","R","M","R","B",null],"character_chosen":"WATCHER","items_purchased":["Juzu Bracelet","HornCleat","ClockworkSouvenir","Protect","Nirvana","Strength Potion","Sling","CloakClasp","Akabeko","Wireheading","Apotheosis","Lantern","Bottled Flame","Potion Belt","InkBottle","OrangePellets","ColorlessPotion","Shuriken","Pen Nib","Toolbox","Wallop","PowerPotion","ColorlessPotion"],"campfire_rested":0,"item_purchase_floors":[2,2,2,2,2,2,21,21,21,21,21,28,28,37,37,37,37,39,39,39,39,39,39],"current_hp_per_floor":[72,72,72,72,54,54,67,67,67,67,67,67,67,67,67,67,72,72,72,70,70,70,58,58,58,58,58,58,58,58,58,58,48,86,80,80,80,79,79,135,135,108,108,102,102,93,93,84,84,63],"gold":8434,"neow_bonus":"THREE_ENEMY_KILL","is_daily":false,"chose_seed":false,"campfire_upgraded":11,"win_rate":0.0,"timestamp":1608193249,"path_taken":["M","$","M","M","?","R","E","R","T","R","M","?","R","?","R","BOSS","M","?","M","$","M","E","R","?","T","R","$","R","M","M","R","BOSS","M","?","$","?","$","E","R","?","T","E","R","M","R","M","R","BOSS"],"items_purchased_type":["Relic","Relic","Relic","Card","Card","Potion","Relic","Relic","Relic","Card","Card","Relic","Relic","Relic","Relic","Relic","Potion","Relic","Relic","Relic","Card","Potion","Potion"],"build_version":"2020-12-13","purchased_purges":5,"victory":true,"max_hp_per_floor":[72,72,72,72,72,72,72,72,72,72,72,72,72,72,72,72,72,72,72,72,72,72,86,86,86,86,86,86,86,86,86,86,86,86,86,182,182,182,182,182,182,182,182,182,182,182,182,182,182,182],"relic_stats":{"counters":[21,108],"StoneCalendar":[0],"Pen Nib":[4],"PreservedInsect":47,"Juzu Bracelet":2,"CloakClasp":[265],"War Paint":["Defend_P","Defend_P"],"Orichalcum":[0],"OrangePellets":[1],"Nunchaku":[7],"Shuriken":[8],"Ornamental Fan":[24],"MealTicket":0,"Nloth\u0027s Gift":2,"Black Star":2,"obtain_stats":[{"Lantern":28,"Mango":23,"StoneCalendar":38,"Juzu Bracelet":2,"CloakClasp":21,"Sling":21,"ClockworkSouvenir":2,"Nunchaku":26,"HornCleat":2,"Toolbox":39,"Philosopher\u0027s Stone":17,"MealTicket":43,"Toxic Egg 2":44,"InkBottle":37,"Potion Belt":37,"Girya":42,"NeowsBlessing":0,"Pen Nib":39,"PreservedInsect":40,"War Paint":9,"Orichalcum":40,"Akabeko":21,"OrangePellets":37,"Bottled Flame":28,"Shuriken":39,"Ornamental Fan":44,"Nloth\u0027s Gift":19,"Black Star":34,"PureWater":0,"StrikeDummy":5,"Unceasing Top":7},{"Lantern":10,"Mango":10,"StoneCalendar":15,"Juzu Bracelet":1,"CloakClasp":8,"Sling":8,"ClockworkSouvenir":1,"Nunchaku":10,"HornCleat":1,"Toolbox":15,"Philosopher\u0027s Stone":6,"MealTicket":17,"Toxic Egg 2":18,"InkBottle":14,"Potion Belt":14,"Girya":17,"NeowsBlessing":0,"Pen Nib":15,"PreservedInsect":16,"War Paint":4,"Orichalcum":16,"Akabeko":8,"OrangePellets":14,"Bottled Flame":10,"Shuriken":15,"Ornamental Fan":18,"Nloth\u0027s Gift":7,"Black Star":13,"PureWater":0,"StrikeDummy":3,"Unceasing Top":4},{"Lantern":44,"Mango":44,"StoneCalendar":72,"Juzu Bracelet":1,"CloakClasp":35,"Sling":35,"ClockworkSouvenir":1,"Nunchaku":44,"HornCleat":1,"Toolbox":72,"Philosopher\u0027s Stone":26,"MealTicket":85,"Toxic Egg 2":91,"InkBottle":65,"Potion Belt":65,"Girya":85,"NeowsBlessing":0,"Pen Nib":72,"PreservedInsect":79,"War Paint":14,"Orichalcum":79,"Akabeko":35,"OrangePellets":65,"Bottled Flame":44,"Shuriken":72,"Ornamental Fan":91,"Nloth\u0027s Gift":31,"Black Star":60,"PureWater":0,"StrikeDummy":3,"Unceasing Top":14}],"Unceasing Top":[0],"InkBottle":[20]},"card_choices":[{"not_picked":["ClearTheMind","JustLucky"],"picked":"Conclude","floor":1},{"not_picked":["Adaptation","Prostrate"],"picked":"CutThroughFate","floor":3},{"not_picked":["EmptyBody","ThirdEye"],"picked":"TalkToTheHand","floor":4},{"not_picked":["Conclude","ThirdEye"],"picked":"Vault","floor":7},{"not_picked":["Protect","Halt"],"picked":"PathToVictory","floor":11},{"not_picked":["Omniscience","Establishment"],"picked":"Judgement","floor":16},{"not_picked":["Weave+1","Halt"],"picked":"Prostrate","floor":18},{"not_picked":["Adaptation","ThirdEye"],"picked":"MentalFortress","floor":20},{"not_picked":["CrushJoints","Halt"],"picked":"Prostrate","floor":22},{"not_picked":["Weave","Protect"],"picked":"DeusExMachina","floor":23},{"not_picked":["WheelKick","FearNoEvil","WaveOfTheHand"],"picked":"SKIP","floor":30},{"not_picked":["Fasting2","FlyingSleeves"],"picked":"PathToVictory+1","floor":31},{"not_picked":["MasterReality","DeusExMachina"],"picked":"Omniscience","floor":33},{"not_picked":["FlurryOfBlows","Prostrate"],"picked":"Evaluate","floor":35},{"not_picked":["ThirdEye","Halt+1"],"picked":"SpiritShield","floor":38},{"not_picked":["Worship","BowlingBash+1"],"picked":"Wallop","floor":40},{"not_picked":["FlurryOfBlows","CrushJoints"],"picked":"Study","floor":42},{"not_picked":["Perseverance+1","ForeignInfluence+1"],"picked":"BattleHymn+1","floor":44},{"not_picked":["Protect+1","Meditate+1"],"picked":"BattleHymn+1","floor":46},{"not_picked":["Consecrate+1","Conclude+1"],"picked":"Evaluate+1","floor":48}],"player_experience":249446,"relics_obtained":[{"floor":7,"key":"Unceasing Top"},{"floor":9,"key":"War Paint"},{"floor":23,"key":"Mango"},{"floor":26,"key":"Nunchaku"},{"floor":38,"key":"StoneCalendar"},{"floor":40,"key":"PreservedInsect"},{"floor":40,"key":"Orichalcum"},{"floor":42,"key":"Girya"},{"floor":43,"key":"MealTicket"},{"floor":44,"key":"Ornamental Fan"},{"floor":44,"key":"Toxic Egg 2"}],"event_choices":[{"damage_healed":0,"gold_gain":0,"player_choice":"Success","damage_taken":18,"relics_obtained":["StrikeDummy"],"max_hp_gain":0,"max_hp_loss":0,"event_name":"Scrap Ooze","floor":5,"gold_loss":0},{"damage_healed":0,"gold_gain":0,"player_choice":"Forge","damage_taken":0,"max_hp_gain":0,"max_hp_loss":0,"event_name":"Accursed Blacksmith","floor":12,"gold_loss":0,"cards_upgraded":["PathToVictory"]},{"cards_removed":["Strike_P"],"damage_healed":0,"gold_gain":0,"player_choice":"Forget","damage_taken":0,"max_hp_gain":0,"max_hp_loss":0,"event_name":"Living Wall","floor":14,"gold_loss":0},{"damage_healed":0,"gold_gain":0,"player_choice":"Traded Relic","damage_taken":0,"relics_obtained":["Nloth\u0027s Gift"],"max_hp_gain":0,"max_hp_loss":0,"event_name":"N\u0027loth","floor":19,"relics_lost":["ClockworkSouvenir"],"gold_loss":0},{"cards_removed":["Strike_P"],"damage_healed":0,"gold_gain":0,"player_choice":"Gave Gold","damage_taken":0,"max_hp_gain":0,"max_hp_loss":0,"event_name":"Beggar","floor":25,"gold_loss":75},{"damage_healed":0,"gold_gain":0,"player_choice":"Max HP","damage_taken":0,"max_hp_gain":0,"max_hp_loss":4,"event_name":"Winding Halls","floor":36,"gold_loss":0},{"damage_healed":0,"gold_gain":0,"player_choice":"Fight","damage_taken":0,"max_hp_gain":0,"max_hp_loss":0,"event_name":"MindBloom","floor":38,"gold_loss":0},{"damage_healed":0,"gold_gain":0,"player_choice":"Fight","damage_taken":0,"max_hp_gain":0,"max_hp_loss":0,"event_name":"Mysterious Sphere","floor":42,"gold_loss":0}],"is_beta":false,"boss_relics":[{"not_picked":["Calling Bell","Snecko Eye"],"picked":"Philosopher\u0027s Stone"},{"not_picked":["Empty Cage","Astrolabe"],"picked":"Black Star"}],"items_purged_floors":[2,21,28,37,39],"is_endless":false,"potions_floor_spawned":[4,7,18,22,31,40,42,44],"ascension_level":2}}