{"host":"jydwu1shxxemady1","time":1608210746,"event":{"mods":["BaseMod","Colored Powertips","Conspire","Downfall","Hermit","Highlight Path","Marisa£®ÏF”Í°°ƒß¿Ì…≥£©","Minty Spire (QoL Compilation)","READ ME - Guardian Mod","Replay The Spire","Shop Mod","StSLib","TestMod","The Bladedancer","The Cursed","The Servant 0.9.4"],"gold_per_floor":[115,91,107,107,0,28,47,47,47,67,79,79,96,125,125,196,196,218,218,218,218,235,271,271,310,355,371,408,408,0,43,43,155,155,183,183,201,228,228,288,288,341,341,397,420,455,455,490,490,542,542,542,4,55,91],"floor_reached":56,"playtime":2381,"items_purged":[],"score":2394,"play_id":"45e5695c-938d-4772-9cdd-d8307a15f476","local_time":"20201217211226","is_ascension_mode":true,"campfire_choices":[{"data":"1","floor":8,"key":"LIFT"},{"data":"2","floor":15,"key":"LIFT"},{"data":"3","floor":24,"key":"LIFT"},{"data":"Poison Darts","floor":29,"key":"SMITH"},{"data":"Wraith Form v2","floor":32,"key":"SMITH"},{"floor":41,"key":"RECALL"},{"data":"Tools of the Trade","floor":47,"key":"SMITH"},{"data":"Bouncing Flask","floor":49,"key":"SMITH"},{"data":"Catalyst","floor":52,"key":"SMITH"}],"circlet_count":0,"master_deck":["AscendersBane","Strike_G","Strike_G","Strike_G","Strike_G","Strike_G","Defend_G","Defend_G","Defend_G","Defend_G","Survivor","Neutralize","Cloak And Dagger","Dagger Spray","Backstab","PiercingWail","Poisoned Stab","Dagger Spray","Catalyst+1","Deadly Poison","Tools of the Trade+1","Wraith Form v2+1","RitualDagger","Caltrops","Sucker Punch+1","Deadly Poison","Blade Dance","Poison Darts+1","Skewer","ReplayTheSpireMod:From All Sides+1","CurseOfTheBell","Backstab+1","Draining Mist","Unload+1","Bouncing Flask+1","ReplayTheSpireMod:From All Sides+1","Poisoned Stab+1","Transmutation","testmod-Bloodthirsty","Terror","Terror","Finisher+1"],"relics":["Ring of the Snake","testmod-TestBox","testmod-Faith","NeowsBlessing","Replay:WaspNest","Membership Card","Girya","conspire:Boomerang","testmod-Antiphasic","testmod-DeterminationOfClimber","Lizard Tail","Tiny Chest","testmod-Acrobat","Question Card","Pantograph","Strange Spoon","Calling Bell","Potion Belt","testmod-CrystalShield","Replay:Bottled Steam","Tough Bandages","testmod-FatalChain","Quantum Egg","Snake Skull","Molten Egg 2","StoneCalendar","Kunai","HornCleat","Guide Book","FossilizedHelix"],"acts_visited":["Exordium","TheCity","TheBeyond","TheEnding"],"potions_floor_usage":[16,16,33,33,50,55,55],"damage_taken":[{"damage":0.0,"enemies":"Cultist","floor":1.0,"turns":1.0},{"damage":0,"enemies":"Jaw Worm","floor":3,"turns":1},{"damage":0,"enemies":"Gremlin Nob","floor":6,"turns":1},{"damage":1,"enemies":"Small Slimes","floor":7,"turns":3},{"damage":3,"enemies":"Red Slaver","floor":10,"turns":3},{"damage":0,"enemies":"2 Fungi Beasts","floor":11,"turns":2},{"damage":4,"enemies":"Blue Slaver","floor":13,"turns":3},{"damage":19,"enemies":"Lagavulin","floor":14,"turns":5},{"damage":6,"enemies":"Hexaghost","floor":16,"turns":8},{"damage":0,"enemies":"Chosen","floor":18,"turns":3},{"damage":0,"enemies":"3 Byrds","floor":22,"turns":2},{"damage":12,"enemies":"Slavers","floor":23,"turns":4},{"damage":4,"enemies":"Replay:Snechameleon","floor":25,"turns":4},{"damage":7,"enemies":"Shelled Parasite and Fungi","floor":27,"turns":2},{"damage":0,"enemies":"Slavers","floor":28,"turns":2},{"damage":17,"enemies":"conspire:HollyBat","floor":31,"turns":7},{"damage":35,"enemies":"Collector","floor":33,"turns":4},{"damage":0,"enemies":"Orb Walker","floor":35,"turns":1},{"damage":0,"enemies":"3 Darklings","floor":37,"turns":1},{"damage":0,"enemies":"Sphere and 2 Shapes","floor":38,"turns":1},{"damage":0,"enemies":"Giant Head","floor":40,"turns":6},{"damage":0,"enemies":"Reptomancer","floor":42,"turns":2},{"damage":16,"enemies":"R_Hoarder","floor":44,"turns":4},{"damage":0,"enemies":"Writhing Mass","floor":46,"turns":2},{"damage":0,"enemies":"Mind Bloom Boss Battle","floor":48,"turns":2},{"damage":24,"enemies":"Awakened One","floor":50,"turns":7},{"damage":3,"enemies":"Shield and Spear","floor":54,"turns":3},{"damage":9,"enemies":"The Heart","floor":55,"turns":5}],"seed_played":"-439199622084540378","potions_obtained":[{"floor":1.0,"key":"Block Potion"},{"floor":4,"key":"Swift Potion"},{"floor":4,"key":"Milkshake"},{"floor":6,"key":"champ:CounterPotion"},{"floor":16,"key":"Dexterity Potion"},{"floor":27,"key":"SpeedPotion"},{"floor":31,"key":"Strength Potion"},{"floor":33,"key":"PowerPotion"},{"floor":37,"key":"Milkshake"},{"floor":42,"key":"Adrenaline Potion"},{"floor":44,"key":"Energy Potion"},{"floor":46,"key":"LifebloodPotion"},{"floor":54,"key":"Guardian:BlockOnCardUsePotion"}],"is_trial":false,"path_per_floor":["M","$","M","?","$","E","M","R","T","M","M","?","M","E","R","B",null,"M","?","?","?","M","E","R","E","T","M","E","R","$","M","R","B",null,"M","?","M","M","T","E","R","E","T","E","T","M","R","?","R","B",null,"R","$","E","B",null],"character_chosen":"THE_SILENT","items_purchased":["Replay:WaspNest","Dagger Spray","Membership Card","Pantograph","Strange Spoon","Kunai","HornCleat","Guide Book","Transmutation","testmod-Bloodthirsty","Terror"],"campfire_rested":0,"item_purchase_floors":[2,2,5,30,30,53,53,53,53,53,53],"current_hp_per_floor":[59,59,59,59,43,43,42,42,42,39,39,35,31,12,12,6,51,57,39,33,33,36,29,29,31,31,27,32,32,32,24,24,39,67,73,73,76,76,76,76,76,76,76,66,66,76,76,76,76,56,71,71,71,76,76],"gold":91,"neow_bonus":"THREE_ENEMY_KILL","is_daily":false,"chose_seed":false,"campfire_upgraded":5,"win_rate":0.0,"timestamp":1608210746,"path_taken":["M","$","?","?","$","E","M","R","T","M","?","?","?","E","R","BOSS","M","?","?","?","M","E","R","E","T","M","E","R","$","M","R","BOSS","M","?","?","M","?","E","R","E","T","E","?","M","R","?","R","BOSS","R","$","E","BOSS"],"items_purchased_type":["Relic","Card","Relic","Relic","Relic","Relic","Relic","Relic","Card","Card","Card"],"build_version":"2020-12-13","purchased_purges":0,"victory":true,"max_hp_per_floor":[66,66,66,66,66,66,66,66,66,66,66,66,66,66,66,66,66,66,71,71,71,71,71,71,71,71,71,71,71,71,71,71,76,76,76,76,76,76,76,76,76,76,76,76,76,76,76,76,76,76,76,76,76,76,76],"card_choices":[{"not_picked":["Escape Plan","Acrobatics"],"picked":"Cloak And Dagger","floor":1.0},{"not_picked":["Outmaneuver","Deflect"],"picked":"Backstab","floor":3},{"not_picked":["Heel Hook","Tactician"],"picked":"PiercingWail","floor":6},{"not_picked":["Dodge and Roll","Predator"],"picked":"Poisoned Stab","floor":7},{"not_picked":["Escape Plan","Heel Hook"],"picked":"Dagger Spray","floor":10},{"not_picked":["Leg Sweep","Quick Slash"],"picked":"Catalyst","floor":11},{"not_picked":["Dagger Throw","Cloak And Dagger"],"picked":"Deadly Poison","floor":13},{"not_picked":["Leg Sweep","Blade Dance"],"picked":"Tools of the Trade","floor":14},{"not_picked":["A Thousand Cuts","Phantasmal Killer"],"picked":"Wraith Form v2","floor":16},{"not_picked":["Sucker Punch","PiercingWail","Dodge and Roll"],"picked":"SKIP","floor":18},{"not_picked":["ReplayTheSpireMod:The Works","Dagger Throw"],"picked":"Caltrops","floor":22},{"not_picked":["Poisoned Stab","Accuracy"],"picked":"Sucker Punch+1","floor":23},{"not_picked":["Underhanded Strike","Blade Dance"],"picked":"Deadly Poison","floor":25},{"not_picked":["Backflip","Flying Knee"],"picked":"Blade Dance","floor":27},{"not_picked":["Bane","Deadly Poison"],"picked":"Poison Darts","floor":28},{"not_picked":["Dagger Throw","Flying Knee","Prepared"],"picked":"Skewer","floor":31},{"not_picked":["ReplayTheSpireMod:Necrosis","A Thousand Cuts","Bullet Time"],"picked":"ReplayTheSpireMod:From All Sides","floor":33},{"not_picked":["Predator","Replay:Poison Smokescreen","Slice"],"picked":"Backstab+1","floor":35},{"not_picked":["PiercingWail+1","Dodge and Roll+1","Slice+1"],"picked":"Draining Mist","floor":37},{"not_picked":["Outmaneuver","Sucker Punch","Setup","Cloak And Dagger"],"picked":"SKIP","floor":38},{"not_picked":["Deadly Poison","Prepared","Heel Hook+1"],"picked":"Unload","floor":40},{"not_picked":["Underhanded Strike","Heel Hook","Acrobatics","Sucker Punch"],"picked":"SKIP","floor":42},{"not_picked":["ReplayTheSpireMod:Exploit Weakness","ReplayTheSpireMod:Speed Training","conspire:DoublingDagger"],"picked":"Bouncing Flask","floor":44},{"not_picked":["Blade Dance","Setup+1","Outmaneuver"],"picked":"ReplayTheSpireMod:From All Sides+1","floor":46},{"not_picked":["Deflect","Flechettes+1","Deadly Poison"],"picked":"Poisoned Stab+1","floor":48},{"not_picked":["Acrobatics","Night Terror","Dodge and Roll"],"picked":"Finisher+1","floor":54}],"player_experience":587735,"relics_obtained":[{"floor":6,"key":"Girya"},{"floor":9,"key":"conspire:Boomerang"},{"floor":14,"key":"testmod-Antiphasic"},{"floor":23,"key":"Lizard Tail"},{"floor":25,"key":"Tiny Chest"},{"floor":26,"key":"testmod-Acrobat"},{"floor":28,"key":"Question Card"},{"floor":34,"key":"Potion Belt"},{"floor":34,"key":"testmod-CrystalShield"},{"floor":34,"key":"Replay:Bottled Steam"},{"floor":39,"key":"Tough Bandages"},{"floor":40,"key":"testmod-FatalChain"},{"floor":42,"key":"Quantum Egg"},{"floor":43,"key":"Snake Skull"},{"floor":44,"key":"Molten Egg 2"},{"floor":48,"key":"StoneCalendar"},{"floor":54,"key":"FossilizedHelix"}],"event_choices":[{"damage_healed":0,"gold_gain":0,"player_choice":"Got Potions","damage_taken":0,"max_hp_gain":0,"max_hp_loss":0,"event_name":"Lab","floor":4,"gold_loss":0},{"damage_healed":0,"gold_gain":0,"player_choice":"Bought 0 Potions","damage_taken":0,"max_hp_gain":0,"max_hp_loss":0,"event_name":"The Woman in Blue","floor":12,"gold_loss":0},{"damage_healed":0,"gold_gain":0,"player_choice":"Shed Blood","damage_taken":23,"max_hp_gain":5,"max_hp_loss":0,"event_name":"Forgotten Altar","floor":19,"gold_loss":0},{"damage_healed":0,"gold_gain":0,"player_choice":"Joined the Cult","damage_taken":6,"max_hp_gain":0,"max_hp_loss":0,"event_name":"Nest","floor":20,"gold_loss":0,"cards_obtained":["RitualDagger"]},{"cards_removed":["Defend_G"],"damage_healed":0,"gold_gain":0,"player_choice":"Purged","damage_taken":0,"max_hp_gain":0,"max_hp_loss":0,"event_name":"Purifier","floor":21,"gold_loss":0},{"damage_healed":0,"gold_gain":0,"player_choice":"Ignored","damage_taken":0,"max_hp_gain":0,"max_hp_loss":0,"event_name":"SecretPortal","floor":36,"gold_loss":0},{"damage_healed":0,"gold_gain":0,"player_choice":"Fight","damage_taken":0,"max_hp_gain":0,"max_hp_loss":0,"event_name":"MindBloom","floor":48,"gold_loss":0}],"is_beta":false,"boss_relics":[{"not_picked":["HoveringKite","testmod-PortableAltar"],"picked":"testmod-DeterminationOfClimber"},{"not_picked":["Kintsugi","testmod-Nine"],"picked":"Calling Bell"}],"items_purged_floors":[],"is_endless":false,"potions_floor_spawned":[1,6,16,27,31,33,37,42,44,46,54],"ascension_level":17}}