{"host":"d7qmn60fs48wu5y6","time":1608165950,"event":{"mods":["BaseMod","Downfall","Marisa????????","Minty Spire (QoL Compilation)","Shade Mod","StSLib","The Bug Knight","The Cursed","The Disciple","The Necromancer","The Servant 0.9.4"],"gold_per_floor":[119,119,119,130,142,142,170,62,136,149,149,162,175,7,7,107,107,125,125,144,144,162,162,162],"floor_reached":23,"playtime":1603,"items_purged":["HollowMod:NailStrikeStart"],"score":193,"play_id":"11bc0c71-ebf0-4e50-8dae-d2ceaa4f6956","local_time":"20201216164550","is_ascension_mode":false,"campfire_choices":[{"data":"HollowMod:CycloneSlash","floor":6,"key":"SMITH"},{"data":"HollowMod:DungDefenderAura","floor":11,"key":"SMITH"},{"data":"Apotheosis","floor":15,"key":"SMITH"}],"circlet_count":0,"master_deck":["HollowMod:NailStrikeStart","HollowMod:NailStrikeStart","HollowMod:QuickDashStart","HollowMod:QuickDashStart","HollowMod:QuickDashStart","HollowMod:FocusHealStart","HollowMod:PogoStrike","HollowMod:LifebloodCore","HollowMod:CycloneSlash+1","HollowMod:InfectionAssault","HollowMod:CornifersMapStart","HollowMod:CycloneSlash","HollowMod:DungDefenderAura+1","HollowMod:MawleksShell","HollowMod:NewJinnsSoul","Apotheosis+1","HollowMod:LifebloodCore","HollowMod:ChannelNail","HollowMod:HuntersJournal+1","HollowMod:InfectedCysts"],"relics":["HollowMod:VesselMask","CultistMask","Pen Nib","Empty Cage"],"acts_visited":["Exordium","TheCity"],"potions_floor_usage":[7,7,18,22,23],"damage_taken":[{"damage":0,"enemies":"Jaw Worm","floor":1,"turns":5},{"damage":0,"enemies":"Cultist","floor":4,"turns":4},{"damage":0,"enemies":"Small Slimes","floor":5,"turns":3},{"damage":10,"enemies":"Gremlin Nob","floor":7,"turns":4},{"damage":2,"enemies":"Looter","floor":10,"turns":4},{"damage":1,"enemies":"Blue Slaver","floor":12,"turns":5},{"damage":25,"enemies":"Large Slime","floor":13,"turns":7},{"damage":38,"enemies":"The Guardian","floor":16,"turns":17},{"damage":25,"enemies":"2 Thieves","floor":18,"turns":4},{"damage":13,"enemies":"3 Byrds","floor":20,"turns":5},{"damage":2,"enemies":"3 Cultists","floor":22,"turns":5},{"damage":56,"enemies":"Book of Stabbing","floor":23,"turns":8}],"seed_played":"-3194141098073612070","potions_obtained":[{"floor":1,"key":"Fire Potion"},{"floor":4,"key":"Ancient Potion"},{"floor":7,"key":"Regen Potion"},{"floor":13,"key":"Fire Potion"},{"floor":20,"key":"champ:CounterPotion"},{"floor":22,"key":"Block Potion"}],"is_trial":false,"path_per_floor":["M","?","?","M","M","R","E","$","T","M","R","M","M","$","R","B",null,"M","?","M","?","M","E"],"character_chosen":"THE_BUGKNIGHT","items_purchased":["HollowMod:DungDefenderAura","Apotheosis"],"campfire_rested":0,"item_purchase_floors":[8,14],"current_hp_per_floor":[75,75,75,75,75,75,65,65,65,69,69,74,55,55,55,29,75,59,59,52,52,56,0,0],"gold":162,"neow_bonus":"ONE_RANDOM_RARE_CARD","is_daily":false,"chose_seed":false,"campfire_upgraded":3,"win_rate":0.0,"timestamp":1608165950,"path_taken":["M","?","?","M","?","R","E","$","T","M","R","M","M","$","R","BOSS","M","?","M","?","M","E"],"items_purchased_type":["Card","Card"],"build_version":"2020-12-13","purchased_purges":1,"victory":false,"max_hp_per_floor":[75,75,75,75,75,75,75,75,75,75,75,75,75,75,75,75,75,75,75,75,75,75,75,75],"card_choices":[{"not_picked":["HollowMod:RecoilStrike","HollowMod:QuirrelsAssistance"],"picked":"HollowMod:CycloneSlash","floor":1},{"not_picked":["HollowMod:FastStrike","HollowMod:BaldurShell"],"picked":"HollowMod:InfectionAssault","floor":4},{"not_picked":["HollowMod:ShapeofUnn","HollowMod:WraithStrike"],"picked":"HollowMod:CornifersMapStart","floor":5},{"not_picked":["HollowMod:CornifersMapStart","HollowMod:VengefulVoid"],"picked":"HollowMod:CycloneSlash","floor":7},{"not_picked":["HollowMod:NewLittleFool","HollowMod:FallenFury","HollowMod:VengefulVoid"],"picked":"SKIP","floor":10},{"not_picked":["HollowMod:AwokenDreamNail","HollowMod:SoulSplash"],"picked":"HollowMod:MawleksShell","floor":12},{"not_picked":["HollowMod:CornifersMapStart","HollowMod:LifebloodCocoon"],"picked":"HollowMod:NewJinnsSoul","floor":13},{"not_picked":["HollowMod:ZotesMagnificence","HollowMod:ElderbugsWisdom"],"picked":"HollowMod:LifebloodCore","floor":16},{"not_picked":["HollowMod:InfectedAttack","HollowMod:DreamGate+1"],"picked":"HollowMod:ChannelNail","floor":18},{"not_picked":["HollowMod:NewLittleFool","HollowMod:FallenFury"],"picked":"HollowMod:HuntersJournal+1","floor":20},{"not_picked":["HollowMod:LifebloodCocoon","HollowMod:SiblingsShadow"],"picked":"HollowMod:InfectedCysts","floor":22}],"player_experience":879365,"relics_obtained":[{"floor":7,"key":"Pen Nib"}],"event_choices":[{"damage_healed":0,"gold_gain":0,"player_choice":"Ignored","damage_taken":0,"max_hp_gain":0,"max_hp_loss":0,"event_name":"Golden Idol","floor":2,"gold_loss":0},{"damage_healed":0,"gold_gain":0,"player_choice":"Trade","damage_taken":0,"relics_obtained":["CultistMask"],"max_hp_gain":0,"max_hp_loss":0,"event_name":"FaceTrader","floor":3,"gold_loss":0},{"damage_healed":0,"gold_gain":0,"player_choice":"Ignored","damage_taken":0,"max_hp_gain":0,"max_hp_loss":0,"event_name":"The Mausoleum","floor":19,"gold_loss":0},{"damage_healed":0,"gold_gain":0,"player_choice":"Ignored","damage_taken":0,"max_hp_gain":0,"max_hp_loss":0,"event_name":"Cursed Tome","floor":21,"gold_loss":0}],"is_beta":false,"boss_relics":[{"not_picked":["Astrolabe","SacredBark"],"picked":"Empty Cage"}],"items_purged_floors":[8],"is_endless":false,"potions_floor_spawned":[1,4,7,13,20,22],"killed_by":"Book of Stabbing","ascension_level":0}}