{"host":"fbqvzfq8f1yzoo4u","time":1608181223,"event":{"mods":["BaseMod","Minty Spire (QoL Compilation)","Replay The Spire","StSLib"],"gold_per_floor":[365,383,383,17,17,47,47,62,86,86,117,117,117,1,1,75,75,94,107,124,124,124,124,137,24,24,40,53,64,64,97,97,97,97],"floor_reached":33,"playtime":1063,"items_purged":[],"score":550,"play_id":"e24418f7-5294-47d7-8609-e4b77d5e8899","local_time":"20201217130023","is_ascension_mode":true,"campfire_choices":[{"data":"White Noise","floor":7.0,"key":"SMITH"},{"floor":10.0,"key":"REST"},{"data":"Dualcast","floor":15.0,"key":"SMITH"},{"floor":23.0,"key":"REST"},{"floor":30.0,"key":"REST"},{"floor":32,"key":"REST"}],"circlet_count":0,"master_deck":["AscendersBane","Strike_B","Strike_B","Strike_B","Strike_B","Defend_B","Defend_B","Defend_B","Defend_B","Zap","Dualcast","Defend_P","Dualcast+1","Beam Cell+1","Hologram+1","Ball Lightning","Melter","White Noise+1","Self Repair","Turbo","Ball Lightning","Leap","Echo Form","CurseOfTheBell","Panic Button+1","Auto Shields+1","Static Discharge+1","Turbo","Hologram","Conserve Battery+1","Ball Lightning","Turbo+1"],"relics":["Cracked Core","Chemical X","Toy Ornithopter","Art of War","Akabeko","Replay:Bottled Steam","Calling Bell","Vajra","Solar Panel","Du-Vu Doll","Gremlin Food","Molten Egg 2"],"acts_visited":["Exordium","TheCity"],"potions_floor_usage":[31],"damage_taken":[{"damage":0.0,"enemies":"2 Louse","floor":1.0,"turns":2.0},{"damage":2.0,"enemies":"Jaw Worm","floor":2.0,"turns":3.0},{"damage":8.0,"enemies":"Gremlin Nob","floor":6.0,"turns":3.0},{"damage":6.0,"enemies":"Cultist","floor":8.0,"turns":3.0},{"damage":27.0,"enemies":"3 Sentries","floor":11.0,"turns":5.0},{"damage":38.0,"enemies":"Hexaghost","floor":16.0,"turns":6.0},{"damage":38.0,"enemies":"2 Thieves","floor":18.0,"turns":4.0},{"damage":0.0,"enemies":"Spheric Guardian","floor":19.0,"turns":2.0},{"damage":31.0,"enemies":"Snecko","floor":20.0,"turns":5.0},{"damage":36.0,"enemies":"Snake Plant","floor":24.0,"turns":3.0},{"damage":29.0,"enemies":"Shelled Parasite and Fungi","floor":27.0,"turns":3.0},{"damage":2.0,"enemies":"Centurion and Healer","floor":28.0,"turns":6.0},{"damage":16.0,"enemies":"Snake Plant","floor":29.0,"turns":4.0},{"damage":37,"enemies":"Gremlin Leader","floor":31,"turns":7},{"damage":21,"enemies":"Pondfish","floor":33,"turns":3}],"seed_played":"1764300404987816255","potions_obtained":[{"floor":2.0,"key":"PotionOfCapacity"},{"floor":6.0,"key":"FocusPotion"},{"floor":16.0,"key":"Swift Potion"},{"floor":19.0,"key":"ColorlessPotion"},{"floor":20.0,"key":"Adrenaline Potion"},{"floor":28.0,"key":"SpeedPotion"},{"floor":31,"key":"Explosive Potion"}],"is_trial":false,"path_per_floor":["M","M","?","$","?","E","R","M","T","R","E","T","$","$","R","B",null,"M","M","M","?","?","R","M","$","T","M","M","M","R","E","R","B"],"character_chosen":"DEFECT","items_purchased":["Chemical X","Ball Lightning","AttackPotion","Melter","Ball Lightning","Leap","FocusPotion","Hologram"],"campfire_rested":4,"item_purchase_floors":[4,4,4,4,14,14,25,25],"current_hp_per_floor":[64,62,62,62,62,54,54,48,48,69,51,51,51,51,51,25,60,40,49,25,39,39,60,33,33,33,20,29,36,57,34,55,34,34],"gold":97,"neow_bonus":"TWO_FIFTY_GOLD","is_daily":false,"chose_seed":false,"campfire_upgraded":2,"win_rate":0.0,"timestamp":1608181223,"path_taken":["M","M","?","$","?","E","R","M","T","R","E","?","?","$","R","BOSS","M","M","M","?","?","R","M","$","T","M","?","M","R","E","R","BOSS"],"items_purchased_type":["Relic","Card","Potion","Card","Card","Card","Potion","Card"],"build_version":"2020-12-13","purchased_purges":0,"victory":false,"max_hp_per_floor":[71,71,71,71,71,71,71,71,71,71,71,71,71,71,71,71,71,71,71,71,71,71,71,71,71,71,71,71,71,71,71,71,71,71],"card_choices":[{"not_picked":["Cold Snap","Consume"],"picked":"Beam Cell","floor":1.0},{"not_picked":["Redo","ReplayTheSpireMod:Reroute Power"],"picked":"Hologram","floor":2.0},{"not_picked":["Barrage","Beam Cell"],"picked":"White Noise","floor":6.0},{"not_picked":["Redo","Consume"],"picked":"Self Repair","floor":8.0},{"not_picked":["Sweeping Beam","Leap"],"picked":"Turbo","floor":11.0},{"not_picked":["Hyperbeam","Seek"],"picked":"Echo Form","floor":16.0},{"not_picked":["Compile Driver","Crystallizer"],"picked":"Panic Button+1","floor":18.0},{"not_picked":["Barrage","BasicCrystalCard"],"picked":"Auto Shields+1","floor":19.0},{"not_picked":["Amplify","BasicCrystalCard"],"picked":"Static Discharge","floor":20.0},{"not_picked":["Go for the Eyes","Barrage"],"picked":"Turbo","floor":24.0},{"not_picked":["BasicCrystalCard","Go for the Eyes","Doom and Gloom"],"picked":"SKIP","floor":27.0},{"not_picked":["Lockon","Compile Driver"],"picked":"Conserve Battery","floor":28.0},{"not_picked":["Chill","Go for the Eyes"],"picked":"Ball Lightning","floor":29.0},{"not_picked":["Core Surge+1","ReplayTheSpireMod:GoodbyeWorld"],"picked":"Turbo+1","floor":31}],"player_experience":592547,"relics_obtained":[{"floor":6.0,"key":"Toy Ornithopter"},{"floor":9.0,"key":"Art of War"},{"floor":11.0,"key":"Akabeko"},{"floor":12.0,"key":"Replay:Bottled Steam"},{"floor":17.0,"key":"Vajra"},{"floor":17.0,"key":"Solar Panel"},{"floor":17.0,"key":"Du-Vu Doll"},{"floor":26.0,"key":"Gremlin Food"},{"floor":31,"key":"Molten Egg 2"}],"event_choices":[{"damage_healed":0.0,"max_hp_gain":0.0,"max_hp_loss":0.0,"gold_gain":0.0,"event_name":"Living Wall","player_choice":"Grow","floor":5.0,"gold_loss":0.0,"damage_taken":0.0,"cards_upgraded":["Beam Cell"]},{"damage_healed":14.0,"max_hp_gain":0.0,"max_hp_loss":0.0,"gold_gain":0.0,"event_name":"The Library","player_choice":"Heal","floor":21.0,"gold_loss":0.0,"damage_taken":0.0},{"damage_healed":0.0,"max_hp_gain":0.0,"max_hp_loss":0.0,"gold_gain":0.0,"event_name":"Accursed Blacksmith","player_choice":"Forge","floor":22.0,"gold_loss":0.0,"damage_taken":0.0,"cards_upgraded":["Static Discharge"]}],"is_beta":false,"boss_relics":[{"not_picked":["Snecko Eye","Replay:Ancient Bell"],"picked":"Calling Bell"}],"items_purged_floors":[],"is_endless":false,"potions_floor_spawned":[2,6,16,19,20,28,31],"killed_by":"Pondfish","ascension_level":20}}