{"host":"cr9rpoy6dx9riis3","time":1608217649,"event":{"mods":["AchievementEnabler","BaseMod","Better Altar","Better Note","Better Sensory Stone","Better Skull","Better Third Choice","Better-Laid Plans","BetterRewards","Block Reminder","Curses Come First","Displayed Cursed Tome","Emptier Cage","Marked Mod","Minty Spire (QoL Compilation)","Permanent Neow","Relic Sorter","StSLib","The Blue Laboratory","Transform Curses"],"gold_per_floor":[115,132,407,424,443,443,443,443,468,468,498,498,508,528,528,528,528],"floor_reached":16,"playtime":410,"items_purged":[],"score":182,"play_id":"1e13f599-3643-4668-8294-ca6c4ce3ec66","local_time":"20201217160729","is_ascension_mode":true,"campfire_choices":[{"data":"Spot Weakness","floor":6,"key":"SMITH"},{"floor":10,"key":"RECALL"},{"floor":12,"key":"REST"},{"floor":15,"key":"REST"}],"circlet_count":0,"master_deck":["Strike_R","Strike_R","Strike_R","Strike_R","Strike_R","Defend_R","Defend_R","Defend_R","Defend_R","Bash","Regret","Spot Weakness+1"],"relics":["Burning Blood","Membership Card","PreservedInsect"],"acts_visited":["Exordium"],"potions_floor_usage":[5,5,11,16,16,16],"damage_taken":[{"damage":10,"enemies":"2 Louse","floor":1,"turns":4},{"damage":1,"enemies":"Cultist","floor":2,"turns":3},{"damage":10,"enemies":"Small Slimes","floor":4,"turns":3},{"damage":35,"enemies":"2 Fungi Beasts","floor":5,"turns":5},{"damage":36,"enemies":"Gremlin Nob","floor":11,"turns":4},{"damage":38,"enemies":"Exordium Thugs","floor":13,"turns":6},{"damage":14,"enemies":"Blue Slaver","floor":14,"turns":3},{"damage":35,"enemies":"Hexaghost","floor":16,"turns":9}],"seed_played":"7917130999837515759","potions_obtained":[{"floor":1,"key":"EntropicBrew"},{"floor":2,"key":"Fire Potion"},{"floor":5,"key":"blueLaboratory:Moonshine"},{"floor":14,"key":"blueLaboratory:NullPotion"}],"is_trial":false,"path_per_floor":["M","M","?","M","M","R","?","?","T","R","E","R","M","M","R","B"],"character_chosen":"IRONCLAD","items_purchased":["Membership Card"],"campfire_rested":2,"item_purchase_floors":[0],"current_hp_per_floor":[76,80,80,76,47,47,52,52,52,52,22,47,15,7,32,0,0],"gold":528,"neow_bonus":"","is_daily":false,"chose_seed":false,"campfire_upgraded":1,"win_rate":0.0,"timestamp":1608217649,"path_taken":["M","M","?","?","?","R","?","?","T","R","E","R","M","?","R","BOSS"],"items_purchased_type":["Relic"],"build_version":"2020-12-13","purchased_purges":0,"victory":false,"max_hp_per_floor":[80,80,80,80,80,80,85,85,85,85,85,85,85,85,85,85,85],"card_choices":[{"not_picked":["True Grit","Iron Wave","Dark Embrace"],"picked":"SKIP","floor":1},{"not_picked":["Clothesline","Sword Boomerang","Entrench"],"picked":"SKIP","floor":2},{"not_picked":["Wild Strike","Havoc","Armaments"],"picked":"SKIP","floor":4},{"not_picked":["Disarm","Perfected Strike"],"picked":"Spot Weakness","floor":5},{"not_picked":["Anger","Flex","Cleave"],"picked":"SKIP","floor":11},{"not_picked":["Warcry","Fiend Fire","Sword Boomerang"],"picked":"SKIP","floor":13},{"not_picked":["Shrug It Off","Headbutt","True Grit"],"picked":"SKIP","floor":14}],"player_experience":727263,"relics_obtained":[{"floor":9,"key":"PreservedInsect"}],"event_choices":[{"damage_healed":0,"gold_gain":275,"player_choice":"Desecrate","damage_taken":0,"max_hp_gain":0,"max_hp_loss":0,"event_name":"Golden Shrine","floor":3,"gold_loss":0,"cards_obtained":["Regret"]},{"damage_healed":0,"gold_gain":0,"player_choice":"Donut","damage_taken":0,"max_hp_gain":5,"max_hp_loss":0,"event_name":"Big Fish","floor":7,"gold_loss":0},{"damage_healed":0,"gold_gain":0,"player_choice":"Ignored","damage_taken":0,"max_hp_gain":0,"max_hp_loss":0,"event_name":"WeMeetAgain","floor":8,"gold_loss":0}],"is_beta":false,"boss_relics":[],"items_purged_floors":[],"is_endless":false,"potions_floor_spawned":[1,2,5,14],"killed_by":"Hexaghost","ascension_level":4}}