{"host":"d8hh7rr4yzitjeuj","time":1608217509,"event":{"mods":["2.2 Compatiblity","AchievementEnabler","BaseMod","CapriCore","Colored Map","Colored Powertips","Highlight Path","Keyboard Shortcuts","Minty Spire (QoL Compilation)","Permanent Neow","Quick Restart","StSLib","SuperFastMode"],"gold_per_floor":[109,34,53,203,217,249,229,62,62,87,106,106,137,154,154,231,231,244,244,244,255,273,307,117,117,117,143,158,177,177,97,97,170,170,190,190,55,65,65,65,91,107,160,187,212,14,47,47,47,47,47,47,47,47,79,79],"floor_reached":57,"playtime":3372,"items_purged":["Doubt","Strike_B"],"score":3117,"play_id":"8a413446-53a0-4b33-a7c3-bcb08c4f6141","local_time":"20201218000509","is_ascension_mode":true,"campfire_choices":[{"data":"Creative AI","floor":12.0,"key":"SMITH"},{"data":"Capacitor","floor":15.0,"key":"SMITH"},{"floor":25.0,"key":"RECALL"},{"data":"Coolheaded","floor":30.0,"key":"SMITH"},{"data":"Undo","floor":32.0,"key":"SMITH"},{"data":"Loop","floor":40.0,"key":"SMITH"},{"data":"Zap","floor":49.0,"key":"SMITH"},{"data":"Defend_B","floor":53.0,"key":"SMITH"}],"circlet_count":0,"master_deck":["AscendersBane","Strike_B","Defend_B+1","Defend_B+1","Defend_B","Defend_B+1","Zap+1","Dualcast","CurseOfTheBell","Undo+1","Coolheaded+1","Coolheaded+1","Self Repair","BootSequence+1","Steam Power+1","Creative AI+1","Capacitor+1","Loop+1","Coolheaded+1","Electrodynamics","Consume+1","Seek+1","Turbo+1","Ghostly+1","Ghostly+1","Ghostly+1","White Noise+1","Recycle+1","Seek+1","Storm+1"],"relics":["Calling Bell","Bag of Preparation","InkBottle","Thread and Needle","Toxic Egg 2","Orrery","The Courier","Meat on the Bone","Anchor","Philosopher\u0027s Stone","War Paint","ClockworkSouvenir","Gremlin Horn","Eternal Feather","Black Star","DollysMirror","Frozen Egg 2","Bronze Scales","Kunai","Du-Vu Doll","Ice Cream","OrangePellets","Sundial","Nunchaku","Calipers","Bottled Tornado"],"acts_visited":["Exordium","TheCity","TheBeyond","TheEnding"],"potions_floor_usage":[56,56],"damage_taken":[{"damage":0.0,"enemies":"Jaw Worm","floor":1.0,"turns":4.0},{"damage":0.0,"enemies":"Small Slimes","floor":3.0,"turns":3.0},{"damage":0.0,"enemies":"Cultist","floor":5.0,"turns":3.0},{"damage":24.0,"enemies":"Lagavulin","floor":6.0,"turns":10.0},{"damage":37.0,"enemies":"3 Sentries","floor":10.0,"turns":11.0},{"damage":0.0,"enemies":"Blue Slaver","floor":11.0,"turns":5.0},{"damage":0.0,"enemies":"Lagavulin","floor":13.0,"turns":8.0},{"damage":0.0,"enemies":"Looter","floor":14.0,"turns":4.0},{"damage":43.0,"enemies":"Slime Boss","floor":16.0,"turns":10.0},{"damage":7.0,"enemies":"Shell Parasite","floor":18.0,"turns":8.0},{"damage":0.0,"enemies":"3 Byrds","floor":21.0,"turns":5.0},{"damage":0.0,"enemies":"Snake Plant","floor":22.0,"turns":6.0},{"damage":9.0,"enemies":"Book of Stabbing","floor":23.0,"turns":7.0},{"damage":20.0,"enemies":"Slavers","floor":27.0,"turns":6.0},{"damage":0.0,"enemies":"Chosen and Byrds","floor":28.0,"turns":6.0},{"damage":14.0,"enemies":"3 Cultists","floor":29.0,"turns":5.0},{"damage":5.0,"enemies":"Champ","floor":33.0,"turns":19.0},{"damage":2.0,"enemies":"3 Darklings","floor":35.0,"turns":5.0},{"damage":0.0,"enemies":"3 Shapes","floor":38.0,"turns":5.0},{"damage":0.0,"enemies":"Nemesis","floor":41.0,"turns":11.0},{"damage":0.0,"enemies":"Maw","floor":42.0,"turns":8.0},{"damage":0.0,"enemies":"Reptomancer","floor":44.0,"turns":5.0},{"damage":0.0,"enemies":"Mind Bloom Boss Battle","floor":45.0,"turns":8.0},{"damage":0.0,"enemies":"Giant Head","floor":47.0,"turns":8.0},{"damage":0.0,"enemies":"Awakened One","floor":50.0,"turns":8.0},{"damage":13.0,"enemies":"Donu and Deca","floor":51.0,"turns":6.0},{"damage":0.0,"enemies":"Shield and Spear","floor":55.0,"turns":5.0},{"damage":17,"enemies":"The Heart","floor":56,"turns":10}],"seed_played":"-1823892240045441754","potions_obtained":[{"floor":1.0,"key":"Dexterity Potion"},{"floor":3.0,"key":"Regen Potion"},{"floor":7.0,"key":"Fruit Juice"},{"floor":10.0,"key":"Ancient Potion"},{"floor":16.0,"key":"Block Potion"},{"floor":23.0,"key":"SpeedPotion"},{"floor":28.0,"key":"FocusPotion"}],"is_trial":false,"path_per_floor":["M","?","M","?","M","E","?","$","T","E","M","R","E","M","R","B",null,"M","?","?","M","M","E","$","R","T","E","M","M","R","$","R","B",null,"M","?","$","M","?","R","E","M","T","E","?","$","E","?","R","B","B",null,"R","$","E","B",null],"character_chosen":"DEFECT","items_purchased":["Orrery","ClockworkSouvenir","DollysMirror","OrangePellets","Storm+1"],"campfire_rested":0,"item_purchase_floors":[8,24,37,46,46],"current_hp_per_floor":[64,64,64,64,64,40,45,45,45,30,49,49,56,63,63,39,67,67,38,32,38,38,36,36,36,36,35,38,31,38,38,38,38,38,36,36,36,36,36,36,36,36,36,36,36,36,36,36,36,36,30,35,36,36,36,26],"gold":79,"neow_bonus":"BOSS_RELIC","is_daily":false,"chose_seed":false,"campfire_upgraded":7,"win_rate":0.0,"timestamp":1608217509,"path_taken":["M","?","M","?","M","E","?","$","T","E","?","R","E","M","R","BOSS","M","?","?","M","?","E","$","R","T","E","M","M","R","$","R","BOSS","M","?","$","M","?","R","E","M","T","E","?","$","E","?","R","BOSS","BOSS","R","$","E","BOSS"],"items_purchased_type":["Relic","Relic","Relic","Relic","Card"],"build_version":"2020-12-13","purchased_purges":2,"victory":true,"max_hp_per_floor":[71,71,71,71,71,71,76,76,76,76,76,76,76,76,76,76,76,76,38,38,38,38,38,38,38,38,38,38,38,38,38,38,38,38,38,36,36,36,36,36,36,36,36,36,36,36,36,36,36,36,36,36,36,36,36,36],"card_choices":[{"not_picked":["Loop","Conserve Battery"],"picked":"Ball Lightning","floor":1.0},{"not_picked":["Steam","Gash"],"picked":"Undo","floor":3.0},{"not_picked":["Redo","Barrage"],"picked":"Coolheaded","floor":5.0},{"not_picked":["Compile Driver","Gash"],"picked":"Coolheaded+1","floor":6.0},{"not_picked":["Core Surge","Rip and Tear"],"picked":"Self Repair","floor":8.0},{"not_picked":["Heatsinks","Cold Snap"],"picked":"BootSequence+1","floor":8.0},{"not_picked":["Hologram+1","Chaos+1"],"picked":"Steam Power+1","floor":8.0},{"not_picked":["Ball Lightning","Leap+1"],"picked":"Creative AI","floor":8.0},{"not_picked":["Echo Form","Steam+1"],"picked":"Capacitor","floor":8.0},{"not_picked":["Sunder","Undo+1"],"picked":"Loop","floor":10.0},{"not_picked":["Hologram+1","Conserve Battery+1"],"picked":"Coolheaded+1","floor":11.0},{"not_picked":["Conserve Battery+1","Hologram+1"],"picked":"Electrodynamics","floor":13.0},{"not_picked":["Stack+1","Sweeping Beam"],"picked":"Consume+1","floor":14.0},{"not_picked":["Core Surge","Machine Learning"],"picked":"Seek+1","floor":16.0},{"not_picked":["Go for the Eyes","Gash"],"picked":"Turbo+1","floor":18.0},{"not_picked":["Redo+1","Ball Lightning","Leap+1"],"picked":"SKIP","floor":21.0},{"not_picked":["Sweeping Beam","Cold Snap","Turbo+1"],"picked":"SKIP","floor":22.0},{"not_picked":["Cold Snap","Barrage"],"picked":"White Noise+1","floor":23.0},{"not_picked":["Auto Shields+1","All For One","Amplify+1"],"picked":"SKIP","floor":27.0},{"not_picked":["Go for the Eyes","Stack+1","Chaos+1"],"picked":"SKIP","floor":28.0},{"not_picked":["Genetic Algorithm+1","Beam Cell"],"picked":"Recycle+1","floor":29.0},{"not_picked":["Steam+1","Streamline+1","Go for the Eyes"],"picked":"SKIP","floor":35.0},{"not_picked":["Melter","Reinforced Body+1","Redo+1"],"picked":"SKIP","floor":38.0},{"not_picked":["Coolheaded+1","Cold Snap+1","Hello World+1"],"picked":"SKIP","floor":41.0},{"not_picked":["Aggregate+1","Auto Shields+1","Coolheaded+1"],"picked":"SKIP","floor":42.0},{"not_picked":["Sweeping Beam+1","Ball Lightning","Compile Driver+1"],"picked":"SKIP","floor":44.0},{"not_picked":["Streamline","Conserve Battery+1","Coolheaded+1"],"picked":"SKIP","floor":47.0},{"not_picked":["Hello World+1","Compile Driver","Coolheaded+1"],"picked":"SKIP","floor":55.0}],"player_experience":1354594,"relics_obtained":[{"floor":0.0,"key":"Bag of Preparation"},{"floor":0.0,"key":"InkBottle"},{"floor":0.0,"key":"Thread and Needle"},{"floor":6.0,"key":"Toxic Egg 2"},{"floor":9.0,"key":"The Courier"},{"floor":10.0,"key":"Meat on the Bone"},{"floor":13.0,"key":"Anchor"},{"floor":23.0,"key":"War Paint"},{"floor":26.0,"key":"Gremlin Horn"},{"floor":27.0,"key":"Eternal Feather"},{"floor":41.0,"key":"Frozen Egg 2"},{"floor":41.0,"key":"Bronze Scales"},{"floor":44.0,"key":"Kunai"},{"floor":44.0,"key":"Du-Vu Doll"},{"floor":45.0,"key":"Ice Cream"},{"floor":47.0,"key":"Sundial"},{"floor":47.0,"key":"Nunchaku"},{"floor":55.0,"key":"Calipers"},{"floor":55.0,"key":"Bottled Tornado"}],"event_choices":[{"cards_removed":["Strike_B"],"damage_healed":0.0,"max_hp_gain":0.0,"max_hp_loss":0.0,"gold_gain":0.0,"event_name":"The Cleric","player_choice":"Card Removal","floor":2.0,"gold_loss":75.0,"damage_taken":0.0},{"damage_healed":0.0,"max_hp_gain":0.0,"max_hp_loss":0.0,"gold_gain":150.0,"event_name":"Liars Game","player_choice":"AGREE","floor":4.0,"gold_loss":0.0,"damage_taken":0.0,"cards_obtained":["Doubt"]},{"damage_healed":0.0,"max_hp_gain":0.0,"max_hp_loss":0.0,"gold_gain":0.0,"event_name":"The Woman in Blue","player_choice":"Bought 1 Potion","floor":7.0,"gold_loss":0.0,"damage_taken":0.0},{"damage_healed":0.0,"max_hp_gain":0.0,"max_hp_loss":38.0,"gold_gain":0.0,"event_name":"Ghosts","player_choice":"Became a Ghost","floor":19.0,"gold_loss":0.0,"damage_taken":0.0,"cards_obtained":["Ghostly","Ghostly","Ghostly"]},{"damage_healed":0.0,"max_hp_gain":0.0,"max_hp_loss":0.0,"gold_gain":0.0,"event_name":"Knowing Skull","player_choice":"","floor":20.0,"potions_obtained":[],"gold_loss":0.0,"damage_taken":6.0,"cards_obtained":[]},{"damage_healed":0.0,"max_hp_gain":0.0,"max_hp_loss":2.0,"gold_gain":0.0,"event_name":"Winding Halls","player_choice":"Max HP","floor":36.0,"gold_loss":0.0,"damage_taken":0.0},{"cards_removed":["Ball Lightning"],"damage_healed":0.0,"max_hp_gain":0.0,"max_hp_loss":0.0,"gold_gain":0.0,"event_name":"Falling","player_choice":"Removed Attack","floor":39.0,"gold_loss":0.0,"damage_taken":0.0},{"damage_healed":0.0,"max_hp_gain":0.0,"max_hp_loss":0.0,"gold_gain":0.0,"event_name":"MindBloom","player_choice":"Fight","floor":45.0,"gold_loss":0.0,"damage_taken":0.0},{"cards_removed":["Strike_B"],"damage_healed":0.0,"max_hp_gain":0.0,"max_hp_loss":0.0,"gold_gain":0.0,"event_name":"Wheel of Change","player_choice":"Card Removal","floor":48.0,"gold_loss":0.0,"damage_taken":0.0}],"is_beta":false,"boss_relics":[{"not_picked":["Runic Dome","Runic Pyramid"],"picked":"Philosopher\u0027s Stone"},{"not_picked":["Nuclear Battery","Astrolabe"],"picked":"Black Star"}],"items_purged_floors":[24,31],"is_endless":false,"potions_floor_spawned":[1,3,10,16,23,27,28,38,45,47],"ascension_level":20}}