{"host":"9kesdg97wkrx2bva","time":1608191995,"event":{"mods":["AchievementEnabler","BaseMod","Colored Map","GifTheSpireLib","Infinite Spire","Minty Spire (QoL Compilation)","Replay The Spire","StSLib"],"gold_per_floor":[115,115,0,0,0,0,21,21,102,137,161,161,161,181,181,270,270,295,295,309,334,334,334,375,375,375,375,613,613,440,440,440,567,567,617,642,704,704,728,728,728,728,810,810,810,810,810],"floor_reached":46,"playtime":919,"items_purged":["Strike_G","Strike_G","Defend_G"],"score":949,"play_id":"c9e4e1b0-f898-43e8-8159-18b916604eab","local_time":"20201217015955","is_ascension_mode":true,"campfire_choices":[{"floor":6,"key":"REST"},{"data":"Noxious Fumes","floor":8,"key":"SMITH"},{"floor":13,"key":"REST"},{"data":"infinitespire:DeathsTouch","floor":15,"key":"SMITH"},{"data":"Noxious Fumes","floor":23,"key":"SMITH"},{"data":"Bullet Time","floor":25,"key":"SMITH"},{"data":"Prepared","floor":29,"key":"SMITH"},{"data":"ReplayTheSpireMod:Scrap Shanks","floor":32,"key":"SMITH"},{"data":"Skewer","floor":42,"key":"SMITH"}],"circlet_count":0,"master_deck":["AscendersBane","Defend_G","Defend_G","Defend_G","Survivor","Neutralize","Dagger Throw","Noxious Fumes+1","infinitespire:DeathsTouch+1","Skewer+1","Prepared+1","Noxious Fumes+1","Bullet Time+1","Glass Knife+1","Predator+1","ReplayTheSpireMod:Scrap Shanks+1","Corpse Explosion","Footwork"],"relics":["Ring of the Serpent","NeowsBlessing","Golden Idol","Onion Ring","Toy Ornithopter","Molten Egg 2","Replay:Grab Bag","Busted Crown","Coffee Dripper","Replay:Drink Me","Philosopher\u0027s Stone","Oddly Smooth Stone","Tiny Chest","Replay:Bottled Steam","Blue Doll","infinitespire:EvilPickle","Runic Pyramid","Replay:Rubber Ducky","Bag of Marbles","infinitespire:CursedDice","The Specimen"],"acts_visited":["Exordium","TheCity","TheBeyond"],"potions_floor_usage":[16],"damage_taken":[{"damage":0,"enemies":"2 Louse","floor":1,"turns":2},{"damage":0,"enemies":"Jaw Worm","floor":7,"turns":1},{"damage":0,"enemies":"Gremlin Nob","floor":10,"turns":1},{"damage":10,"enemies":"Small Slimes","floor":11,"turns":2},{"damage":0,"enemies":"3 Louse","floor":14,"turns":2},{"damage":8,"enemies":"The Guardian","floor":16,"turns":8},{"damage":0,"enemies":"Chosen","floor":18,"turns":3},{"damage":0,"enemies":"Shell Parasite","floor":20,"turns":4},{"damage":0,"enemies":"Centurion and Healer","floor":21,"turns":2},{"damage":0,"enemies":"Gremlin Leader","floor":24,"turns":4},{"damage":0,"enemies":"Pondfish","floor":33,"turns":4},{"damage":0,"enemies":"Orb Walker","floor":35,"turns":3},{"damage":0,"enemies":"3 Shapes","floor":37,"turns":2},{"damage":21,"enemies":"Reptomancer","floor":43,"turns":3},{"damage":3,"enemies":"infinitespire:Three Voidlings","floor":46,"turns":3},{"damage":24,"enemies":"Nightmare_Alpha","floor":46,"turns":5}],"seed_played":"1831662317534200869","potions_obtained":[{"floor":7,"key":"BlessingOfTheForge"},{"floor":20,"key":"Flashbang"}],"is_trial":false,"path_per_floor":["M","?","$","?","$","R","M","R","T","E","M","?","R","M","R","B",null,"M","AVR","M","M","?","R","E","R","T","?","?","R","$","?","R","B",null,"M","T","M","$","T","PTL","PTL","R","E","?","T","?"],"character_chosen":"THE_SILENT","items_purchased":["Noxious Fumes","ReplayTheSpireMod:Scrap Shanks"],"campfire_rested":2,"item_purchase_floors":[3,30],"current_hp_per_floor":[59,43,43,27,27,46,46,46,46,46,36,24,43,43,43,40,48,48,48,48,48,48,48,48,48,48,48,36,36,36,36,36,36,47,47,47,47,47,47,47,47,47,26,26,26,0,0],"gold":810,"neow_bonus":"THREE_ENEMY_KILL","is_daily":false,"chose_seed":false,"campfire_upgraded":7,"win_rate":0.0,"timestamp":1608191995,"path_taken":["M","?","$","?","?","R","M","R","T","E","M","?","R","M","R","BOSS","M","AVR","M","M","?","R","E","R","T","?","?","R","$","?","R","BOSS","M","?","M","$","?","PTL","PTL","R","E","?","T","?"],"items_purchased_type":["Card","Card"],"build_version":"2020-12-13","purchased_purges":3,"victory":false,"max_hp_per_floor":[66,66,66,66,66,66,66,66,66,66,66,66,66,66,66,66,50,50,50,50,50,50,50,50,50,50,50,50,50,50,50,50,50,50,50,50,50,50,50,50,50,50,50,50,50,50,50],"card_choices":[{"not_picked":["Blade Dance","Dodge and Roll"],"picked":"Dagger Throw","floor":1},{"not_picked":["infinitespire:FinalStrike","infinitespire:SealOfDarkness+"],"picked":"infinitespire:DeathsTouch","floor":4},{"not_picked":["Flying Knee","Deflect"],"picked":"Skewer","floor":7},{"not_picked":["Tactician","All Out Attack"],"picked":"Prepared","floor":10},{"not_picked":["Deadly Poison","Outmaneuver"],"picked":"Noxious Fumes","floor":11},{"not_picked":["Poisoned Stab+1","Choke+1"],"picked":"Bullet Time","floor":14},{"not_picked":["Malaise","Poison Darts"],"picked":"Glass Knife+1","floor":16},{"not_picked":["Outmaneuver"],"picked":"SKIP","floor":18},{"not_picked":["Dodge and Roll"],"picked":"SKIP","floor":20},{"not_picked":["Poisoned Stab+1"],"picked":"SKIP","floor":21},{"not_picked":["Acrobatics"],"picked":"SKIP","floor":24},{"not_picked":[],"picked":"Predator+1","floor":28},{"not_picked":[],"picked":"Corpse Explosion","floor":33},{"not_picked":["Underhanded Strike+1"],"picked":"SKIP","floor":35},{"not_picked":["Outmaneuver"],"picked":"SKIP","floor":37},{"not_picked":[],"picked":"Footwork","floor":43}],"player_experience":893530,"relics_obtained":[{"floor":9,"key":"Onion Ring"},{"floor":10,"key":"Toy Ornithopter"},{"floor":24,"key":"Tiny Chest"},{"floor":26,"key":"Replay:Bottled Steam"},{"floor":36,"key":"Replay:Rubber Ducky"},{"floor":39,"key":"Bag of Marbles"},{"floor":43,"key":"infinitespire:CursedDice"},{"floor":45,"key":"The Specimen"}],"event_choices":[{"damage_healed":0,"gold_gain":0,"player_choice":"Take Damage","damage_taken":16,"relics_obtained":["Golden Idol"],"max_hp_gain":0,"max_hp_loss":0,"event_name":"Golden Idol","floor":2,"gold_loss":0},{"damage_healed":0,"gold_gain":0,"player_choice":"Success","damage_taken":12,"relics_obtained":["Molten Egg 2"],"max_hp_gain":0,"max_hp_loss":0,"event_name":"Scrap Ooze","floor":12,"gold_loss":0},{"cards_removed":["Defend_G"],"damage_healed":0,"gold_gain":0,"player_choice":"Elegance","damage_taken":0,"max_hp_gain":0,"max_hp_loss":0,"event_name":"Back to Basics","floor":22,"gold_loss":0},{"damage_healed":0,"gold_gain":0,"player_choice":"Ignored","damage_taken":0,"max_hp_gain":0,"max_hp_loss":0,"event_name":"Vampires","floor":27,"gold_loss":0},{"damage_healed":0,"gold_gain":0,"player_choice":"Opened","damage_taken":0,"relics_obtained":["Blue Doll"],"max_hp_gain":0,"max_hp_loss":0,"event_name":"The Mausoleum","floor":31,"gold_loss":0},{"damage_healed":0,"gold_gain":0,"player_choice":"Ignored","damage_taken":0,"max_hp_gain":0,"max_hp_loss":0,"event_name":"Tomb of Lord Red Mask","floor":44,"gold_loss":0}],"is_beta":false,"boss_relics":[{"not_picked":["Snecko Eye","Replay:Wanted Poster"],"picked":"Replay:Grab Bag"},{"not_picked":["ReplayTheSpireMod:DimensionalGlitch","ReplayTheSpireMod:Onyx Gauntlets"],"picked":"Busted Crown"},{"not_picked":["Ectoplasm","Fusion Hammer"],"picked":"Coffee Dripper"},{"not_picked":["Ring of Chaos","Pandora\u0027s Box"],"picked":"Replay:Drink Me"},{"not_picked":["Snecko Heart","SacredBark"],"picked":"Ring of the Serpent"},{"not_picked":["Astrolabe","SlaversCollar"],"picked":"Runic Pyramid"}],"items_purged_floors":[3,19,30],"is_endless":false,"potions_floor_spawned":[7,20],"killed_by":"Nightmare_Alpha","ascension_level":14}}