{"host":"uzcks4yhskks9i02","time":1608192187,"event":{"mods":["BaseMod","Minty Spire (QoL Compilation)","Quick Restart"],"gold_per_floor":[114,128,140,155,2,32,43,74,74,149,162,140,140,140,140],"floor_reached":14,"playtime":758,"items_purged":[],"score":197,"play_id":"ae7cb100-8b79-4e2c-a8d4-7f4576333ff8","local_time":"20201217010307","is_ascension_mode":true,"campfire_choices":[{"floor":13,"key":"REST"}],"circlet_count":0,"master_deck":["AscendersBane","Strike_P","Strike_P","Strike_P","Strike_P","Defend_P","Defend_P","Defend_P","Defend_P","Eruption","Vigilance","Collect","TalkToTheHand","Wallop","Swivel","Forethought","Conclude","EmptyBody","Hello World+1","JustLucky"],"relics":["Runic Dome","PrismaticShard","Frozen Egg 2","Girya","Dead Branch"],"acts_visited":["Exordium"],"potions_floor_usage":[8,8,14],"damage_taken":[{"damage":0,"enemies":"Cultist","floor":1,"turns":3},{"damage":5,"enemies":"2 Louse","floor":2,"turns":3},{"damage":8,"enemies":"Jaw Worm","floor":3,"turns":3},{"damage":5,"enemies":"3 Louse","floor":4,"turns":6},{"damage":6,"enemies":"Lagavulin","floor":6,"turns":8},{"damage":20,"enemies":"Exordium Thugs","floor":7,"turns":6},{"damage":0,"enemies":"3 Sentries","floor":8,"turns":2},{"damage":0,"enemies":"2 Fungi Beasts","floor":11,"turns":2},{"damage":50,"enemies":"Gremlin Nob","floor":14,"turns":4}],"seed_played":"-4739718765825510231","potions_obtained":[{"floor":1,"key":"SteroidPotion"},{"floor":2,"key":"SkillPotion"},{"floor":11,"key":"EntropicBrew"}],"is_trial":false,"path_per_floor":["M","M","M","M","$","E","M","E","T","?","M","$","R","E"],"character_chosen":"WATCHER","items_purchased":["PrismaticShard","JustLucky"],"campfire_rested":1,"item_purchase_floors":[5,12],"current_hp_per_floor":[65,60,52,47,47,41,21,21,21,10,10,10,31,0,0],"gold":140,"neow_bonus":"BOSS_RELIC","is_daily":false,"chose_seed":false,"campfire_upgraded":0,"win_rate":0.0,"timestamp":1608192187,"path_taken":["M","?","M","M","$","E","M","E","T","?","M","$","R","E"],"items_purchased_type":["Relic","Card"],"build_version":"2020-12-13","purchased_purges":0,"victory":false,"max_hp_per_floor":[72,72,72,72,72,72,72,72,72,72,72,72,72,72,72],"card_choices":[{"not_picked":["Indignation","Crescendo"],"picked":"Collect","floor":1},{"not_picked":["CrushJoints","Prostrate"],"picked":"TalkToTheHand","floor":2},{"not_picked":["SashWhip","EmptyFist"],"picked":"Wallop","floor":3},{"not_picked":["FlyingSleeves","ClearTheMind"],"picked":"Swivel","floor":4},{"not_picked":["Perfected Strike","Headbutt"],"picked":"Forethought","floor":6},{"not_picked":["CrushJoints","FlyingSleeves"],"picked":"Conclude","floor":7},{"not_picked":["Capacitor+1","PathToVictory"],"picked":"EmptyBody","floor":8},{"not_picked":["Multi-Cast","Body Slam"],"picked":"Hello World+1","floor":11}],"player_experience":441839,"relics_obtained":[{"floor":6,"key":"Frozen Egg 2"},{"floor":8,"key":"Girya"},{"floor":9,"key":"Dead Branch"}],"event_choices":[{"damage_healed":0,"gold_gain":75,"player_choice":"Gather Gold","damage_taken":11,"max_hp_gain":0,"max_hp_loss":0,"event_name":"World of Goop","floor":10,"gold_loss":0}],"is_beta":false,"boss_relics":[],"items_purged_floors":[],"is_endless":false,"potions_floor_spawned":[1,2,7,11],"killed_by":"Gremlin Nob","ascension_level":11}}