{"host":"abdxwahegzejqccj","time":1608204826,"event":{"mods":["BaseMod","Better Note","BetterRewards","Colored Powertips","Downfall","Hermit","Minty Spire (QoL Compilation)","Replay The Spire","StSLib","The Cursed","The Hierophant"],"gold_per_floor":[113,113,129,143,168,203,203,219,265,277,303,490,545,522,534,674,686,713,745,780,805,218,218,266,266,266,285,285,309,309,330,330,463,463,484,484,515,539,250,250,260,260],"floor_reached":41,"playtime":1991,"items_purged":[],"score":602,"play_id":"10e60324-bba1-4403-982b-ddd125bdbb42","local_time":"20201217223346","is_ascension_mode":false,"campfire_choices":[{"data":"hermit:EternalForm","floor":7,"key":"SMITH"},{"floor":10,"key":"REST"},{"floor":15,"key":"REST"},{"data":"hermit:Determination","floor":28,"key":"SMITH"},{"data":"hermit:ShadowCloak","floor":30,"key":"SMITH"},{"floor":32,"key":"REST"},{"floor":40,"key":"REST"}],"circlet_count":0,"master_deck":["hermit:Strike_Hermit+1","hermit:Strike_Hermit+1","hermit:Strike_Hermit+1","hermit:Strike_Hermit+1","hermit:Defend_Hermit","hermit:Defend_Hermit","hermit:Defend_Hermit","hermit:Snapshot","hermit:Covet","hermit:EternalForm+1","hermit:Ricochet","Injury","hermit:Deadeye","hermit:WideOpen","hermit:Quickdraw","hermit:Determination+1","hermit:ShadowCloak","hermit:Manifest","Doubt","hermit:NoHoldsBarred","hermit:Adapt","CurseOfTheBell","hermit:Quickdraw","hermit:Manifest+1","hermit:Quickdraw","hermit:Vantage+1","hermit:ShadowCloak+1","hermit:Scavenge","hermit:Scavenge","hermit:WideOpen","Pain","hermit:Grudge","hermit:HighNoon","Pot Of Greed","Pot Of Greed","Pot Of Greed","Injury","hermit:ImpendingDoom","Pot Of Greed","Doubt"],"relics":["hermit:Momento","Golden Idol","Garlic","MawBank","Sundial","Calling Bell","ReplayTheSpireMod:TigerMarble","Replay:Bottled Eggs","Guardian:GemstoneGun","Oddly Smooth Stone","hermit:RyeStalk","Sling","Pet Ghost","WarpedTongs","Orichalcum","Replay:Ancient Bell","Grinning Jar","Replay:Bottled Flurry","Replay:Arrowhead","Du-Vu Doll"],"acts_visited":["Exordium","TheCity","TheBeyond"],"potions_floor_usage":[13,13,16,20,24,33,33,33,38,38,38,41],"damage_taken":[{"damage":5,"enemies":"Jaw Worm","floor":1,"turns":4},{"damage":5,"enemies":"Small Slimes","floor":3,"turns":3},{"damage":6,"enemies":"2 Louse","floor":4,"turns":2},{"damage":5,"enemies":"Looter","floor":5,"turns":4},{"damage":33,"enemies":"Gremlin Nob","floor":6,"turns":5},{"damage":1,"enemies":"Blue Slaver","floor":8,"turns":2},{"damage":0,"enemies":"Lots of Slimes","floor":11,"turns":5},{"damage":23,"enemies":"Lagavulin","floor":13,"turns":5},{"damage":21,"enemies":"The Guardian","floor":16,"turns":11},{"damage":0,"enemies":"2 Thieves","floor":18,"turns":2},{"damage":22,"enemies":"Shell Parasite","floor":19,"turns":5},{"damage":0,"enemies":"Sentry and Sphere","floor":20,"turns":3},{"damage":0,"enemies":"Snecko","floor":21,"turns":4},{"damage":17,"enemies":"Book of Stabbing","floor":24,"turns":6},{"damage":3,"enemies":"Shelled Parasite and Fungi","floor":27,"turns":7},{"damage":1,"enemies":"Centurion and Healer","floor":29,"turns":4},{"damage":2,"enemies":"Cultist and Chosen","floor":31,"turns":7},{"damage":11,"enemies":"Champ","floor":33,"turns":11},{"damage":0,"enemies":"Orb Walker","floor":35,"turns":5},{"damage":61,"enemies":"3 Shapes","floor":37,"turns":6},{"damage":0,"enemies":"Sphere and 2 Shapes","floor":38,"turns":7},{"damage":53,"enemies":"Giant Head","floor":41,"turns":6}],"seed_played":"3454311560547452225","potions_obtained":[{"floor":3,"key":"Reflective Coating"},{"floor":6,"key":"Fire Potion"},{"floor":11,"key":"PowerPotion"},{"floor":13,"key":"BlessingOfTheForge"},{"floor":18,"key":"EssenceOfSteel"},{"floor":19,"key":"Explosive Potion"},{"floor":24,"key":"sneckomod:MuddlingPotion"},{"floor":29,"key":"EntropicBrew"},{"floor":33,"key":"SpeedPotion"},{"floor":35,"key":"Strength Potion"},{"floor":38,"key":"hermit:BlackBile"}],"is_trial":false,"path_per_floor":["M","?","M","M","M","E","R","M","T","R","M","?","E","?","R","B",null,"M","M","M","M","$","?","E","?","T","M","R","M","R","M","R","B",null,"M","?","M","M","$","R","E"],"character_chosen":"HERMIT","items_purchased":["hermit:ShadowCloak","Oddly Smooth Stone","hermit:RyeStalk","Sling","hermit:Scavenge","Du-Vu Doll"],"campfire_rested":4,"item_purchase_floors":[22,22,22,22,22,39],"current_hp_per_floor":[63,63,58,52,47,14,14,13,13,33,33,33,10,27,47,26,68,68,46,46,46,46,46,29,29,29,26,26,25,25,23,43,32,68,68,68,7,7,7,27,0,0],"gold":260,"neow_bonus":"THREE_RARE_CARDS","is_daily":false,"chose_seed":false,"campfire_upgraded":3,"win_rate":0.0,"timestamp":1608204826,"path_taken":["M","?","M","M","M","E","R","M","T","R","M","?","E","?","R","BOSS","M","M","M","M","$","?","E","?","T","M","R","M","R","M","R","BOSS","M","?","?","?","$","R","E"],"items_purchased_type":["Card","Relic","Relic","Relic","Card","Relic"],"build_version":"2020-12-13","purchased_purges":0,"victory":false,"max_hp_per_floor":[68,68,68,68,68,68,68,68,68,68,68,68,68,68,68,68,68,68,68,68,68,68,68,68,68,68,68,68,68,68,68,68,68,68,68,68,68,68,68,68,68,68],"card_choices":[{"not_picked":["hermit:FinalCanter","hermit:Gambit"],"picked":"hermit:EternalForm","floor":0},{"not_picked":["hermit:HoleUp","hermit:WideOpen"],"picked":"hermit:Ricochet","floor":1},{"not_picked":["hermit:Spite","hermit:Roulette"],"picked":"hermit:Deadeye","floor":3},{"not_picked":["hermit:LowProfile","hermit:Feint"],"picked":"hermit:WideOpen","floor":4},{"not_picked":["hermit:FullyLoaded","hermit:CalledShot"],"picked":"hermit:Quickdraw","floor":5},{"not_picked":["hermit:Headshot","hermit:Combo"],"picked":"hermit:Determination","floor":6},{"not_picked":["hermit:SprayPray","hermit:LowProfile"],"picked":"hermit:ShadowCloak","floor":8},{"not_picked":["hermit:LuckOfTheDraw","hermit:DeadMansHand"],"picked":"hermit:Manifest","floor":11},{"not_picked":["hermit:Dive","hermit:Adapt"],"picked":"hermit:NoHoldsBarred","floor":13},{"not_picked":["hermit:Dissolve","hermit:Reprieve"],"picked":"hermit:Adapt","floor":16},{"not_picked":["hermit:TakeAim","hermit:FullyLoaded"],"picked":"hermit:Quickdraw","floor":18},{"not_picked":["hermit:HighCaliber","hermit:Magnum"],"picked":"hermit:Manifest+1","floor":19},{"not_picked":["hermit:LoneWolf","hermit:Midnight"],"picked":"hermit:Quickdraw","floor":20},{"not_picked":["hermit:TakeAim","hermit:Coalescence"],"picked":"hermit:Vantage+1","floor":21},{"not_picked":["hermit:HighCaliber+1","hermit:Headshot"],"picked":"hermit:WideOpen","floor":24},{"not_picked":["hermit:Cheat","hermit:Snipe"],"picked":"hermit:Grudge","floor":27},{"not_picked":["hermit:HighCaliber","hermit:Ricochet","hermit:Dive"],"picked":"SKIP","floor":29},{"not_picked":["hermit:Dive+1","hermit:Snipe","hermit:CursedWeapon"],"picked":"SKIP","floor":31},{"not_picked":["hermit:Purgatory","hermit:Reprieve"],"picked":"hermit:HighNoon","floor":33},{"not_picked":["Replay:Hysterical Blindness","hexamod:Haunted"],"picked":"Injury","floor":34},{"not_picked":["ReplayTheSpireMod:Restless Dread","AbeCurse"],"picked":"hermit:ImpendingDoom","floor":34},{"not_picked":["Shame","Overencumbered"],"picked":"Doubt","floor":34},{"not_picked":["hermit:Cheat","hermit:Manifest","hermit:HoleUp"],"picked":"SKIP","floor":35},{"not_picked":["hermit:HighCaliber","hermit:Ricochet+1","hermit:CursedWeapon+1"],"picked":"SKIP","floor":37},{"not_picked":["hermit:GhostlyPresence+1","hermit:Vantage+1","hermit:LowProfile"],"picked":"SKIP","floor":38}],"player_experience":376811,"relics_obtained":[{"floor":6,"key":"Garlic"},{"floor":9,"key":"MawBank"},{"floor":13,"key":"Sundial"},{"floor":17,"key":"ReplayTheSpireMod:TigerMarble"},{"floor":17,"key":"Replay:Bottled Eggs"},{"floor":17,"key":"Guardian:GemstoneGun"},{"floor":24,"key":"Pet Ghost"},{"floor":26,"key":"Orichalcum"}],"event_choices":[{"damage_healed":0,"gold_gain":0,"player_choice":"Take Wound","damage_taken":0,"relics_obtained":["Golden Idol"],"max_hp_gain":0,"max_hp_loss":0,"event_name":"Golden Idol","floor":2,"gold_loss":0,"cards_obtained":["Injury"]},{"damage_healed":0,"gold_gain":175,"player_choice":"AGREE","damage_taken":0,"max_hp_gain":0,"max_hp_loss":0,"event_name":"Liars Game","floor":12,"gold_loss":0,"cards_obtained":["Doubt"]},{"damage_healed":17,"gold_gain":0,"player_choice":"Healed","damage_taken":0,"max_hp_gain":0,"max_hp_loss":0,"event_name":"The Cleric","floor":14,"gold_loss":35},{"damage_healed":0,"gold_gain":0,"player_choice":"Copied","damage_taken":0,"max_hp_gain":0,"max_hp_loss":0,"event_name":"Duplicator","floor":23,"gold_loss":0,"cards_obtained":["hermit:Scavenge"]},{"damage_healed":0,"gold_gain":0,"player_choice":"Rummage","damage_taken":0,"relics_obtained":["WarpedTongs"],"max_hp_gain":0,"max_hp_loss":0,"event_name":"Accursed Blacksmith","floor":25,"gold_loss":0,"cards_obtained":["Pain"]},{"cards_removed":["hermit:Defend_Hermit"],"damage_healed":0,"gold_gain":0,"player_choice":"Purged","damage_taken":0,"max_hp_gain":0,"max_hp_loss":0,"event_name":"Purifier","floor":36,"gold_loss":0}],"is_beta":false,"boss_relics":[{"not_picked":["Philosopher\u0027s Stone","Sozu"],"picked":"Calling Bell"},{"not_picked":["hermit:BartenderGlass","Empty Cage"],"picked":"Replay:Ancient Bell"},{"not_picked":["Bag of Preparation","Boot"],"picked":"Grinning Jar"},{"not_picked":["Toxic Egg 2","Mummified Hand"],"picked":"Replay:Bottled Flurry"},{"not_picked":["hermit:RedScarf","Gambling Chip"],"picked":"Replay:Arrowhead"}],"items_purged_floors":[],"is_endless":false,"potions_floor_spawned":[3,6,11,13,18,19,24,29,33,35,37,38],"killed_by":"Giant Head","ascension_level":0}}