{"host":"un97lkyah1pp4w16","time":1608231926,"event":{"mods":["BaseMod","Colored Map","Colored Powertips","Minty Spire (QoL Compilation)","StSLib","SuperFastMode"],"gold_per_floor":[119,138,138,102,102,102,123,73,100,100,116,149,209,6,6,131,131,155,155,63,84,107,107,120,120,120,120,133,133,408,408,408],"floor_reached":31,"playtime":718,"items_purged":[],"score":331,"play_id":"c7d3ead3-bedc-4dc4-86e9-5ef6d22620eb","local_time":"20201218030526","is_ascension_mode":false,"campfire_choices":[{"data":"Sword Boomerang","floor":6,"key":"SMITH"},{"data":"Armaments","floor":10,"key":"SMITH"},{"floor":15,"key":"RECALL"},{"data":"Demon Form","floor":23,"key":"SMITH"},{"data":"Whirlwind","floor":25,"key":"SMITH"},{"data":"Sword Boomerang","floor":27,"key":"SMITH"}],"circlet_count":0,"master_deck":["Strike_R","Strike_R","Strike_R","Defend_R","Defend_R","Defend_R","Defend_R","Bash","Twin Strike","Sword Boomerang+1","Uppercut","Injury","Whirlwind+1","Armaments+1","Writhe","Wild Strike","Reckless Charge","Clash","Demon Form+1","Wild Strike","Evolve","Sword Boomerang+1","Flex+1","Clumsy","Cleave","Injury","Juggernaut","Regret"],"relics":["Cursed Key","Golden Idol","MealTicket","TungstenRod","TheAbacus","Empty Cage","Kunai","Bronze Scales"],"acts_visited":["Exordium","TheCity"],"potions_floor_usage":[16,16,16,18],"damage_taken":[{"damage":1,"enemies":"Jaw Worm","floor":1,"turns":3},{"damage":6,"enemies":"Cultist","floor":2,"turns":3},{"damage":0,"enemies":"2 Louse","floor":7,"turns":2},{"damage":8,"enemies":"2 Fungi Beasts","floor":11,"turns":3},{"damage":18,"enemies":"Gremlin Nob","floor":12,"turns":4},{"damage":22,"enemies":"Hexaghost","floor":16,"turns":5},{"damage":4,"enemies":"Chosen","floor":18,"turns":4},{"damage":2,"enemies":"3 Byrds","floor":21,"turns":7},{"damage":21,"enemies":"Centurion and Healer","floor":24,"turns":4},{"damage":43,"enemies":"Snake Plant","floor":28,"turns":5},{"damage":22,"enemies":"Cultist and Chosen","floor":31,"turns":4}],"seed_played":"8254987508205313784","potions_obtained":[{"floor":7,"key":"SkillPotion"},{"floor":11,"key":"Regen Potion"},{"floor":12,"key":"Strength Potion"},{"floor":18,"key":"Fruit Juice"}],"is_trial":false,"path_per_floor":["M","M","?","$","?","R","M","$","T","R","M","E","?","$","R","B",null,"M","?","$","M","T","R","M","R","T","R","M","?","?","M"],"character_chosen":"IRONCLAD","items_purchased":["Uppercut","Armaments","Clash","TheAbacus","Evolve","Sword Boomerang"],"campfire_rested":0,"item_purchase_floors":[4,8,14,14,20,20],"current_hp_per_floor":[79,73,73,73,73,73,73,73,73,73,65,47,47,62,62,54,80,81,81,85,83,83,83,62,62,62,62,19,19,19,0,0],"gold":408,"neow_bonus":"BOSS_RELIC","is_daily":false,"chose_seed":false,"campfire_upgraded":5,"win_rate":0.0,"timestamp":1608231926,"path_taken":["M","M","?","?","?","R","?","$","T","R","M","E","?","$","R","BOSS","M","?","$","M","?","R","M","R","T","R","M","?","?","?"],"items_purchased_type":["Card","Card","Card","Relic","Card","Card"],"build_version":"2020-12-13","purchased_purges":0,"victory":false,"max_hp_per_floor":[80,80,80,80,80,80,80,80,80,80,80,80,80,80,80,80,80,85,85,85,85,85,85,85,85,85,85,85,85,85,85,85],"card_choices":[{"not_picked":["Headbutt","Flex"],"picked":"Twin Strike","floor":1},{"not_picked":["Disarm","Intimidate"],"picked":"Sword Boomerang","floor":2},{"not_picked":["Iron Wave","Sword Boomerang"],"picked":"Whirlwind","floor":7},{"not_picked":["Iron Wave","Havoc"],"picked":"Wild Strike","floor":11},{"not_picked":["Sword Boomerang","Uppercut"],"picked":"Reckless Charge","floor":12},{"not_picked":["Exhume","Juggernaut"],"picked":"Demon Form","floor":16},{"not_picked":["Intimidate","Uppercut"],"picked":"Wild Strike","floor":18},{"not_picked":["Body Slam+1","Iron Wave"],"picked":"Flex+1","floor":21},{"not_picked":["Warcry","Shrug It Off+1"],"picked":"Cleave","floor":24},{"not_picked":["Headbutt","Dual Wield"],"picked":"Juggernaut","floor":28}],"player_experience":96136,"relics_obtained":[{"floor":9,"key":"MealTicket"},{"floor":12,"key":"TungstenRod"},{"floor":26,"key":"Kunai"}],"event_choices":[{"damage_healed":0,"gold_gain":0,"player_choice":"Bought 0 Potions","damage_taken":0,"max_hp_gain":0,"max_hp_loss":0,"event_name":"The Woman in Blue","floor":3,"gold_loss":0},{"damage_healed":0,"gold_gain":0,"player_choice":"Take Wound","damage_taken":0,"relics_obtained":["Golden Idol"],"max_hp_gain":0,"max_hp_loss":0,"event_name":"Golden Idol","floor":5,"gold_loss":0,"cards_obtained":["Injury"]},{"damage_healed":0,"gold_gain":60,"player_choice":"Gained Gold","damage_taken":0,"max_hp_gain":0,"max_hp_loss":0,"event_name":"Golden Wing","floor":13,"gold_loss":0},{"damage_healed":0,"gold_gain":0,"player_choice":"Ignored","damage_taken":0,"max_hp_gain":0,"max_hp_loss":0,"event_name":"Ghosts","floor":19,"gold_loss":0},{"damage_healed":0,"gold_gain":0,"player_choice":"Opened","damage_taken":0,"relics_obtained":["Bronze Scales"],"max_hp_gain":0,"max_hp_loss":0,"event_name":"The Mausoleum","floor":29,"gold_loss":0},{"damage_healed":0,"gold_gain":275,"player_choice":"Desecrate","damage_taken":0,"max_hp_gain":0,"max_hp_loss":0,"event_name":"Golden Shrine","floor":30,"gold_loss":0,"cards_obtained":["Regret"]}],"is_beta":false,"boss_relics":[{"not_picked":["Black Star","Runic Pyramid"],"picked":"Empty Cage"}],"items_purged_floors":[],"is_endless":false,"potions_floor_spawned":[7,11,12,18],"killed_by":"Cultist and Chosen","ascension_level":0}}