{"host":"q9718omregw4er46","time":1608238344,"event":{"mods":["BaseMod","Bestiary","Colored Powertips","Custom Start","Highlight Path","Minty Spire (QoL Compilation)","Practice Mode","Quick Restart","Relic Stats"],"gold_per_floor":[110,110,35,55,55,83,144,144,144,144,174,99,99,109,109,186,186,202,127,127,177,191,191,191,191],"floor_reached":24,"playtime":455,"items_purged":["Defend_P"],"score":488,"play_id":"652ca734-b157-4569-a7d2-b3901af6b105","local_time":"20201218015224","is_ascension_mode":true,"campfire_choices":[{"floor":8,"key":"REST"},{"data":"EmptyFist","floor":10,"key":"SMITH"},{"data":"Vigilance","floor":13,"key":"SMITH"},{"data":"CutThroughFate","floor":15,"key":"SMITH"},{"data":"Tantrum","floor":23,"key":"SMITH"}],"circlet_count":0,"master_deck":["AscendersBane","Strike_P+1","Strike_P+1","Strike_P+1","Defend_P","Defend_P","Eruption","Vigilance+1","Wallop+1","EmptyFist+1","Meditate+1","CutThroughFate+1","Vault+1","Tantrum+1","CarveReality+1"],"relics":["PureWater","NeowsBlessing","MealTicket","Toxic Egg 2","Whetstone","Strawberry","Philosopher\u0027s Stone"],"acts_visited":["Exordium","TheCity"],"potions_floor_usage":[16,24],"damage_taken":[{"damage":0,"enemies":"Jaw Worm","floor":1,"turns":1},{"damage":0,"enemies":"2 Louse","floor":4,"turns":1},{"damage":0,"enemies":"Lagavulin","floor":6,"turns":1},{"damage":28,"enemies":"Gremlin Nob","floor":7,"turns":4},{"damage":0,"enemies":"Gremlin Nob","floor":11,"turns":3},{"damage":2,"enemies":"Small Slimes","floor":14,"turns":3},{"damage":29,"enemies":"The Guardian","floor":16,"turns":9},{"damage":0,"enemies":"Spheric Guardian","floor":18,"turns":2},{"damage":12,"enemies":"2 Thieves","floor":22,"turns":3},{"damage":72,"enemies":"Gremlin Leader","floor":24,"turns":3}],"seed_played":"-4338796373707603311","potions_obtained":[{"floor":6,"key":"Regen Potion"},{"floor":11,"key":"ColorlessPotion"},{"floor":16,"key":"PowerPotion"},{"floor":22,"key":"BottledMiracle"}],"is_trial":false,"path_per_floor":["M","?","?","M","T","E","?","R","T","R","E","$","R","M","R","B",null,"M","?","?","?","M","R","E"],"character_chosen":"WATCHER","items_purchased":[],"campfire_rested":1,"item_purchase_floors":[],"current_hp_per_floor":[61,41,41,41,41,41,13,33,33,33,40,55,55,53,53,36,65,65,65,65,65,53,53,0,0],"gold":191,"neow_bonus":"THREE_ENEMY_KILL","is_daily":false,"chose_seed":false,"campfire_upgraded":4,"win_rate":0.0,"timestamp":1608238344,"path_taken":["M","?","?","M","?","E","?","R","T","R","E","$","R","M","R","BOSS","M","?","?","?","?","R","E"],"items_purchased_type":[],"build_version":"2020-12-13","purchased_purges":1,"victory":false,"max_hp_per_floor":[68,68,68,68,68,68,68,68,68,68,75,75,75,75,75,75,75,75,75,75,75,75,75,75,75],"relic_stats":{"counters":[10,30],"MealTicket":15,"Whetstone":["Wallop","Strike_P"],"obtain_stats":[{"NeowsBlessing":0,"Strawberry":11,"MealTicket":6,"Philosopher\u0027s Stone":17,"Whetstone":9,"PureWater":0,"Toxic Egg 2":7},{"NeowsBlessing":0,"Strawberry":5,"MealTicket":3,"Philosopher\u0027s Stone":7,"Whetstone":4,"PureWater":0,"Toxic Egg 2":4},{"NeowsBlessing":0,"Strawberry":10,"MealTicket":3,"Philosopher\u0027s Stone":22,"Whetstone":7,"PureWater":0,"Toxic Egg 2":7}]},"card_choices":[{"not_picked":["EmptyBody","ThirdEye","CutThroughFate"],"picked":"SKIP","floor":1},{"not_picked":["EmptyMind","LikeWater"],"picked":"Wallop","floor":4},{"not_picked":["WaveOfTheHand","Adaptation"],"picked":"EmptyFist","floor":6},{"not_picked":["LikeWater","EmptyBody+1"],"picked":"Meditate+1","floor":7},{"not_picked":["Consecrate","MasterReality","JustLucky"],"picked":"SKIP","floor":11},{"not_picked":["WindmillStrike","PathToVictory+1"],"picked":"CutThroughFate","floor":14},{"not_picked":["Brilliance","Judgement+1"],"picked":"Vault+1","floor":16},{"not_picked":["Crescendo+1","ForeignInfluence+1"],"picked":"Tantrum","floor":18},{"not_picked":["SandsOfTime","Consecrate"],"picked":"CarveReality+1","floor":22}],"player_experience":1032867,"relics_obtained":[{"floor":6,"key":"MealTicket"},{"floor":7,"key":"Toxic Egg 2"},{"floor":9,"key":"Whetstone"},{"floor":11,"key":"Strawberry"}],"event_choices":[{"damage_healed":0,"gold_gain":0,"player_choice":"Entered Light","damage_taken":20,"max_hp_gain":0,"max_hp_loss":0,"event_name":"Shining Light","floor":2,"gold_loss":0,"cards_upgraded":["Strike_P","Strike_P"]},{"cards_removed":["Strike_P"],"damage_healed":0,"gold_gain":0,"player_choice":"Card Removal","damage_taken":0,"max_hp_gain":0,"max_hp_loss":0,"event_name":"The Cleric","floor":3,"gold_loss":75},{"damage_healed":0,"gold_gain":30,"player_choice":"Searched \u00272\u0027 times","damage_taken":0,"max_hp_gain":0,"max_hp_loss":0,"event_name":"Dead Adventurer","floor":7,"gold_loss":0},{"cards_removed":["Defend_P"],"damage_healed":0,"gold_gain":0,"player_choice":"Gave Gold","damage_taken":0,"max_hp_gain":0,"max_hp_loss":0,"event_name":"Beggar","floor":19,"gold_loss":75},{"damage_healed":0,"gold_gain":0,"player_choice":"Ignored","damage_taken":0,"max_hp_gain":0,"max_hp_loss":0,"event_name":"Ghosts","floor":20,"gold_loss":0},{"damage_healed":0,"gold_gain":50,"player_choice":"Pray","damage_taken":0,"max_hp_gain":0,"max_hp_loss":0,"event_name":"Golden Shrine","floor":21,"gold_loss":0}],"is_beta":false,"boss_relics":[{"not_picked":["Astrolabe","Runic Dome"],"picked":"Philosopher\u0027s Stone"}],"items_purged_floors":[12],"is_endless":false,"potions_floor_spawned":[6,11,16,22],"killed_by":"Gremlin Leader","ascension_level":19}}