{"host":"zi8o4akxlgxypwgb","time":1608199224,"event":{"mods":["BaseMod","Minty Spire (QoL Compilation)","Replay The Spire","StSLib","SuperFastMode"],"gold_per_floor":[110,110,122,122,122,122,154,154,181,181,211,221,255,274,274,375,375,392,409,409,409,420,451,451,465,515,530,530,47,74,93,93,188,188,207,207,217,230,260,294,294,310,310,321,341,341,369,379,379,379],"floor_reached":51,"playtime":3532,"items_purged":["Defend_R"],"score":896,"play_id":"1af42b8e-8053-4443-9838-998d98c0a5cb","local_time":"20201217180024","is_ascension_mode":true,"campfire_choices":[{"data":"Seeing Red","floor":6.0,"key":"SMITH"},{"data":"Bash","floor":8.0,"key":"SMITH"},{"data":"Clash","floor":10.0,"key":"SMITH"},{"data":"Headbutt","floor":15.0,"key":"SMITH"},{"data":"ReplayTheSpireMod:Strike From Hell","floor":28.0,"key":"SMITH"},{"data":"Infernal Blade","floor":32.0,"key":"SMITH"},{"floor":41.0,"key":"DIG"},{"floor":46,"key":"DIG"},{"floor":49,"key":"DIG"}],"circlet_count":0,"master_deck":["Strike_R","Strike_R","Strike_R","Strike_R","Defend_R","Defend_R+1","Defend_R+1","Bash+1","Apotheosis+1","Rage","Seeing Red+1","Clash+1","Wild Strike","Dropkick","Headbutt+1","Bludgeon","Exhume","ReplayTheSpireMod:Strike From Hell+1","Burning Pact","Necronomicurse","ReplayTheSpireMod:Limb From Limb","Rampage","Run Through","Flame Barrier+1","Ghostly Armor","ReplayTheSpireMod:LeadingStrike+1","Infernal Blade","Flex","Wild Strike","Blood for Blood","Infernal Blade+1","Double Tap","Headbutt+1","Madness","Madness","ReplayTheSpireMod:Limb From Limb","Pommel Strike+1","Decay","Pummel+1","Feel No Pain+1","Burning Pact+1","Parasite","Evolve+1","Warcry+1","Impervious+1","Clash+1"],"relics":["Black Blood","Toy Ornithopter","Vajra","Bag of Preparation","ReplayTheSpireMod:Lightbulb","Painkiller Herb","Necronomicon","Ornamental Fan","Simple Rune","BargainBundle","Dead Branch","Nunchaku","Replay:Grab Bag","Philosopher\u0027s Stone","Cursed Key","Honey Jar","Shovel","ReplayFunnel","Bird Faced Urn","Gambling Chip","Toxic Egg 2","Potion Belt","Orichalcum"],"acts_visited":["TheCity","TheBeyond"],"potions_floor_usage":[50,50,50,50,50],"damage_taken":[{"damage":2.0,"enemies":"Cultist","floor":1.0,"turns":4.0},{"damage":24.0,"enemies":"Jaw Worm","floor":3.0,"turns":5.0},{"damage":10.0,"enemies":"Lagavulin","floor":7.0,"turns":5.0},{"damage":3.0,"enemies":"Replay:BlueRogue","floor":11.0,"turns":4.0},{"damage":0.0,"enemies":"2 Louse","floor":12.0,"turns":3.0},{"damage":10.0,"enemies":"Lagavulin","floor":13.0,"turns":4.0},{"damage":0.0,"enemies":"2 Fungi Beasts","floor":14.0,"turns":3.0},{"damage":44.0,"enemies":"Slime Boss","floor":16.0,"turns":11.0},{"damage":7.0,"enemies":"Chosen","floor":18.0,"turns":3.0},{"damage":0.0,"enemies":"Spheric Guardian","floor":19.0,"turns":2.0},{"damage":10.0,"enemies":"Shelled Parasite and Fungi","floor":22.0,"turns":3.0},{"damage":0.0,"enemies":"Replay:Snechameleon","floor":23.0,"turns":2.0},{"damage":0.0,"enemies":"Snake Plant","floor":25.0,"turns":2.0},{"damage":29.0,"enemies":"Centurion and Healer","floor":27.0,"turns":3.0},{"damage":23.0,"enemies":"Slavers","floor":30.0,"turns":4.0},{"damage":8.0,"enemies":"3 Cultists","floor":31.0,"turns":4.0},{"damage":21.0,"enemies":"Collector","floor":33.0,"turns":9.0},{"damage":1.0,"enemies":"3 Darklings","floor":35.0,"turns":3.0},{"damage":2.0,"enemies":"3 Shapes","floor":37.0,"turns":2.0},{"damage":0.0,"enemies":"Maw","floor":38.0,"turns":4.0},{"damage":18.0,"enemies":"R_Hoarder","floor":40.0,"turns":3.0},{"damage":0.0,"enemies":"Transient","floor":42.0,"turns":5.0},{"damage":32.0,"enemies":"4 Shapes","floor":44.0,"turns":3.0},{"damage":0,"enemies":"Jaw Worm Horde","floor":45,"turns":2},{"damage":0,"enemies":"Nemesis","floor":47,"turns":3},{"damage":14,"enemies":"Spire Growth","floor":48,"turns":2},{"damage":33,"enemies":"Awakened One","floor":50,"turns":6}],"seed_played":"6372672896724784951","potions_obtained":[{"floor":3.0,"key":"LifebloodPotion"},{"floor":11.0,"key":"Adrenaline Potion"},{"floor":12.0,"key":"ColorlessPotion"},{"floor":19.0,"key":"Reflective Coating"},{"floor":23.0,"key":"Ancient Potion"},{"floor":31.0,"key":"PowerPotion"},{"floor":37.0,"key":"FearPotion"},{"floor":40.0,"key":"LifebloodPotion"},{"floor":44.0,"key":"Toxic Potion"},{"floor":45,"key":"Explosive Potion"},{"floor":48,"key":"Ancient Potion"}],"is_trial":false,"path_per_floor":["M","?","M","$","?","R","E","R","T","R","E","M","E","M","R","B",null,"?","?","?","?","?","E","?","?","T","?","T","T","E","?","T","B",null,"?","?","?","?","?","E","T","?","T","?","?","T","E","?","T","B",null],"character_chosen":"IRONCLAD","items_purchased":["BargainBundle","Dead Branch","ReplayTheSpireMod:LeadingStrike+1","Infernal Blade","Flex","Wild Strike"],"campfire_rested":0,"item_purchase_floors":[29,29,29,29,29,29],"current_hp_per_floor":[72,65,47,47,47,47,43,43,43,43,46,52,48,54,54,16,72,71,72,56,56,52,58,51,57,57,34,34,34,17,15,15,10,72,72,63,72,72,72,66,66,72,72,52,66,66,72,70,70,72],"gold":379,"neow_bonus":"RANDOM_COLORLESS_2","is_daily":false,"chose_seed":false,"campfire_upgraded":6,"win_rate":0.0,"timestamp":1608199224,"path_taken":["M","?","M","$","?","R","E","R","T","R","E","M","E","?","R","BOSS","?","?","?","?","?","E","?","?","T","?","T","T","E","?","T","BOSS","?","?","?","?","?","E","T","?","T","?","?","T","E","?","T","BOSS"],"items_purchased_type":["Relic","Relic","Card","Card","Card","Card"],"build_version":"2020-12-13","purchased_purges":1,"victory":true,"max_hp_per_floor":[72,72,72,72,72,72,72,72,72,72,72,72,72,72,72,72,72,72,72,72,72,72,72,72,72,72,72,72,72,72,72,72,72,72,72,72,72,72,72,72,72,72,72,72,72,72,72,72,72,72],"card_choices":[{"not_picked":["HandOfGreed","Crow Ritual"],"picked":"Apotheosis","floor":0.0},{"not_picked":["Flame Barrier","Rupture"],"picked":"Rage","floor":1.0},{"not_picked":["Havoc","Intimidate"],"picked":"Seeing Red","floor":3.0},{"not_picked":["Rage","Armaments"],"picked":"Clash","floor":7.0},{"not_picked":["Clash","Warcry"],"picked":"Wild Strike","floor":11.0},{"not_picked":["Uppercut","Rage"],"picked":"Dropkick","floor":12.0},{"not_picked":["Body Slam","Entrench"],"picked":"Headbutt","floor":13.0},{"not_picked":["Entrench","Carnage"],"picked":"Bludgeon","floor":14.0},{"not_picked":["Fiend Fire","Brutality"],"picked":"Exhume","floor":16.0},{"not_picked":["Power Through","Second Wind"],"picked":"ReplayTheSpireMod:Strike From Hell","floor":18.0},{"not_picked":["ReplayTheSpireMod:Limb From Limb+1","Flex"],"picked":"Burning Pact","floor":19.0},{"not_picked":["Shrug It Off","Anger+1"],"picked":"Rampage","floor":22.0},{"not_picked":["ReplayTheSpireMod:Muscle Training","Flex"],"picked":"Run Through","floor":23.0},{"not_picked":["Run Through","Shrug It Off"],"picked":"Flame Barrier+1","floor":25.0},{"not_picked":["Replay:Undeath\u0027s Touch+1","True Grit"],"picked":"Ghostly Armor","floor":27.0},{"not_picked":["Cleave","Burning Pact"],"picked":"Blood for Blood","floor":30.0},{"not_picked":["Fiend Fire","Battle Trance"],"picked":"Infernal Blade","floor":31.0},{"not_picked":["Juggernaut","Fiend Fire"],"picked":"Double Tap","floor":33.0},{"not_picked":["Run Through","Warcry","Dropkick"],"picked":"Headbutt+1","floor":35.0},{"not_picked":["ReplayTheSpireMod:Muscle Training","Searing Blow","Iron Wave"],"picked":"ReplayTheSpireMod:Limb From Limb","floor":37.0},{"not_picked":["Warcry+1","Wild Strike","Dropkick+1"],"picked":"Pommel Strike+1","floor":38.0},{"not_picked":["Seeing Red+1","Disarm","Sword Boomerang"],"picked":"Pummel+1","floor":39.0},{"not_picked":["Reckless Charge+1","Cleave","Run Through+1"],"picked":"Feel No Pain+1","floor":40.0},{"not_picked":["ReplayTheSpireMod:LeadingStrike+1","Flex","Armaments"],"picked":"Burning Pact+1","floor":42.0},{"not_picked":["Clash","Thunderclap","Wild Strike"],"picked":"Evolve+1","floor":44.0},{"not_picked":["Pommel Strike","Life Link+1","Uppercut"],"picked":"Warcry+1","floor":45},{"not_picked":["Blood for Blood+1","Run Through+1","Iron Wave+1"],"picked":"Impervious+1","floor":47},{"not_picked":["Twin Strike","Run Through","Sword Boomerang"],"picked":"Clash+1","floor":48}],"player_experience":336448,"relics_obtained":[{"floor":7.0,"key":"Toy Ornithopter"},{"floor":9.0,"key":"Vajra"},{"floor":11.0,"key":"Bag of Preparation"},{"floor":13.0,"key":"ReplayTheSpireMod:Lightbulb"},{"floor":20.0,"key":"Necronomicon"},{"floor":23.0,"key":"Ornamental Fan"},{"floor":26.0,"key":"Simple Rune"},{"floor":30.0,"key":"Nunchaku"},{"floor":39.0,"key":"Shovel"},{"floor":40.0,"key":"ReplayFunnel"},{"floor":41.0,"key":"Bird Faced Urn"},{"floor":43.0,"key":"Gambling Chip"},{"floor":46,"key":"Toxic Egg 2"},{"floor":47,"key":"Potion Belt"},{"floor":49,"key":"Orichalcum"}],"event_choices":[{"cards_removed":["Strike_R"],"damage_healed":0.0,"max_hp_gain":0.0,"max_hp_loss":0.0,"gold_gain":0.0,"event_name":"Golden Wing","player_choice":"Card Removal","floor":2.0,"gold_loss":0.0,"damage_taken":7.0},{"damage_healed":0.0,"max_hp_gain":0.0,"max_hp_loss":0.0,"gold_gain":0.0,"event_name":"Accursed Blacksmith","player_choice":"Forge","floor":5.0,"gold_loss":0.0,"damage_taken":0.0,"cards_upgraded":["Apotheosis"]},{"damage_healed":0.0,"max_hp_gain":0.0,"max_hp_loss":0.0,"gold_gain":0.0,"event_name":"Cursed Tome","player_choice":"Obtained Book","floor":20.0,"gold_loss":0.0,"damage_taken":16.0},{"damage_healed":0.0,"max_hp_gain":0.0,"max_hp_loss":0.0,"gold_gain":0.0,"event_name":"The Library","player_choice":"Read","floor":21.0,"gold_loss":0.0,"damage_taken":0.0,"cards_obtained":["ReplayTheSpireMod:Limb From Limb"]},{"damage_healed":0.0,"max_hp_gain":0.0,"max_hp_loss":0.0,"gold_gain":0.0,"event_name":"Wheel of Change","player_choice":"Damaged","floor":24.0,"gold_loss":0.0,"damage_taken":7.0},{"damage_healed":0.0,"max_hp_gain":0.0,"max_hp_loss":0.0,"gold_gain":0.0,"event_name":"Winding Halls","player_choice":"Embrace Madness","floor":36.0,"gold_loss":0.0,"damage_taken":9.0,"cards_obtained":["Madness","Madness"]}],"is_beta":false,"boss_relics":[{"not_picked":["Busted Crown","Abe\u0027s Treasure"],"picked":"Painkiller Herb"},{"not_picked":["Sozu","Calling Bell"],"picked":"Replay:Grab Bag"},{"not_picked":["Velvet Choker","Ooze Armor"],"picked":"Philosopher\u0027s Stone"},{"not_picked":["SlaversCollar","ChewingGum"],"picked":"Cursed Key"},{"not_picked":["Pandora\u0027s Box","Ring of Chaos"],"picked":"Honey Jar"},{"not_picked":["Astrolabe","Snecko Heart"],"picked":"Black Blood"}],"items_purged_floors":[29],"is_endless":false,"potions_floor_spawned":[3,11,12,19,23,31,37,40,44,45,48],"ascension_level":2}}