{"host":"i2bwlr76y9j8uqh3","time":1608166775,"event":{"mods":["2.2 Compatiblity","Act Like it!","BaseMod","Better Note","BetterRewards","CapriCore","Colored Powertips","Conspire","Gensokyo","Hermit","Hubris","Infinite Spire","Lobotomy","LobotomyExtend","Marisa????????","Minty Spire (QoL Compilation)","Permanent Neow","Rare Cards Sparkle","Reimu??????","Replay The Spire","StSLib","The Administrix","The Animator","The Blue Laboratory","The Immortal","The Jungle","The Servant 0.9.4"],"gold_per_floor":[113,125,125,125,125,153,170,197,223,249,284,166,178,196,196,291,291,301,301,321,321,237,265,265,292,292,325,175,175,175,170,170,243,243,247,247,247,243,243,243,243,243,243,239,239],"floor_reached":44,"playtime":2701,"items_purged":["conspire:Blindness"],"score":965,"play_id":"21c81304-9e42-4c95-a8d5-492ab834cd9c","local_time":"20201216195935","daily_mods":["Draft","DeadlyEvents","Elite Swarm","Lethality"],"is_ascension_mode":false,"campfire_choices":[{"floor":15,"key":"REST"},{"data":"Enlightenment","floor":24,"key":"SMITH"},{"floor":32,"key":"REST"},{"floor":40,"key":"REST"}],"circlet_count":0,"master_deck":["Second Wind","conspire:ExplosiveBarrier","Heavy Blade","Spot Weakness","Replay:Undeath\u0027s Touch","Power Through","Life Link","Cleave","Cleave","Wild Strike","Replay:Undeath\u0027s Touch","Disarm","Sword Boomerang","Thunderclap","Thunderclap","Wild Strike","hubris:CleavingFinish","ReplayTheSpireMod:??????????????????????","Immolate","infinitespire:OneForAll","Replay:Many Hands","Offering","Reaper","ReplayTheSpireMod:Strike From Hell+1","Disarm","Sword Boomerang","Berserk","Gensokyo:ImpossibleRequest","Double Tap","Enlightenment+1","hubris:Fate","AdministrixMod:BlueCloak","Burning Pact","Clash+1","Purity","Exhume","Demonic Infusion","Pot Of Greed","Pot Of Greed","Pot Of Greed","Pot Of Greed","Exhume","Inflame","Shockwave","Second Wind","conspire:ExplosiveBarrier","Heavy Blade","Spot Weakness","Replay:Undeath\u0027s Touch","Power Through","Life Link","Cleave","Cleave","Wild Strike","Replay:Undeath\u0027s Touch","Disarm","Sword Boomerang","Thunderclap","Thunderclap","Wild Strike","hubris:CleavingFinish","ReplayTheSpireMod:??????????????????????","Immolate","infinitespire:OneForAll","Replay:Many Hands","Offering","Reaper","ReplayTheSpireMod:Strike From Hell+1","Disarm","Sword Boomerang","Berserk","Gensokyo:ImpossibleRequest","Double Tap","Enlightenment+1","hubris:Fate","AdministrixMod:BlueCloak","Burning Pact","Clash+1","Purity","Exhume","Demonic Infusion","Pot Of Greed","Pot Of Greed","Pot Of Greed","Pot Of Greed","Exhume","Inflame","Shockwave","Pot Of Greed","Pot Of Greed","Pot Of Greed","Heavy Blade","Feed","Armaments+1","Pride","Pride","Pride","Pot Of Greed"],"relics":["Ring of Chaos","LetterFromLob","Runic Cube","hubris:Towel","conspire:TopHat","FossilizedHelix","ReplayTheSpireMod:TigerMarble","Bag of Preparation","infinitespire:Golems Mask","ReplayTheSpireMod:CursedCoin","Regal Pillow","ReplayTheSpireMod:SealedPack","NeowsBlessing","Turnip","Replay:Bottled Snecko","Grinning Jar","conspire:Boomerang","Gambling Chip","Snecko Heart","Ornamental Fan"],"acts_visited":["Exordium","TheCity","TheBeyond"],"potions_floor_usage":[33,33],"damage_taken":[{"damage":4,"enemies":"conspire:RoseBush","floor":1,"turns":2},{"damage":0,"enemies":"2 Louse","floor":2,"turns":2},{"damage":16,"enemies":"3 Sentries","floor":6,"turns":3},{"damage":0,"enemies":"Cultist","floor":7,"turns":2},{"damage":0,"enemies":"Gremlin Nob","floor":8,"turns":2},{"damage":0,"enemies":"Lagavulin","floor":10,"turns":3},{"damage":0,"enemies":"Gremlin Nob","floor":11,"turns":2},{"damage":0,"enemies":"Exordium Wildlife","floor":13,"turns":2},{"damage":14,"enemies":"Red Slaver","floor":14,"turns":2},{"damage":0,"enemies":"Slime Boss","floor":16,"turns":4},{"damage":12,"enemies":"3 Byrds","floor":18,"turns":2},{"damage":0,"enemies":"Spheric Guardian","floor":20,"turns":1},{"damage":0,"enemies":"Nightmare","floor":23,"turns":1},{"damage":0,"enemies":"Replay:Snechameleon","floor":25,"turns":1},{"damage":0,"enemies":"Gremlin Leader","floor":27,"turns":1},{"damage":28,"enemies":"3 Cultists","floor":31,"turns":4},{"damage":11,"enemies":"Automaton","floor":33,"turns":4},{"damage":24,"enemies":"3 Darklings","floor":35,"turns":2},{"damage":6,"enemies":"Orb Walker","floor":38,"turns":3},{"damage":0,"enemies":"Maw","floor":44,"turns":1}],"seed_played":"-1976458622786672669","potions_obtained":[{"floor":7,"key":"SpeedPotion"},{"floor":8,"key":"blueLaboratory:PyrophylliteBrew"},{"floor":13,"key":"Adrenaline Potion"},{"floor":16,"key":"blueLaboratory:HummingbirdPotion"},{"floor":33,"key":"blueLaboratory:FruitPunch"}],"is_trial":true,"path_per_floor":["M","M","WH","?","?","E","M","E","T","E","E","$","M","M","R","B",null,"M","WH","M","AVR","$","NM","R","E","T","E","$","WH","?","M","R","B",null,"M","WH","AVR","M","WH","R","WH","?","T","M"],"character_chosen":"IRONCLAD","items_purchased":["ReplayTheSpireMod:CursedCoin","ReplayTheSpireMod:Strike From Hell+1","Regal Pillow","Purity","Inflame","Shockwave"],"campfire_rested":3,"item_purchase_floors":[12,12,12,22,28,28],"current_hp_per_floor":[80,80,80,61,61,45,45,45,45,45,45,45,45,40,79,79,80,68,68,68,68,68,68,68,68,68,68,68,68,68,40,79,68,80,56,56,56,59,59,78,78,78,78,78,78],"gold":239,"neow_bonus":"THREE_ENEMY_KILL","is_daily":false,"chose_seed":false,"campfire_upgraded":1,"win_rate":0.0,"timestamp":1608166775,"path_taken":["M","M","WH","?","?","E","?","E","T","E","?","$","M","?","R","BOSS","M","WH","M","AVR","?","NM","R","E","T","E","$","WH","?","M","R","BOSS","M","WH","AVR","M","WH","R","WH","?","T","M"],"items_purchased_type":["Relic","Card","Relic","Card","Card","Card"],"build_version":"2020-12-13","purchased_purges":1,"victory":false,"max_hp_per_floor":[80,80,80,80,80,80,80,80,80,80,80,80,80,80,80,80,80,80,80,80,80,80,80,80,80,80,80,80,80,80,80,80,80,80,80,80,80,80,80,80,80,80,80,80,80],"card_choices":[{"not_picked":["Headbutt","Inflame"],"picked":"Second Wind","floor":0},{"not_picked":["Inflame","True Grit"],"picked":"conspire:ExplosiveBarrier","floor":0},{"not_picked":["Entrench","Body Slam"],"picked":"Heavy Blade","floor":0},{"not_picked":["Flex","Havoc"],"picked":"Spot Weakness","floor":0},{"not_picked":["Wild Strike","ReplayReversal"],"picked":"Replay:Undeath\u0027s Touch","floor":0},{"not_picked":["Warcry","Armaments"],"picked":"Power Through","floor":0},{"not_picked":["Shrug It Off","Seeing Red"],"picked":"Life Link","floor":0},{"not_picked":["Perfected Strike","Thunderclap"],"picked":"Cleave","floor":0},{"not_picked":["Flame Barrier","Anger"],"picked":"Cleave","floor":0},{"not_picked":["Massacre","Armaments"],"picked":"Wild Strike","floor":0},{"not_picked":["True Grit","Warcry"],"picked":"Replay:Undeath\u0027s Touch","floor":0},{"not_picked":["Flame Barrier","Reckless Charge"],"picked":"Disarm","floor":0},{"not_picked":["Armaments","Anger"],"picked":"Sword Boomerang","floor":0},{"not_picked":["Twin Strike","Dual Wield"],"picked":"Thunderclap","floor":0},{"not_picked":["Flex","Disarm"],"picked":"Thunderclap","floor":0},{"not_picked":["Havoc","hubris:ReadiedAction"],"picked":"Wild Strike","floor":1},{"not_picked":["Power Through","Pummel"],"picked":"hubris:CleavingFinish","floor":2},{"not_picked":["hubris:Rewind","ReplayTheSpireMod:Black Plague"],"picked":"ReplayTheSpireMod:??????????????????????","floor":4},{"not_picked":["conspire:Purge","Demon Form"],"picked":"Immolate","floor":6},{"not_picked":["Pommel Strike","hubris:ReadiedAction"],"picked":"infinitespire:OneForAll","floor":7},{"not_picked":["Immolate","Berserk"],"picked":"Replay:Many Hands","floor":8},{"not_picked":["Fiend Fire","Eclipse"],"picked":"Offering","floor":10},{"not_picked":["Fiend Fire","hubris:StunningStrike"],"picked":"Reaper","floor":11},{"not_picked":["Run Through","Hemokinesis"],"picked":"Disarm","floor":13},{"not_picked":["Power Through","Heavy Blade"],"picked":"Sword Boomerang","floor":14},{"not_picked":["Eclipse","Exhume"],"picked":"Berserk","floor":16},{"not_picked":["conspire:HitWhereItHurts","Berserk"],"picked":"Double Tap","floor":17},{"not_picked":["Mind Blast","Swift Strike"],"picked":"Enlightenment","floor":17},{"not_picked":["ReplayTheSpireMod:??????????????????????","ReplayTheSpireMod:Haul"],"picked":"hubris:Fate","floor":17},{"not_picked":["NB:ReiMu","AdministrixMod:Daybreak"],"picked":"AdministrixMod:BlueCloak","floor":17},{"not_picked":["ReplayReversal","Body Slam"],"picked":"Burning Pact","floor":18},{"not_picked":["Shrug It Off","Perfected Strike"],"picked":"Clash+1","floor":20},{"not_picked":["conspire:HitWhereItHurts","Brutality"],"picked":"Exhume","floor":23},{"not_picked":["Barricade","conspire:HitWhereItHurts"],"picked":"Demonic Infusion","floor":25},{"not_picked":["Bludgeon","Offering"],"picked":"Exhume","floor":27},{"not_picked":["Armaments","hubris:ReadiedAction"],"picked":"Heavy Blade","floor":31},{"not_picked":["Exhume","Replay:Many Hands"],"picked":"Feed","floor":33},{"not_picked":["Wild Strike+1","Heavy Blade","ReplayTheSpireMod:Strike From Hell"],"picked":"SKIP","floor":35},{"not_picked":["Feel No Pain","Flame Barrier"],"picked":"Armaments+1","floor":38}],"player_experience":159973,"relics_obtained":[{"floor":1,"key":"LetterFromLob"},{"floor":6,"key":"conspire:TopHat"},{"floor":8,"key":"FossilizedHelix"},{"floor":9,"key":"ReplayTheSpireMod:TigerMarble"},{"floor":10,"key":"Bag of Preparation"},{"floor":11,"key":"infinitespire:Golems Mask"},{"floor":23,"key":"Replay:Bottled Snecko"},{"floor":25,"key":"Grinning Jar"},{"floor":26,"key":"conspire:Boomerang"},{"floor":27,"key":"Gambling Chip"},{"floor":43,"key":"Ornamental Fan"}],"event_choices":[{"cards_removed":["Exhume"],"damage_healed":0,"gold_gain":0,"player_choice":"Give","damage_taken":0,"max_hp_gain":0,"max_hp_loss":0,"event_name":"betterNote:BetterNote","floor":42,"gold_loss":0,"cards_obtained":["animator:Aqua"]}],"is_beta":false,"boss_relics":[{"not_picked":["hubris:HollowSoul","Runic Pyramid"],"picked":"ReplayTheSpireMod:SealedPack"},{"not_picked":["conspire:SlowCooker","ReplayTheSpireMod:DimensionalGlitch"],"picked":"Snecko Heart"}],"items_purged_floors":[12],"is_endless":true,"potions_floor_spawned":[7,8,13,16,18,23,31,33],"killed_by":"Maw","ascension_level":0}}