{"host":"g76rhe4j5kh9hdf9","time":1608240595,"event":{"mods":["Act Like it!","BaseMod","Better Third Choice","GifTheSpireLib","Minty Spire (QoL Compilation)","Relic Stats","Robot Space Explorer","Spicy Shops","StSLib"],"gold_per_floor":[109,120,132,145,145,178,178,208,257,270,270,270,270],"floor_reached":12,"playtime":699,"items_purged":[],"score":95,"play_id":"c5e2e99c-a6a7-435c-8d42-302ec881f2a1","local_time":"20201217132955","is_ascension_mode":true,"campfire_choices":[{"floor":7,"key":"REST"}],"circlet_count":0,"master_deck":["RobotSpaceExplorer:Strike","RobotSpaceExplorer:Strike","RobotSpaceExplorer:Strike","RobotSpaceExplorer:Strike","RobotSpaceExplorer:Defend","RobotSpaceExplorer:Defend","RobotSpaceExplorer:Defend","RobotSpaceExplorer:Defend","RobotSpaceExplorer:Scan","RobotSpaceExplorer:Discharger","RobotSpaceExplorer:Electroshield","RobotSpaceExplorer:Exploration"],"relics":["Snecko Eye","RobotSpaceExplorer:BottledGravity","Kunai","MealTicket"],"acts_visited":["Exordium"],"potions_floor_usage":[6,6,8],"damage_taken":[{"damage":0,"enemies":"2 Louse","floor":1,"turns":2},{"damage":0,"enemies":"Small Slimes","floor":2,"turns":3},{"damage":4,"enemies":"Jaw Worm","floor":3,"turns":6},{"damage":0,"enemies":"Red Slaver","floor":4,"turns":5},{"damage":55,"enemies":"Gremlin Nob","floor":6,"turns":7},{"damage":8,"enemies":"3 Sentries","floor":8,"turns":4},{"damage":3,"enemies":"Gremlin Gang","floor":10,"turns":5},{"damage":37,"enemies":"Gremlin Nob","floor":12,"turns":4}],"seed_played":"4346193252118721263","potions_obtained":[{"floor":2,"key":"Explosive Potion"},{"floor":3,"key":"Regen Potion"},{"floor":4,"key":"GamblersBrew"}],"is_trial":false,"path_per_floor":["M","M","M","M","?","E","R","E","T","M","?","E"],"character_chosen":"RobotSpaceExplorer","items_purchased":[],"campfire_rested":1,"item_purchase_floors":[],"current_hp_per_floor":[75,75,71,71,64,24,46,38,38,35,35,0,0],"gold":270,"neow_bonus":"BOSS_RELIC","is_daily":false,"chose_seed":false,"campfire_upgraded":0,"win_rate":0.0,"timestamp":1608240595,"path_taken":["M","M","M","M","?","E","R","E","T","M","?","E"],"items_purchased_type":[],"build_version":"2020-12-13","purchased_purges":0,"victory":false,"max_hp_per_floor":[75,75,75,75,75,75,75,75,75,75,75,75,75],"relic_stats":{"counters":[8,36],"Snecko Eye":[73,68,53,56],"MealTicket":0,"Kunai":[0],"obtain_stats":[{"RobotSpaceExplorer:BottledGravity":6,"Snecko Eye":0,"RobotSpaceExplorer:RoboCore":0,"MealTicket":9,"Kunai":8},{"RobotSpaceExplorer:BottledGravity":5,"Snecko Eye":0,"RobotSpaceExplorer:RoboCore":0,"MealTicket":6,"Kunai":6},{"RobotSpaceExplorer:BottledGravity":23,"Snecko Eye":0,"RobotSpaceExplorer:RoboCore":0,"MealTicket":27,"Kunai":27}]},"card_choices":[{"not_picked":["RobotSpaceExplorer:MiniDrones","RobotSpaceExplorer:SurgingShield"],"picked":"RobotSpaceExplorer:Discharger","floor":1},{"not_picked":["RobotSpaceExplorer:SurgingStrike","RobotSpaceExplorer:MetalStrike","RobotSpaceExplorer:ImprovisedAttack"],"picked":"SKIP","floor":2},{"not_picked":["RobotSpaceExplorer:SwiftStep","RobotSpaceExplorer:PowerGlove"],"picked":"RobotSpaceExplorer:Electroshield","floor":3},{"not_picked":["RobotSpaceExplorer:SurgingShield","RobotSpaceExplorer:GlueSpray","RobotSpaceExplorer:ImprovisedAttack"],"picked":"SKIP","floor":4},{"not_picked":["RobotSpaceExplorer:Smokescreen","RobotSpaceExplorer:Ammunition","RobotSpaceExplorer:StarLightning"],"picked":"SKIP","floor":6},{"not_picked":["RobotSpaceExplorer:SurgingStrike","RobotSpaceExplorer:DualCore","RobotSpaceExplorer:RigExplosive"],"picked":"SKIP","floor":8},{"not_picked":["RobotSpaceExplorer:DualCore","RobotSpaceExplorer:ShovelStrike"],"picked":"RobotSpaceExplorer:Exploration","floor":10}],"player_experience":453488,"relics_obtained":[{"floor":6,"key":"RobotSpaceExplorer:BottledGravity"},{"floor":8,"key":"Kunai"},{"floor":9,"key":"MealTicket"}],"event_choices":[{"cards_removed":["RobotSpaceExplorer:MiniLasers"],"damage_healed":0,"gold_gain":0,"player_choice":"Card Removal","damage_taken":7,"max_hp_gain":0,"max_hp_loss":0,"event_name":"Golden Wing","floor":5,"gold_loss":0},{"damage_healed":0,"gold_gain":0,"player_choice":"Ignored","damage_taken":270,"max_hp_gain":0,"max_hp_loss":0,"event_name":"betterThird:BetterSerpent","floor":11,"gold_loss":0}],"is_beta":false,"boss_relics":[],"items_purged_floors":[],"is_endless":false,"potions_floor_spawned":[2,3,4],"killed_by":"Gremlin Nob","ascension_level":1}}