{"host":"by3dnjj711vo194a","time":1608182080,"event":{"mods":["2.2 Compatiblity","AchievementEnabler","BaseMod","Colored Map","DeckTracker","KOR Keyword Fix","Keyboard Shortcuts","Minty Spire (QoL Compilation)","Permanent Neow","Quick Restart","StSLib","SuperFastMode","everything is the same but u backflip on backflip"],"gold_per_floor":[119,69,144,144,162,162,173,190,490,509,527,556,556,585,585,684,684,700,718,633,3,3,33,33,33,101,101,121,137,147,147,147,247,247,264,264,148,34,49,75,75,94,118,118,144,183,195,207,207],"floor_reached":48,"playtime":1626,"items_purged":["Strike_R"],"score":649,"play_id":"8e81fe13-096f-496e-9d85-004df28813e4","local_time":"20201217141440","is_ascension_mode":true,"campfire_choices":[{"data":"Bash","floor":6.0,"key":"SMITH"},{"floor":13.0,"key":"REST"},{"floor":15.0,"key":"REST"},{"floor":25.0,"key":"REST"},{"data":"Dual Wield","floor":27.0,"key":"SMITH"},{"floor":32.0,"key":"REST"},{"data":"Limit Break","floor":41.0,"key":"SMITH"},{"data":"Offering","floor":44.0,"key":"SMITH"}],"circlet_count":0,"master_deck":["Strike_R","Strike_R","Defend_R","Defend_R","Defend_R","Defend_R","Bash+1","Twin Strike","Shrug It Off","Headbutt","Wild Strike","Inflame","Offering+1","Dual Wield+1","Heavy Blade+1","Power Through","Immolate","Warcry","Clothesline+1","Writhe","Impervious","Shockwave+1","Limit Break+1","Uppercut+1","Armaments+1"],"relics":["Black Blood","Orichalcum","Old Coin","Calipers","Art of War","Mark of Pain","Pen Nib","Paper Frog","Sling","Boot","The Courier","Bottled Lightning","Du-Vu Doll","Bronze Scales","Juzu Bracelet","Vajra","MawBank","Strawberry"],"acts_visited":["Exordium","TheCity","TheBeyond"],"potions_floor_usage":[],"damage_taken":[{"damage":10.0,"enemies":"Small Slimes","floor":1.0,"turns":3.0},{"damage":11.0,"enemies":"Jaw Worm","floor":5.0,"turns":4.0},{"damage":8.0,"enemies":"2 Louse","floor":7.0,"turns":3.0},{"damage":11.0,"enemies":"Gremlin Gang","floor":8.0,"turns":5.0},{"damage":7.0,"enemies":"Blue Slaver","floor":10.0,"turns":3.0},{"damage":7.0,"enemies":"Looter","floor":11.0,"turns":3.0},{"damage":51.0,"enemies":"3 Sentries","floor":12.0,"turns":11.0},{"damage":20.0,"enemies":"Gremlin Nob","floor":14.0,"turns":4.0},{"damage":36.0,"enemies":"The Guardian","floor":16.0,"turns":11.0},{"damage":46.0,"enemies":"2 Thieves","floor":18.0,"turns":4.0},{"damage":10.0,"enemies":"Chosen","floor":19.0,"turns":3.0},{"damage":23.0,"enemies":"Book of Stabbing","floor":23.0,"turns":3.0},{"damage":27.0,"enemies":"Sentry and Sphere","floor":28.0,"turns":4.0},{"damage":10.0,"enemies":"Centurion and Healer","floor":29.0,"turns":3.0},{"damage":6.0,"enemies":"Cultist and Chosen","floor":30.0,"turns":4.0},{"damage":19.0,"enemies":"Collector","floor":33.0,"turns":5.0},{"damage":12.0,"enemies":"3 Shapes","floor":35.0,"turns":4.0},{"damage":6.0,"enemies":"Orb Walker","floor":39.0,"turns":1.0},{"damage":16.0,"enemies":"Nemesis","floor":40.0,"turns":5.0},{"damage":6.0,"enemies":"Jaw Worm Horde","floor":42.0,"turns":2.0},{"damage":62.0,"enemies":"Reptomancer","floor":45.0,"turns":3.0},{"damage":43,"enemies":"Giant Head","floor":48,"turns":6}],"seed_played":"-1402006721433502488","potions_obtained":[{"floor":7.0,"key":"SpeedPotion"},{"floor":10.0,"key":"Dexterity Potion"},{"floor":12.0,"key":"SteroidPotion"},{"floor":16.0,"key":"SpeedPotion"},{"floor":18.0,"key":"SteroidPotion"},{"floor":28.0,"key":"Dexterity Potion"},{"floor":29.0,"key":"Fire Potion"},{"floor":39.0,"key":"GamblersBrew"}],"is_trial":false,"path_per_floor":["M","?","?","?","M","R","M","M","T","M","M","E","R","E","R","B",null,"M","M","?","$","?","E","$","R","T","R","M","M","M","?","R","B",null,"M","?","?","$","M","E","R","M","T","R","E","T","?","E"],"character_chosen":"IRONCLAD","items_purchased":["Paper Frog","Sling","Boot","Limit Break"],"campfire_rested":4,"item_purchase_floors":[21,21,21,38],"current_hp_per_floor":[76,76,65,70,65,65,63,58,58,57,56,11,36,22,47,17,85,45,41,41,41,33,16,16,41,41,41,20,16,16,16,41,28,85,85,85,85,85,85,81,81,85,85,85,35,42,42,0,0],"gold":207,"neow_bonus":"RANDOM_COMMON_RELIC","is_daily":false,"chose_seed":false,"campfire_upgraded":4,"win_rate":0.0,"timestamp":1608182080,"path_taken":["M","?","?","?","M","R","M","M","T","M","M","E","R","E","R","BOSS","M","M","?","$","?","E","$","R","T","R","M","?","M","?","R","BOSS","M","?","?","$","?","E","R","M","T","R","E","?","?","E"],"items_purchased_type":["Relic","Relic","Relic","Card"],"build_version":"2020-12-13","purchased_purges":1,"victory":false,"max_hp_per_floor":[80,80,80,85,85,85,85,85,85,85,85,85,85,85,85,85,85,85,85,85,85,85,85,85,85,85,85,85,85,85,85,85,85,85,85,85,85,85,85,85,85,85,85,85,85,92,92,92,92],"card_choices":[{"not_picked":["Wild Strike","Heavy Blade"],"picked":"Twin Strike","floor":1.0},{"not_picked":["Sever Soul","Burning Pact"],"picked":"Shrug It Off","floor":5.0},{"not_picked":["Rupture","Flex","Reckless Charge"],"picked":"SKIP","floor":7.0},{"not_picked":["Whirlwind","Flex","Sword Boomerang"],"picked":"SKIP","floor":8.0},{"not_picked":["Pummel","Entrench","Flex"],"picked":"SKIP","floor":10.0},{"not_picked":["Heavy Blade","Rage"],"picked":"Headbutt","floor":11.0},{"not_picked":["Sentinel","Berserk"],"picked":"Wild Strike","floor":12.0},{"not_picked":["Limit Break","Thunderclap"],"picked":"Inflame","floor":14.0},{"not_picked":["Corruption","Demon Form"],"picked":"Offering","floor":16.0},{"not_picked":["Reckless Charge+1","Armaments"],"picked":"Dual Wield","floor":18.0},{"not_picked":["Headbutt+1","Havoc"],"picked":"Heavy Blade+1","floor":19.0},{"not_picked":["Hemokinesis+1","Wild Strike"],"picked":"Power Through","floor":23.0},{"not_picked":["Pommel Strike","Fire Breathing"],"picked":"Immolate","floor":28.0},{"not_picked":["Rage","Reckless Charge+1"],"picked":"Warcry","floor":29.0},{"not_picked":["Dark Embrace","Cleave"],"picked":"Clothesline+1","floor":30.0},{"not_picked":["Exhume","Fiend Fire"],"picked":"Impervious","floor":33.0},{"not_picked":["Perfected Strike","Wild Strike"],"picked":"Shockwave+1","floor":35.0},{"not_picked":["Clash+1","Fiend Fire","Twin Strike+1"],"picked":"SKIP","floor":39.0},{"not_picked":["Intimidate","Carnage+1"],"picked":"Uppercut+1","floor":40.0},{"not_picked":["Twin Strike+1","Clothesline","Body Slam"],"picked":"SKIP","floor":42.0},{"not_picked":["Twin Strike","Infernal Blade"],"picked":"Armaments+1","floor":45.0}],"player_experience":134379,"relics_obtained":[{"floor":9.0,"key":"Old Coin"},{"floor":12.0,"key":"Calipers"},{"floor":14.0,"key":"Art of War"},{"floor":23.0,"key":"The Courier"},{"floor":26.0,"key":"Bottled Lightning"},{"floor":40.0,"key":"Juzu Bracelet"},{"floor":43.0,"key":"Vajra"},{"floor":45.0,"key":"MawBank"},{"floor":46.0,"key":"Strawberry"}],"event_choices":[{"cards_removed":["Strike_R"],"damage_healed":0.0,"max_hp_gain":0.0,"max_hp_loss":0.0,"gold_gain":0.0,"event_name":"The Cleric","player_choice":"Card Removal","floor":2.0,"gold_loss":50.0,"damage_taken":0.0},{"damage_healed":0.0,"max_hp_gain":0.0,"max_hp_loss":0.0,"gold_gain":75.0,"event_name":"World of Goop","player_choice":"Gather Gold","floor":3.0,"gold_loss":0.0,"damage_taken":11.0},{"damage_healed":0.0,"max_hp_gain":5.0,"max_hp_loss":0.0,"gold_gain":0.0,"event_name":"Big Fish","player_choice":"Donut","floor":4.0,"gold_loss":0.0,"damage_taken":0.0},{"damage_healed":0.0,"max_hp_gain":0.0,"max_hp_loss":0.0,"gold_gain":0.0,"event_name":"Addict","player_choice":"Obtained Relic","floor":20.0,"gold_loss":85.0,"damage_taken":0.0,"relics_obtained":["Pen Nib"]},{"damage_healed":0.0,"max_hp_gain":0.0,"max_hp_loss":0.0,"gold_gain":0.0,"event_name":"Wheel of Change","player_choice":"Damaged","floor":22.0,"gold_loss":0.0,"damage_taken":8.0},{"damage_healed":0.0,"max_hp_gain":0.0,"max_hp_loss":0.0,"gold_gain":0.0,"event_name":"The Mausoleum","player_choice":"Opened","floor":31.0,"gold_loss":0.0,"damage_taken":0.0,"relics_obtained":["Du-Vu Doll"],"cards_obtained":["Writhe"]},{"cards_removed":["Strike_R"],"damage_healed":0.0,"max_hp_gain":0.0,"max_hp_loss":0.0,"gold_gain":0.0,"event_name":"Falling","player_choice":"Removed Attack","floor":36.0,"gold_loss":0.0,"damage_taken":0.0},{"damage_healed":0.0,"max_hp_gain":0.0,"max_hp_loss":0.0,"gold_gain":0.0,"event_name":"WeMeetAgain","player_choice":"Paid Gold","floor":37.0,"gold_loss":116.0,"damage_taken":0.0,"relics_obtained":["Bronze Scales"]},{"damage_healed":0.0,"max_hp_gain":0.0,"max_hp_loss":0.0,"gold_gain":0.0,"event_name":"SensoryStone","player_choice":"Memory 1","floor":47.0,"gold_loss":0.0,"damage_taken":0.0}],"is_beta":false,"boss_relics":[{"not_picked":["SacredBark","Sozu"],"picked":"Mark of Pain"},{"not_picked":["Busted Crown","Fusion Hammer"],"picked":"Black Blood"}],"items_purged_floors":[21],"is_endless":false,"potions_floor_spawned":[7,10,12,16,18,28,29,39],"killed_by":"Giant Head","ascension_level":3}}