{"host":"3srbdas3e7jgqz5l","time":1608178733,"event":{"mods":["BaseMod","Downfall","Minty Spire (QoL Compilation)","StSLib","The Bug Knight","The Cursed"],"gold_per_floor":[99,124,124,124,158,158,184,199,199,229,229,229,117,129,143,238,238,238,272,472,472,487,487,487,501,501,532,547,566,75,60,79,174,174,99,130,147,147,162,208,257,286,286,318,333,347,347,34,46,46],"floor_reached":51,"playtime":3535,"items_purged":["Slimebound:Strike_Slimebound","hexamod:Haunted","Slimebound:Strike_Slimebound+1"],"score":1161,"play_id":"23db8d11-386f-4e7b-8d02-5fc5d106e358","local_time":"20201217041853","is_ascension_mode":true,"campfire_choices":[{"data":"Slimebound:Split","floor":1,"key":"SMITH"},{"data":"Slimebound:CorrosiveSpit","floor":9,"key":"SMITH"},{"data":"Slimebound:Grow","floor":18,"key":"SMITH"},{"data":"Slimebound:MassFeed","floor":21,"key":"SMITH"},{"floor":35,"key":"RECALL"}],"circlet_count":0,"master_deck":["Slimebound:Strike_Slimebound+1","Slimebound:Tackle","Slimebound:Defend_Slimebound+1","Slimebound:Defend_Slimebound+1","Slimebound:Defend_Slimebound+1","Slimebound:Defend_Slimebound+1","Slimebound:Split+1","Slimebound:CorrosiveSpit+1","Slimebound:CheckThePlaybook+1","Slimebound:FirmFortitude","Slimebound:ServeAndProtect","Slimebound:SlimeSpikes","Slimebound:Grow","Slimebound:RollThrough","Slimebound:Grow+1","Slimebound:Repurpose+1","Slimebound:MassFeed+1","Slimebound:SlimeSpikes+1","Slimebound:SamplingLick+1","Slimebound:MegaLick+1","Slimebound:LivingWall+1","Slimebound:HauntingLick+1","Slimebound:SamplingLick+1","Slimebound:GoopSpray+1","Slimebound:DouseInSlime+1","Slimebound:ViciousTackle","Slimebound:SamplingLick+1","Slimebound:LivingWall+1","Slimebound:LivingWall+1","Slimebound:RainOfGoop+1","Slimebound:GoopSpray+1","Slimebound:SamplingLick+1","Slimebound:ProtectTheBoss","Slimebound:LivingWall+1","Slimebound:SlimeSpikes+1"],"relics":["Slimebound:AbsorbEndCombat","downfall:HeartsMalice","Pen Nib","Vajra","Tiny Chest","Juzu Bracelet","The Courier","Toxic Egg 2","Sozu","Boot","Smiling Mask","Orichalcum","ClockworkSouvenir","PreservedInsect","Mummified Hand","Slimebound:TarBlob","downfall:HeartBlessingBlue","Unceasing Top","Thread and Needle","Centennial Puzzle","Bag of Preparation","Gremlin Horn","Omamori","FossilizedHelix","Happy Flower","Ice Cream"],"acts_visited":["Exordium","TheCity","TheBeyond"],"potions_floor_usage":[10,15],"damage_taken":[{"damage":0,"enemies":"Lagavulin","floor":2,"turns":1},{"damage":0,"enemies":"Small Slimes","floor":3,"turns":1},{"damage":0,"enemies":"Jaw Worm","floor":4,"turns":1},{"damage":42,"enemies":"3 Sentries","floor":5,"turns":5},{"damage":11,"enemies":"2 Louse","floor":8,"turns":4},{"damage":5,"enemies":"Gremlin Nob","floor":10,"turns":3},{"damage":8,"enemies":"downfall:FleeingMerchant","floor":13,"turns":4},{"damage":13,"enemies":"Blue Slaver","floor":14,"turns":4},{"damage":13,"enemies":"Lots of Slimes","floor":15,"turns":3},{"damage":35,"enemies":"downfall:Watcher","floor":16,"turns":9},{"damage":8,"enemies":"Gremlin Leader","floor":19,"turns":6},{"damage":19,"enemies":"Spheric Guardian","floor":22,"turns":4},{"damage":22,"enemies":"Centurion and Healer","floor":25,"turns":3},{"damage":29,"enemies":"Slavers","floor":27,"turns":7},{"damage":16,"enemies":"Cultist and Chosen","floor":28,"turns":6},{"damage":36,"enemies":"Shelled Parasite and Fungi","floor":29,"turns":6},{"damage":16,"enemies":"downfall:FleeingMerchant","floor":30,"turns":4},{"damage":7,"enemies":"downfall:FleeingMerchant","floor":31,"turns":4},{"damage":4,"enemies":"Chosen and Byrds","floor":32,"turns":4},{"damage":12,"enemies":"downfall:Defect","floor":33,"turns":9},{"damage":39,"enemies":"Nemesis","floor":36,"turns":7},{"damage":1,"enemies":"3 Shapes","floor":37,"turns":8},{"damage":1,"enemies":"Orb Walker","floor":39,"turns":3},{"damage":34,"enemies":"2 Orb Walkers","floor":40,"turns":5},{"damage":55,"enemies":"HollowMod:StalkingDevout","floor":42,"turns":6},{"damage":6,"enemies":"Reptomancer","floor":44,"turns":2},{"damage":6,"enemies":"Jaw Worm Horde","floor":45,"turns":2},{"damage":11,"enemies":"Writhing Mass","floor":46,"turns":3},{"damage":0,"enemies":"downfall:FleeingMerchant","floor":48,"turns":1},{"damage":6,"enemies":"Transient","floor":49,"turns":5},{"damage":18,"enemies":"downfall:Silent","floor":50,"turns":9}],"seed_played":"-3995325929804217072","potions_obtained":[{"floor":2,"key":"BlessingOfTheForge"},{"floor":5,"key":"SkillPotion"},{"floor":10,"key":"BlessingOfTheForge"},{"floor":15,"key":"Slimebound:SlimyTonguePotion"},{"floor":16,"key":"EssenceOfSteel"}],"is_trial":false,"path_per_floor":["R","E","M","M","E","?","T","M","R","E","T","?","$","M","M","B",null,"R","E","?","R","M","T","T","M","?","E","M","M","$","$","M","B",null,"R","E","M","?","M","?","T","E","T","E","M","M","?","$","M","B",null],"character_chosen":"SLIMEBOUND","items_purchased":["Slimebound:RollThrough","ClockworkSouvenir","PreservedInsect","Mummified Hand","FossilizedHelix","Happy Flower","Ice Cream"],"campfire_rested":0,"item_purchase_floors":[13,30,30,30,48,48,48],"current_hp_per_floor":[60,60,60,60,34,34,34,33,33,40,40,40,44,43,44,35,60,60,60,60,60,51,51,51,51,51,44,46,28,32,37,47,65,80,90,73,92,92,99,85,85,60,60,76,90,93,93,95,109,113],"gold":46,"neow_bonus":"THREE_ENEMY_KILL","is_daily":false,"chose_seed":false,"campfire_upgraded":4,"win_rate":0.0,"timestamp":1608178733,"path_taken":["R","E","M","M","E","?","T","M","R","E","?","?","$","M","M","BOSS","R","E","?","R","M","?","T","M","?","E","M","M","$","$","M","BOSS","R","E","M","?","M","?","T","E","?","E","M","M","?","$","M","BOSS"],"items_purchased_type":["Card","Relic","Relic","Relic","Relic","Relic","Relic"],"build_version":"2020-12-13","purchased_purges":3,"victory":true,"max_hp_per_floor":[60,60,60,60,60,60,60,60,60,60,60,60,60,60,60,60,60,60,60,60,60,60,60,60,68,68,72,76,80,80,80,80,80,80,90,94,106,106,110,110,110,114,114,118,126,130,130,130,130,130],"card_choices":[{"not_picked":["Slimebound:SlimeSlap","Slimebound:MegaLick"],"picked":"Slimebound:CheckThePlaybook","floor":2},{"not_picked":["Slimebound:PressTheAttack","Slimebound:SplitAcid"],"picked":"Slimebound:FirmFortitude","floor":3},{"not_picked":["Slimebound:ComboTackle","Slimebound:SplitMire"],"picked":"Slimebound:FinishingTackle","floor":4},{"not_picked":["Slimebound:PressTheAttack","Slimebound:LeechEnergy"],"picked":"Slimebound:ServeAndProtect","floor":5},{"not_picked":["Slimebound:HauntingLick","Slimebound:SlimeTap","Slimebound:SlimeBarrage"],"picked":"SKIP","floor":8},{"not_picked":["Slimebound:SplitAcid","Slimebound:PressTheAttack"],"picked":"Slimebound:SlimeSpikes","floor":10},{"not_picked":["Slimebound:PrepareCrush+1","Slimebound:RallyTheTroops"],"picked":"Slimebound:Grow","floor":13},{"not_picked":["Slimebound:Nibble","Slimebound:GrowthPunch"],"picked":"Slimebound:Grow","floor":14},{"not_picked":["Slimebound:SplitAcid+1","Slimebound:PressTheAttack"],"picked":"Slimebound:Repurpose+1","floor":15},{"not_picked":["Slimebound:DuplicatedForm","Slimebound:LeechLife"],"picked":"Slimebound:MassFeed","floor":16},{"not_picked":["Slimebound:DivideAndConquer+1","Slimebound:SplitMire+1"],"picked":"Slimebound:SlimeSpikes+1","floor":19},{"not_picked":["Slimebound:Schlurp+1","Slimebound:PressTheAttack","Slimebound:SplitSpecialist+1"],"picked":"SKIP","floor":22},{"not_picked":["Slimebound:LeechingTouch","Slimebound:ViciousTackle+1"],"picked":"Slimebound:SamplingLick+1","floor":25},{"not_picked":["Slimebound:SplitBruiser+1","Slimebound:SlimeBarrage","Slimebound:LeechEnergy"],"picked":"SKIP","floor":27},{"not_picked":["Slimebound:CheckThePlaybook+1","Slimebound:DivideAndConquer+1"],"picked":"Slimebound:MegaLick+1","floor":28},{"not_picked":["Slimebound:Schlurp+1","Slimebound:DisruptingSlam+1"],"picked":"Slimebound:LivingWall+1","floor":29},{"not_picked":["Slimebound:SlimeTap+1","Slimebound:LeechingTouch"],"picked":"Slimebound:HauntingLick+1","floor":30},{"not_picked":["Slimebound:Schlurp+1","Slimebound:SpikyOuterGoop+1"],"picked":"Slimebound:SamplingLick+1","floor":31},{"not_picked":["Slimebound:DivideAndConquer+1","Slimebound:SplitBruiser+1"],"picked":"Slimebound:GoopSpray+1","floor":32},{"not_picked":["Slimebound:MinionMaster","Slimebound:Darklings+1"],"picked":"Slimebound:DouseInSlime+1","floor":33},{"not_picked":["Slimebound:PressTheAttack+1","Slimebound:ComboTackle+1"],"picked":"Slimebound:ViciousTackle","floor":36},{"not_picked":["Slimebound:DisruptingSlam","Slimebound:TongueLash+1"],"picked":"Slimebound:SamplingLick+1","floor":37},{"not_picked":["Slimebound:SplitBruiser+1","Slimebound:FinishingTackle","Slimebound:GrowthPunch"],"picked":"SKIP","floor":39},{"not_picked":["Slimebound:SplitLeeching+1","Slimebound:SplitAcid+1"],"picked":"Slimebound:LivingWall+1","floor":40},{"not_picked":["Slimebound:LevelUp+1","Slimebound:DivideAndConquer+1"],"picked":"Slimebound:RainOfGoop+1","floor":42},{"not_picked":["Slimebound:TagTeam","Slimebound:FinishingTackle+1"],"picked":"Slimebound:GoopSpray+1","floor":44},{"not_picked":["Slimebound:LeechingTouch+1","Slimebound:ItLooksTasty"],"picked":"Slimebound:SamplingLick+1","floor":45},{"not_picked":["Slimebound:SplitMire+1","Slimebound:Repurpose+1"],"picked":"Slimebound:ProtectTheBoss","floor":46},{"not_picked":["Slimebound:SplitBruiser+1","Slimebound:LeadByExample"],"picked":"Slimebound:LivingWall+1","floor":48},{"not_picked":["Slimebound:Darklings+1","Slimebound:GoopSpray+1"],"picked":"Slimebound:SlimeSpikes+1","floor":49}],"player_experience":422096,"relics_obtained":[{"floor":2,"key":"Pen Nib"},{"floor":5,"key":"Vajra"},{"floor":7,"key":"Tiny Chest"},{"floor":10,"key":"Juzu Bracelet"},{"floor":11,"key":"The Courier"},{"floor":19,"key":"Boot"},{"floor":23,"key":"Smiling Mask"},{"floor":27,"key":"Orichalcum"},{"floor":36,"key":"Unceasing Top"},{"floor":40,"key":"Thread and Needle"},{"floor":41,"key":"Centennial Puzzle"},{"floor":42,"key":"Bag of Preparation"},{"floor":43,"key":"Gremlin Horn"},{"floor":44,"key":"Omamori"}],"event_choices":[{"damage_healed":0,"gold_gain":0,"player_choice":"Grow","damage_taken":0,"max_hp_gain":0,"max_hp_loss":0,"event_name":"Living Wall","floor":6,"gold_loss":0,"cards_upgraded":["Slimebound:CheckThePlaybook"]},{"damage_healed":0,"gold_gain":0,"player_choice":"Simplicity","damage_taken":0,"max_hp_gain":0,"max_hp_loss":0,"event_name":"Back to Basics","floor":26,"gold_loss":0,"cards_upgraded":["Slimebound:Strike_Slimebound","Slimebound:Strike_Slimebound","Slimebound:Defend_Slimebound","Slimebound:Defend_Slimebound","Slimebound:Defend_Slimebound","Slimebound:Defend_Slimebound"]},{"damage_healed":0,"gold_gain":0,"player_choice":"Copied","damage_taken":0,"max_hp_gain":0,"max_hp_loss":0,"event_name":"Duplicator","floor":38,"gold_loss":0,"cards_obtained":["Slimebound:LivingWall"]},{"damage_healed":0,"gold_gain":0,"player_choice":"Fight","damage_taken":0,"max_hp_gain":0,"max_hp_loss":0,"event_name":"Mysterious Sphere","floor":40,"gold_loss":0},{"cards_removed":["Slimebound:FinishingTackle"],"damage_healed":0,"gold_gain":0,"player_choice":"Removed Attack","damage_taken":0,"max_hp_gain":0,"max_hp_loss":0,"event_name":"Falling","floor":47,"gold_loss":0}],"is_beta":false,"boss_relics":[{"not_picked":["Runic Dome","SacredBark"],"picked":"Sozu"},{"not_picked":["Cursed Key","SlaversCollar"],"picked":"Slimebound:TarBlob"}],"items_purged_floors":[13,30,48],"is_endless":false,"potions_floor_spawned":[2,5,10,15,16,28,32,33,40,42,46,49],"ascension_level":1}}