{"host":"wshh0nphwn6jv7vj","time":1608171128,"event":{"mods":["BaseMod","Bestiary","Minty Spire (QoL Compilation)"],"gold_per_floor":[19,37,37,47,47,77,94,94,94,124,137,147,177,177,177,250,250,269,288,298,9,21,21,52,52,107,119,165,177,189,218,230,313,325,348,374,366,389,420,459,308,322,398,418,418,418,418,452,452,452,452,452,11,45,45,45],"floor_reached":55,"playtime":6243,"items_purged":["Setup","Slice"],"score":1453,"play_id":"eacf6aa4-3eed-4abb-a517-a3a0470d48b5","local_time":"20201216211208","is_ascension_mode":true,"campfire_choices":[{"data":"Neutralize","floor":8,"key":"SMITH"},{"data":"After Image","floor":15,"key":"SMITH"},{"floor":23,"key":"REST"},{"data":"Noxious Fumes","floor":27,"key":"SMITH"},{"data":"Night Terror","floor":30,"key":"SMITH"},{"data":"Infinite Blades","floor":32,"key":"SMITH"},{"data":"Burst","floor":47,"key":"SMITH"},{"floor":49,"key":"RECALL"},{"floor":52,"key":"REST"}],"circlet_count":0,"master_deck":["AscendersBane","Survivor","Neutralize+1","After Image+1","Blade Dance","PiercingWail","Terror","Noxious Fumes+1","Burst+1","Dagger Spray","Deadly Poison","Footwork","Caltrops","Caltrops","Night Terror+1","A Thousand Cuts","Deadly Poison","Poisoned Stab","Backflip","Infinite Blades+1","All Out Attack","Dodge and Roll","Blade Dance+1","Distraction+1","Accuracy","Blur+1","Backflip","Ghostly","Ghostly","Ghostly","Backflip","Necronomicurse","Skewer+1","Envenom","PiercingWail","Acrobatics+1","Heel Hook","Dodge and Roll","Venomology","Noxious Fumes","Footwork","Madness","Madness","Wraith Form v2","Noxious Fumes","Heel Hook+1"],"relics":["Ring of the Snake","Potion Belt","Mummified Hand","Bronze Scales","Bottled Flame","Toy Ornithopter","Pandora\u0027s Box","OrangePellets","Nunchaku","MawBank","MealTicket","Necronomicon","Snecko Eye","Meat on the Bone","Eternal Feather","Mercury Hourglass","Letter Opener","Bag of Preparation"],"acts_visited":["Exordium","TheCity","TheBeyond","TheEnding"],"potions_floor_usage":[13,13,14,20,24,24,31,39,40,40,40,44,44,50,50,50,54,55,55],"damage_taken":[{"damage":0,"enemies":"Cultist","floor":1,"turns":5},{"damage":0,"enemies":"Small Slimes","floor":2,"turns":5},{"damage":0,"enemies":"Jaw Worm","floor":4,"turns":4},{"damage":0,"enemies":"Lagavulin","floor":6,"turns":8},{"damage":18,"enemies":"Gremlin Gang","floor":7,"turns":4},{"damage":9,"enemies":"Gremlin Nob","floor":10,"turns":4},{"damage":2,"enemies":"Large Slime","floor":11,"turns":6},{"damage":2,"enemies":"3 Louse","floor":12,"turns":2},{"damage":3,"enemies":"3 Sentries","floor":13,"turns":5},{"damage":0,"enemies":"Exordium Thugs","floor":14,"turns":1},{"damage":4,"enemies":"Hexaghost","floor":16,"turns":8},{"damage":16,"enemies":"Chosen","floor":18,"turns":5},{"damage":0,"enemies":"3 Byrds","floor":19,"turns":3},{"damage":0,"enemies":"3 Cultists","floor":20,"turns":5},{"damage":5,"enemies":"Snake Plant","floor":22,"turns":2},{"damage":13,"enemies":"Book of Stabbing","floor":24,"turns":4},{"damage":0,"enemies":"Slavers","floor":28,"turns":5},{"damage":16,"enemies":"Centurion and Healer","floor":31,"turns":7},{"damage":9,"enemies":"Champ","floor":33,"turns":14},{"damage":0,"enemies":"3 Darklings","floor":35,"turns":2},{"damage":0,"enemies":"Orb Walker","floor":36,"turns":5},{"damage":3,"enemies":"Writhing Mass","floor":38,"turns":5},{"damage":0,"enemies":"4 Shapes","floor":39,"turns":7},{"damage":8,"enemies":"Reptomancer","floor":40,"turns":6},{"damage":13,"enemies":"Jaw Worm Horde","floor":42,"turns":5},{"damage":25,"enemies":"Sphere and 2 Shapes","floor":44,"turns":6},{"damage":4,"enemies":"Giant Head","floor":48,"turns":6},{"damage":33,"enemies":"Time Eater","floor":50,"turns":12},{"damage":0,"enemies":"Shield and Spear","floor":54,"turns":6},{"damage":44,"enemies":"The Heart","floor":55,"turns":5}],"seed_played":"-1401018129961584187","potions_obtained":[{"floor":4,"key":"BlessingOfTheForge"},{"floor":6,"key":"DistilledChaos"},{"floor":7,"key":"Swift Potion"},{"floor":11,"key":"SmokeBomb"},{"floor":12,"key":"BlessingOfTheForge"},{"floor":16,"key":"ColorlessPotion"},{"floor":19,"key":"Swift Potion"},{"floor":22,"key":"LiquidMemories"},{"floor":24,"key":"Regen Potion"},{"floor":33,"key":"Explosive Potion"},{"floor":35,"key":"Weak Potion"},{"floor":37,"key":"Swift Potion"},{"floor":39,"key":"BlessingOfTheForge"},{"floor":42,"key":"LiquidBronze"},{"floor":54,"key":"AttackPotion"}],"is_trial":false,"path_per_floor":["M","M","?","M","?","E","M","R","T","E","M","M","E","M","R","B",null,"M","M","M","$","M","R","E","?","T","R","E","?","R","M","R","B",null,"M","M","?","M","M","E","$","M","T","M","?","?","R","E","R","B",null,"R","$","E","B"],"character_chosen":"THE_SILENT","items_purchased":["OrangePellets","Accuracy","Venomology","Noxious Fumes","Letter Opener"],"campfire_rested":2,"item_purchase_floors":[21,21,41,53,53],"current_hp_per_floor":[59,59,59,59,59,59,41,41,41,32,30,28,25,30,30,26,56,40,40,45,45,40,59,53,33,33,33,33,12,12,16,16,7,27,27,27,27,24,29,30,33,20,20,17,17,11,33,29,33,27,32,33,33,33,0,0],"gold":45,"neow_bonus":"TRANSFORM_TWO_CARDS","is_daily":false,"chose_seed":false,"campfire_upgraded":6,"win_rate":0.0,"timestamp":1608171128,"path_taken":["M","?","?","?","?","E","M","R","T","E","M","M","E","M","R","BOSS","M","M","?","$","M","R","E","?","T","R","E","?","R","M","R","BOSS","M","M","?","M","?","E","$","M","T","M","?","?","R","E","R","BOSS","R","$","E","BOSS"],"items_purchased_type":["Relic","Card","Card","Card","Relic"],"build_version":"2020-12-13","purchased_purges":2,"victory":false,"max_hp_per_floor":[66,66,66,66,66,66,66,66,66,66,66,66,66,66,66,66,66,66,66,66,66,66,66,66,33,33,33,33,33,33,33,33,33,33,33,33,33,33,33,33,33,33,33,33,33,33,33,33,33,33,33,33,33,33,33,33],"card_choices":[{"not_picked":["Terror","Outmaneuver"],"picked":"PiercingWail","floor":1},{"not_picked":["Endless Agony","Deflect"],"picked":"Terror","floor":2},{"not_picked":["Acrobatics","Cloak And Dagger"],"picked":"Noxious Fumes","floor":4},{"not_picked":["Flechettes","Storm of Steel"],"picked":"Burst","floor":6},{"not_picked":["Sucker Punch","Calculated Gamble"],"picked":"Dagger Spray","floor":7},{"not_picked":["Skewer","Tactician"],"picked":"Deadly Poison","floor":10},{"not_picked":["Dagger Throw","Dodge and Roll"],"picked":"Footwork","floor":11},{"not_picked":["Distraction","Terror"],"picked":"Caltrops","floor":12},{"not_picked":["Cloak And Dagger","Heel Hook"],"picked":"Caltrops","floor":13},{"not_picked":["Wraith Form v2","Envenom"],"picked":"Night Terror","floor":16},{"not_picked":["Cloak And Dagger","Heel Hook"],"picked":"Dodge and Roll","floor":18},{"not_picked":["Expertise","Bouncing Flask"],"picked":"Blade Dance+1","floor":19},{"not_picked":["Dagger Spray","Poisoned Stab+1"],"picked":"Distraction+1","floor":20},{"not_picked":["Distraction+1","Catalyst"],"picked":"Blur+1","floor":22},{"not_picked":["PiercingWail","Bouncing Flask"],"picked":"Backflip","floor":24},{"not_picked":["Catalyst","Riddle With Holes"],"picked":"Backflip","floor":28},{"not_picked":["Backstab","Bane"],"picked":"Skewer+1","floor":31},{"not_picked":["Venomology","A Thousand Cuts"],"picked":"Envenom","floor":33},{"not_picked":["Dagger Spray","Bouncing Flask"],"picked":"PiercingWail","floor":35},{"not_picked":["All Out Attack","Infinite Blades"],"picked":"Acrobatics+1","floor":36},{"not_picked":["Backflip","Flechettes"],"picked":"Heel Hook","floor":38},{"not_picked":["Deflect","Prepared"],"picked":"Dodge and Roll","floor":39},{"not_picked":["Predator","Sucker Punch","Accuracy"],"picked":"SKIP","floor":40},{"not_picked":["Heel Hook","Acrobatics"],"picked":"Noxious Fumes","floor":42},{"not_picked":["Sucker Punch","Prepared"],"picked":"Footwork","floor":44},{"not_picked":["PiercingWail","Underhanded Strike"],"picked":"Wraith Form v2","floor":48},{"not_picked":["Flechettes+1","Dagger Throw"],"picked":"Heel Hook+1","floor":54}],"player_experience":1431988,"relics_obtained":[{"floor":3,"key":"Potion Belt"},{"floor":6,"key":"Bronze Scales"},{"floor":10,"key":"Bottled Flame"},{"floor":13,"key":"Toy Ornithopter"},{"floor":24,"key":"Nunchaku"},{"floor":26,"key":"MawBank"},{"floor":28,"key":"MealTicket"},{"floor":29,"key":"Necronomicon"},{"floor":40,"key":"Meat on the Bone"},{"floor":43,"key":"Eternal Feather"},{"floor":48,"key":"Mercury Hourglass"},{"floor":54,"key":"Bag of Preparation"}],"event_choices":[{"damage_healed":0,"gold_gain":0,"player_choice":"Relic","damage_taken":0,"max_hp_gain":0,"max_hp_loss":0,"event_name":"Wheel of Change","floor":3,"gold_loss":0},{"damage_healed":0,"gold_gain":0,"player_choice":"Gave Potion","damage_taken":0,"relics_obtained":["Mummified Hand"],"max_hp_gain":0,"max_hp_loss":0,"event_name":"WeMeetAgain","floor":5,"gold_loss":0},{"damage_healed":0,"gold_gain":0,"player_choice":"Became a Ghost","damage_taken":0,"max_hp_gain":0,"max_hp_loss":33,"event_name":"Ghosts","floor":25,"gold_loss":0,"cards_obtained":["Ghostly","Ghostly","Ghostly"]},{"damage_healed":0,"gold_gain":0,"player_choice":"Obtained Book","damage_taken":21,"max_hp_gain":0,"max_hp_loss":0,"event_name":"Cursed Tome","floor":29,"gold_loss":0},{"damage_healed":0,"gold_gain":0,"player_choice":"Bought 1 Potion","damage_taken":0,"max_hp_gain":0,"max_hp_loss":0,"event_name":"The Woman in Blue","floor":37,"gold_loss":0},{"damage_healed":0,"gold_gain":0,"player_choice":"Ignored","damage_taken":0,"max_hp_gain":0,"max_hp_loss":0,"event_name":"Tomb of Lord Red Mask","floor":45,"gold_loss":0},{"damage_healed":0,"gold_gain":0,"player_choice":"Embrace Madness","damage_taken":6,"max_hp_gain":0,"max_hp_loss":0,"event_name":"Winding Halls","floor":46,"gold_loss":0,"cards_obtained":["Madness","Madness"]}],"is_beta":false,"boss_relics":[{"not_picked":["Philosopher\u0027s Stone","Fusion Hammer"],"picked":"Pandora\u0027s Box"},{"not_picked":["Tiny House","SacredBark"],"picked":"Snecko Eye"}],"items_purged_floors":[21,53],"is_endless":false,"potions_floor_spawned":[4,6,7,11,12,16,19,22,24,33,35,39,42,54],"killed_by":"The Heart","ascension_level":15}}