{"host":"y89x8uui45kcjy42","time":1608215581,"event":{"mods":["2.2 Compatiblity","BaseMod","CapriCore","Colored Map","Colored Powertips","Custom Start","Friendly Minions","Highlight Path","Keyboard Shortcuts","Minty Spire (QoL Compilation)","Relic Stats","Slay the Relics Exporter","StSLib","SuperFastMode","Waifu the Spire"],"gold_per_floor":[114,124,124,49,67,93,93,93,93,93,103,121,121,171,171,243,243,258,270,320,338,263,263,79,108,108,108,108,108,126,141,141,215,215,232,232,247,247,262,290,290,290,361,361,35,35,35,45,45,45,45,45],"floor_reached":51,"playtime":1289,"items_purged":["Strike_B","Defend_B","Defend_B"],"score":1311,"play_id":"701adad5-ab06-417f-a6c3-48b9cd22abf3","local_time":"20201217233301","is_ascension_mode":true,"campfire_choices":[{"data":"1","floor":8,"key":"LIFT"},{"data":"2","floor":13,"key":"LIFT"},{"data":"Loop","floor":15,"key":"SMITH"},{"data":"3","floor":23,"key":"LIFT"},{"data":"Loop","floor":27,"key":"SMITH"},{"data":"Dualcast","floor":32,"key":"SMITH"},{"data":"Capacitor","floor":41,"key":"SMITH"},{"data":"Coolheaded","floor":44,"key":"SMITH"},{"data":"Loop","floor":47,"key":"SMITH"},{"data":"Go for the Eyes","floor":49,"key":"SMITH"}],"circlet_count":0,"master_deck":["AscendersBane","Strike_B+1","Zap+1","Dualcast+1","Beam Cell+1","Go for the Eyes+1","Ball Lightning","Loop+1","Self Repair","Core Surge","Coolheaded+1","Barrage+1","Chill+1","Coolheaded+1","Loop+1","Capacitor+1","Loop+1"],"relics":["FrozenCore","Girya","HornCleat","Sundial","Astrolabe","Strawberry","Symbiotic Virus","Vajra","Bottled Lightning","TheAbacus"],"acts_visited":["Exordium","TheCity","TheBeyond"],"potions_floor_usage":[16,16,25,50],"damage_taken":[{"damage":6,"enemies":"Small Slimes","floor":1,"turns":3},{"damage":1,"enemies":"Cultist","floor":2,"turns":3},{"damage":0,"enemies":"Jaw Worm","floor":5,"turns":3},{"damage":19,"enemies":"3 Sentries","floor":6,"turns":7},{"damage":1,"enemies":"Large Slime","floor":11,"turns":4},{"damage":8,"enemies":"Lots of Slimes","floor":12,"turns":3},{"damage":8,"enemies":"Hexaghost","floor":16,"turns":7},{"damage":0,"enemies":"Chosen","floor":18,"turns":4},{"damage":0,"enemies":"3 Byrds","floor":19,"turns":4},{"damage":6,"enemies":"3 Cultists","floor":21,"turns":5},{"damage":26,"enemies":"Gremlin Leader","floor":25,"turns":6},{"damage":22,"enemies":"Snake Plant","floor":30,"turns":4},{"damage":9,"enemies":"Centurion and Healer","floor":31,"turns":5},{"damage":26,"enemies":"Collector","floor":33,"turns":8},{"damage":41,"enemies":"3 Darklings","floor":35,"turns":5},{"damage":0,"enemies":"Orb Walker","floor":37,"turns":3},{"damage":14,"enemies":"Sphere and 2 Shapes","floor":39,"turns":5},{"damage":35,"enemies":"Nemesis","floor":40,"turns":11},{"damage":11,"enemies":"4 Shapes","floor":48,"turns":7},{"damage":47,"enemies":"Donu and Deca","floor":50,"turns":10},{"damage":47,"enemies":"Awakened One","floor":51,"turns":3}],"seed_played":"-7964009500811893724","potions_obtained":[{"floor":1,"key":"EssenceOfSteel"},{"floor":2,"key":"GamblersBrew"},{"floor":5,"key":"SteroidPotion"},{"floor":19,"key":"Strength Potion"},{"floor":31,"key":"Energy Potion"},{"floor":33,"key":"SteroidPotion"},{"floor":35,"key":"FairyPotion"},{"floor":40,"key":"Energy Potion"},{"floor":48,"key":"FocusPotion"}],"is_trial":false,"path_per_floor":["M","M","?","$","M","E","?","R","T","?","M","M","R","?","R","B",null,"M","M","?","M","?","R","$","E","T","R","?","?","M","M","R","B",null,"M","?","M","T","M","E","R","?","T","R","$","?","R","M","R","B","B"],"character_chosen":"DEFECT","items_purchased":["Loop","Loop","TheAbacus"],"campfire_rested":0,"item_purchase_floors":[24,45,45],"current_hp_per_floor":[58,57,57,57,57,38,19,19,19,19,18,17,17,17,17,16,52,59,64,64,64,64,64,64,45,45,45,59,59,44,35,35,16,57,23,23,23,23,16,28,28,28,28,28,28,81,81,77,77,37,0,0],"gold":45,"neow_bonus":"ONE_RARE_RELIC","is_daily":false,"chose_seed":false,"campfire_upgraded":7,"win_rate":0.0,"timestamp":1608215581,"path_taken":["M","M","?","?","M","E","?","R","T","?","M","M","R","?","R","BOSS","M","?","?","M","?","R","$","E","T","R","?","?","M","M","R","BOSS","M","?","?","?","M","E","R","?","T","R","$","?","R","?","R","BOSS","BOSS"],"items_purchased_type":["Card","Card","Relic"],"build_version":"2020-12-13","purchased_purges":3,"victory":false,"max_hp_per_floor":[64,64,64,64,64,64,64,64,64,64,64,64,64,64,64,64,64,64,64,64,64,64,64,64,71,71,71,71,71,71,71,71,71,71,71,71,71,71,71,71,71,71,71,71,71,81,81,81,81,81,81,81],"relic_stats":{"TheAbacus":[54],"counters":[21,108],"Sundial":[16],"Astrolabe":["Coolheaded","Barrage","Chill"],"obtain_stats":[{"Girya":0,"HornCleat":6,"TheAbacus":45,"Sundial":9,"Astrolabe":17,"Strawberry":25,"Vajra":40,"Bottled Lightning":43,"Cracked Core":0,"Symbiotic Virus":38,"FrozenCore":34},{"Girya":0,"HornCleat":4,"TheAbacus":18,"Sundial":4,"Astrolabe":7,"Strawberry":11,"Vajra":18,"Bottled Lightning":18,"Cracked Core":0,"Symbiotic Virus":16,"FrozenCore":14},{"Girya":0,"HornCleat":16,"TheAbacus":88,"Sundial":16,"Astrolabe":30,"Strawberry":48,"Vajra":88,"Bottled Lightning":88,"Cracked Core":0,"Symbiotic Virus":72,"FrozenCore":64}],"FrozenCore":[15]},"card_choices":[{"not_picked":["Scrape","Heatsinks"],"picked":"Beam Cell","floor":1},{"not_picked":["Hello World","Redo"],"picked":"Go for the Eyes","floor":2},{"not_picked":["White Noise","Stack"],"picked":"Ball Lightning","floor":5},{"not_picked":["Doom and Gloom","Rainbow"],"picked":"Loop","floor":6},{"not_picked":["Coolheaded","Scrape"],"picked":"Self Repair","floor":11},{"not_picked":["Scrape","Leap","Turbo"],"picked":"SKIP","floor":12},{"not_picked":["Meteor Strike","Amplify"],"picked":"Core Surge","floor":16},{"not_picked":["Ball Lightning","Barrage"],"picked":"Coolheaded","floor":18},{"not_picked":["Rip and Tear","Leap","Ball Lightning"],"picked":"SKIP","floor":19},{"not_picked":["Steam","Beam Cell","Gash"],"picked":"SKIP","floor":21},{"not_picked":["Rebound","Double Energy","Storm"],"picked":"SKIP","floor":25},{"not_picked":["Conserve Battery","Sweeping Beam+1","Beam Cell"],"picked":"SKIP","floor":30},{"not_picked":["Gash","Undo"],"picked":"Capacitor","floor":31},{"not_picked":["Turbo+1","Conserve Battery","Tempest"],"picked":"SKIP","floor":35},{"not_picked":["Skim","Compile Driver","Steam"],"picked":"SKIP","floor":37},{"not_picked":["Leap","Streamline","Ball Lightning"],"picked":"SKIP","floor":39},{"not_picked":["Leap","Beam Cell"],"picked":"Machine Learning","floor":40},{"not_picked":["Sunder","Hello World","Rebound"],"picked":"SKIP","floor":48}],"player_experience":501193,"relics_obtained":[{"floor":6,"key":"HornCleat"},{"floor":9,"key":"Sundial"},{"floor":25,"key":"Strawberry"},{"floor":38,"key":"Symbiotic Virus"},{"floor":40,"key":"Vajra"},{"floor":43,"key":"Bottled Lightning"}],"event_choices":[{"damage_healed":0,"gold_gain":0,"player_choice":"1 cards matched","damage_taken":0,"max_hp_gain":0,"max_hp_loss":0,"event_name":"Match and Keep!","floor":3,"gold_loss":0,"cards_obtained":["Cold Snap"]},{"damage_healed":0,"gold_gain":0,"player_choice":"Entered Light","damage_taken":19,"max_hp_gain":0,"max_hp_loss":0,"event_name":"Shining Light","floor":7,"gold_loss":0,"cards_upgraded":["Beam Cell","Strike_B"]},{"damage_healed":0,"gold_gain":0,"player_choice":"Grow","damage_taken":0,"max_hp_gain":0,"max_hp_loss":0,"event_name":"Living Wall","floor":10,"gold_loss":0,"cards_upgraded":["Zap"]},{"damage_healed":0,"gold_gain":50,"player_choice":"Pray","damage_taken":0,"max_hp_gain":0,"max_hp_loss":0,"event_name":"Golden Shrine","floor":14,"gold_loss":0},{"damage_healed":0,"gold_gain":50,"player_choice":"Stole From Cult","damage_taken":0,"max_hp_gain":0,"max_hp_loss":0,"event_name":"Nest","floor":20,"gold_loss":0},{"cards_removed":["Defend_B"],"damage_healed":0,"gold_gain":0,"player_choice":"Gave Gold","damage_taken":0,"max_hp_gain":0,"max_hp_loss":0,"event_name":"Beggar","floor":22,"gold_loss":75},{"damage_healed":14,"gold_gain":0,"player_choice":"Heal","damage_taken":0,"max_hp_gain":0,"max_hp_loss":0,"event_name":"The Library","floor":28,"gold_loss":0},{"damage_healed":0,"gold_gain":0,"player_choice":"Ignored","damage_taken":0,"max_hp_gain":0,"max_hp_loss":0,"event_name":"Ghosts","floor":29,"gold_loss":0},{"damage_healed":0,"gold_gain":0,"player_choice":"Ignored","damage_taken":0,"max_hp_gain":0,"max_hp_loss":0,"event_name":"SecretPortal","floor":36,"gold_loss":0},{"cards_removed":["Cold Snap"],"damage_healed":0,"gold_gain":0,"player_choice":"Removed Attack","damage_taken":0,"max_hp_gain":0,"max_hp_loss":0,"event_name":"Falling","floor":42,"gold_loss":0},{"cards_removed":["Machine Learning"],"damage_healed":43,"gold_gain":0,"player_choice":"Offered Rare","damage_taken":0,"max_hp_gain":10,"max_hp_loss":0,"event_name":"Bonfire Elementals","floor":46,"gold_loss":0}],"is_beta":false,"boss_relics":[{"not_picked":["Ectoplasm","SacredBark"],"picked":"Astrolabe"},{"not_picked":["Pandora\u0027s Box","Runic Dome"],"picked":"FrozenCore"}],"items_purged_floors":[4,24,45],"is_endless":false,"potions_floor_spawned":[1,2,5,19,31,33,35,37,40,48],"killed_by":"Awakened One","ascension_level":20}}