{"host":"0uumfqrc8aynrssa","time":1608169290,"event":{"mods":["AchievementEnabler","Act Like it!","AlwaysNeverKeys","Aspiration","Astrologer","BaseMod","Better Altar","Better Match","Better Note","Better Sensory Stone","Better Skull","Better Third Choice","Better Vampires","CapriCore","Colored Map","Colored Powertips","Conspire","Downfall","Energized Spire","Gensokyo","GifTheSpireLib","Hallownest","Hermit","Highlight Path","Infinite Spire","Jorbs\u0027s Wanderer Trilogy","Koishi","Marisa????????","Marked Mod","Minty Spire (QoL Compilation)","Pale of the Ancients","Permanent Neow","RNG Fix","Random Character Button","Rare Cards Sparkle","Reimu??????","Relic Sorter","Remilia??????","Robot Space Explorer","Shop Mod","Spikes Relics","StSLib","Stuff the Spire","The Animator","The Awakened One except there are too many feathers","The Bug Knight","The Cursed","The Hierophant","The Immortal","The IronCluck","The Mystic","The Runesmith","TheBandit","TheFirefly","Trackpad","egg","everything is the same but u backflip on backflip","slay the spire mod where everything is the same but ironclad has a cowboy hat","vexMod"],"gold_per_floor":[99,119,28,38,38,55,103,103,28,56,73,88,88,117,133,133,133],"floor_reached":16,"playtime":1327,"items_purged":[],"score":127,"play_id":"e42b33e0-080b-4887-89e1-a6b9079335d7","local_time":"20201216204130","is_ascension_mode":false,"campfire_choices":[{"floor":1,"key":"RECALL"},{"data":"Slimebound:Split","floor":5,"key":"SMITH"},{"data":"Slimebound:MassFeed","floor":9,"key":"SMITH"}],"circlet_count":0,"master_deck":["Slimebound:Strike_Slimebound","Slimebound:Strike_Slimebound","Slimebound:Tackle","Slimebound:Defend_Slimebound","Slimebound:Defend_Slimebound","Slimebound:Defend_Slimebound","Slimebound:Defend_Slimebound","Slimebound:Split+1","Slimebound:CorrosiveSpit","Slimebound:SelfFormingGoo","Slimebound:PressTheAttack","Slimebound:Chomp","Slimebound:MassFeed+1","Slimebound:OozeBath","Slimebound:LivingWall","Slimebound:GrowthPunch","Slimebound:LivingWall"],"relics":["Slimebound:AbsorbEndCombat","downfall:HeartBlessingRed","Strawberry","Odd Mushroom"],"acts_visited":["Exordium"],"potions_floor_usage":[10],"damage_taken":[{"damage":11,"enemies":"Cultist","floor":2,"turns":3},{"damage":12,"enemies":"downfall:FleeingMerchant","floor":3,"turns":4},{"damage":4,"enemies":"2 Louse","floor":4,"turns":2},{"damage":8,"enemies":"Small Slimes","floor":6,"turns":3},{"damage":29,"enemies":"3 Sentries","floor":10,"turns":5},{"damage":3,"enemies":"2 Fungi Beasts","floor":11,"turns":3},{"damage":19,"enemies":"Red Slaver","floor":12,"turns":3},{"damage":19,"enemies":"The Mushroom Lair","floor":14,"turns":4},{"damage":20,"enemies":"Exordium Thugs","floor":15,"turns":4},{"damage":60,"enemies":"downfall:Defect","floor":16,"turns":5}],"seed_played":"-4788738374365109757","potions_obtained":[{"floor":4,"key":"Explosive Potion"},{"floor":10,"key":"Energy Potion"},{"floor":12,"key":"DuplicationPotion"},{"floor":15,"key":"champ:CounterPotion"}],"is_trial":false,"path_per_floor":["R","M","$","M","R","M","T","?","R","E","M","M","?","?","M","B"],"character_chosen":"SLIMEBOUND","items_purchased":["Slimebound:Chomp"],"campfire_rested":0,"item_purchase_floors":[3],"current_hp_per_floor":[60,57,53,53,53,57,64,64,64,51,60,57,57,52,50,0,0],"gold":133,"neow_bonus":"ONE_RANDOM_RARE_CARD","is_daily":false,"chose_seed":false,"campfire_upgraded":2,"win_rate":0.0,"timestamp":1608169290,"path_taken":["R","M","$","M","R","M","T","?","R","E","M","M","?","?","M","BOSS"],"items_purchased_type":["Card"],"build_version":"2020-12-13","purchased_purges":0,"victory":false,"max_hp_per_floor":[60,60,60,60,60,60,67,67,67,71,79,83,83,83,87,87,87],"card_choices":[{"not_picked":["Slimebound:ComboTackle","Slimebound:LeechingTouch"],"picked":"Slimebound:PressTheAttack","floor":2},{"not_picked":["Slimebound:ViciousTackle","Slimebound:LeechingTouch","Slimebound:PressTheAttack"],"picked":"SKIP","floor":3},{"not_picked":["Slimebound:DisruptingSlam","Slimebound:LeechingTouch","Slimebound:GrowthPunch"],"picked":"SKIP","floor":4},{"not_picked":["Slimebound:ComboTackle","Slimebound:SlimeSpikes"],"picked":"Slimebound:MassFeed","floor":6},{"not_picked":["Slimebound:LeechingTouch","Slimebound:FirmFortitude"],"picked":"Slimebound:OozeBath","floor":10},{"not_picked":["Slimebound:DivideAndConquer","Slimebound:Chomp","Slimebound:ServeAndProtect"],"picked":"SKIP","floor":11},{"not_picked":["Slimebound:SpikyOuterGoop","Slimebound:ForwardTackle"],"picked":"Slimebound:LivingWall","floor":12},{"not_picked":["Slimebound:ComboTackle","Slimebound:GoopTackle"],"picked":"Slimebound:GrowthPunch","floor":14},{"not_picked":["Slimebound:RollThrough","Slimebound:GrowthPunch"],"picked":"Slimebound:LivingWall","floor":15}],"player_experience":779556,"relics_obtained":[{"floor":7,"key":"Strawberry"},{"floor":14,"key":"Odd Mushroom"}],"event_choices":[{"damage_healed":0,"gold_gain":0,"cards_transformed":["Slimebound:Strike_Slimebound"],"player_choice":"Transformed","damage_taken":0,"max_hp_gain":0,"max_hp_loss":0,"event_name":"Transmorgrifier","floor":8,"gold_loss":0,"cards_obtained":["Slimebound:TongueLash"]},{"cards_removed":["Slimebound:TongueLash"],"damage_healed":0,"gold_gain":0,"player_choice":"Purged","damage_taken":0,"max_hp_gain":0,"max_hp_loss":0,"event_name":"Purifier","floor":13,"gold_loss":0},{"damage_healed":0,"gold_gain":0,"player_choice":"Fought Mushrooms","damage_taken":0,"max_hp_gain":0,"max_hp_loss":0,"event_name":"Mushrooms","floor":14,"gold_loss":0}],"is_beta":false,"boss_relics":[],"items_purged_floors":[],"is_endless":false,"potions_floor_spawned":[4,10,12,15],"killed_by":"downfall:Defect","ascension_level":0}}