{"host":"5gc11emcm5chfr5t","time":1608211171,"event":{"mods":["2.2 Compatiblity","AchievementEnabler","BaseMod","Bestiary","Better Note","Colored Map","Colored Powertips","Downfall","Googly Eyes","Minty Spire (QoL Compilation)","Rare Cards Sparkle","StSLib"],"gold_per_floor":[149,178,628,660,660,385,385,403,234,159,169,188,221,396,416,519,519,519,647,647,456,456,525,525,525,705,705,705,781,56,56,67,181,181,106,146,177,232,242,242,242,242,242,346,85,101,101,130,144,156],"floor_reached":51,"playtime":2634,"items_purged":[],"score":1301,"play_id":"18b923cf-37b3-41b7-a400-9070851f2276","local_time":"20201217081931","is_ascension_mode":true,"campfire_choices":[{"floor":1,"key":"RECALL"},{"floor":10,"key":"REST"},{"data":"Transmutation","floor":18,"key":"SMITH"},{"floor":22,"key":"REST"},{"floor":25,"key":"REST"},{"floor":27,"key":"REST"},{"data":"Panache","floor":35,"key":"SMITH"},{"floor":40,"key":"REST"},{"data":"sneckomod:UnknownRareAttack","floor":43,"key":"SMITH"}],"circlet_count":0,"master_deck":["sneckomod:TailWhip","sneckomod:SnekBite","sneckomod:Unknown","sneckomod:Unknown","sneckomod:UnknownUncommonPower","sneckomod:UnknownDexterity+1","Slimebound:Icky","Slimebound:Icky","Slimebound:Icky","sneckomod:RainOfDice","sneckomod:UnknownX","sneckomod:Transmogrify","Transmutation+1","sneckomod:UnknownStrength+1","sneckomod:Transmogrify+1","sneckomod:UnknownDexterity+1","sneckomod:WideSting+1","sneckomod:Restock","sneckomod:UnknownRareAttack+1","sneckomod:CheapStock","sneckomod:SoulDraw+1","Doubt","sneckomod:UnknownClassGUARDIAN+1","sneckomod:GlitteringGambit+1","sneckomod:DangerNoodle","sneckomod:UnknownEthereal+1","sneckomod:UnknownClassGREEN+1","sneckomod:UnknownExhaust+1","sneckomod:Cheat+1","Dark Shackles+1","sneckomod:SnakeSap","sneckomod:UnknownRareSkill+1","Shame","sneckomod:Unknown1Cost+1","Panache+1","Bite","Bite","Bite","Bite","Bite","sneckomod:SnakeSap","sneckomod:UnknownRareAttack+1","CurseOfTheBell","sneckomod:SoulRoll+1","sneckomod:SlitherStrike","sneckomod:TrashToTreasure+1","sneckomod:SoulRoll+1","sneckomod:SerpentIdol+1","sneckomod:UnknownStrike","sneckomod:QuickBite","expansioncontent:DefensiveStance+1","expansioncontent:YouAreMine+1","sneckomod:QuickMove+1","sneckomod:SoulCleanse+1"],"relics":["downfall:HeartBlessingRed","PreservedInsect","Toxic Egg 2","SlaversCollar","sneckomod:SneckoTalon","Pear","The Courier","Meat on the Bone","Pen Nib","Lee\u0027s Waffle","Juzu Bracelet","Bottled Tornado","Frozen Egg 2","Mercury Hourglass","Tiny Chest","Mummified Hand","Calipers","downfall:HeartBlessingBlue","MealTicket","SacredBark","Shuriken","Strange Spoon","Singing Bowl","Oddly Smooth Stone","Bag of Marbles","Gambling Chip","Akabeko"],"acts_visited":["Exordium","TheCity","TheBeyond"],"potions_floor_usage":[2,8,16,36,36,38,44,44,44,49,49],"damage_taken":[{"damage":30,"enemies":"3 Sentries","floor":2,"turns":8},{"damage":25,"enemies":"Lagavulin","floor":4,"turns":7},{"damage":0,"enemies":"downfall:FleeingMerchant","floor":6,"turns":4},{"damage":0,"enemies":"Jaw Worm","floor":8,"turns":3},{"damage":15,"enemies":"downfall:FleeingMerchant","floor":9,"turns":4},{"damage":0,"enemies":"2 Louse","floor":11,"turns":2},{"damage":0,"enemies":"Small Slimes","floor":12,"turns":2},{"damage":20,"enemies":"2 Fungi Beasts","floor":13,"turns":4},{"damage":24,"enemies":"Blue Slaver","floor":15,"turns":5},{"damage":38,"enemies":"downfall:Watcher","floor":16,"turns":9},{"damage":48,"enemies":"Slavers","floor":19,"turns":5},{"damage":4,"enemies":"downfall:FleeingMerchant","floor":21,"turns":4},{"damage":0,"enemies":"Chosen","floor":23,"turns":4},{"damage":35,"enemies":"Gremlin Leader","floor":26,"turns":6},{"damage":25,"enemies":"downfall:FleeingMerchant","floor":30,"turns":4},{"damage":36,"enemies":"Spheric Guardian","floor":32,"turns":5},{"damage":22,"enemies":"downfall:Ironclad","floor":33,"turns":7},{"damage":14,"enemies":"Orb Walker","floor":36,"turns":3},{"damage":38,"enemies":"3 Shapes","floor":37,"turns":3},{"damage":3,"enemies":"Maw","floor":38,"turns":6},{"damage":45,"enemies":"Spire Growth","floor":39,"turns":4},{"damage":20,"enemies":"Reptomancer","floor":44,"turns":4},{"damage":0,"enemies":"downfall:FleeingMerchant","floor":45,"turns":1},{"damage":70,"enemies":"Writhing Mass","floor":46,"turns":4},{"damage":0,"enemies":"Jaw Worm Horde","floor":48,"turns":4},{"damage":0,"enemies":"3 Darklings","floor":49,"turns":2},{"damage":38,"enemies":"downfall:Defect","floor":50,"turns":6}],"seed_played":"778766563817167816","potions_obtained":[{"floor":0,"key":"SpeedPotion"},{"floor":11,"key":"SpeedPotion"},{"floor":15,"key":"Weak Potion"},{"floor":32,"key":"Swift Potion"},{"floor":33,"key":"DistilledChaos"},{"floor":38,"key":"Guardian:BlockOnCardUsePotion"},{"floor":39,"key":"hexamod:EctoCoolerPotion"},{"floor":46,"key":"GamblersBrew"},{"floor":48,"key":"Fire Potion"},{"floor":49,"key":"Energy Potion"}],"is_trial":false,"path_per_floor":["R","E","?","E","?","$","T","M","$","R","M","M","M","?","M","B",null,"R","E","?","$","R","M","T","R","E","R","?","T","$","?","M","B",null,"R","M","M","M","M","R","T","?","R","E","$","M","?","M","M","B",null],"character_chosen":"THE_SNECKO","items_purchased":["Transmutation","DistilledChaos","sneckomod:UnknownRareAttack+1","Strange Spoon","sneckomod:Cheat+1","Dark Shackles+1","Lee\u0027s Waffle","Juzu Bracelet","Panache","Bottled Tornado","Frozen Egg 2","Bag of Marbles","Gambling Chip","Akabeko","sneckomod:UnknownStrike","sneckomod:QuickBite","expansioncontent:DefensiveStance+1"],"campfire_rested":5,"item_purchase_floors":[6,6,9,21,21,21,30,30,30,30,30,45,45,45,45,45,45],"current_hp_per_floor":[86,56,56,31,31,31,31,31,16,59,59,59,39,39,15,2,72,72,24,24,20,48,48,58,89,54,85,85,85,112,78,46,45,70,80,68,46,88,47,73,73,73,73,60,75,23,23,43,47,27],"gold":156,"neow_bonus":"BOSS_RELIC","is_daily":false,"chose_seed":false,"campfire_upgraded":3,"win_rate":0.0,"timestamp":1608211171,"path_taken":["R","E","?","E","?","$","T","M","?","R","M","M","M","?","M","BOSS","R","E","?","$","R","M","T","R","E","R","?","?","$","?","M","BOSS","R","M","M","M","M","R","T","?","R","E","$","M","?","M","M","BOSS"],"items_purchased_type":["Card","Potion","Card","Relic","Card","Card","Relic","Relic","Card","Relic","Relic","Relic","Relic","Relic","Card","Card","Card"],"build_version":"2020-12-13","purchased_purges":0,"victory":true,"max_hp_per_floor":[95,95,95,95,95,95,95,95,95,95,95,95,95,95,95,95,95,95,95,95,95,95,95,105,105,105,105,105,105,112,78,78,78,78,88,88,88,88,88,88,88,88,88,90,90,92,92,92,92,92],"card_choices":[{"not_picked":["sneckomod:UnknownBlock","sneckomod:Rotation"],"picked":"sneckomod:UnknownUncommonPower","floor":0},{"not_picked":["sneckomod:QuickMove","sneckomod:MasterEye"],"picked":"sneckomod:UnknownDexterity","floor":2},{"not_picked":["sneckomod:UnknownWeak","sneckomod:UnknownCommonSkill"],"picked":"sneckomod:RainOfDice","floor":4},{"not_picked":["sneckomod:QuickBite","sneckomod:UnknownCommonAttack"],"picked":"sneckomod:Transmogrify","floor":6},{"not_picked":["sneckomod:IronFang+1","sneckomod:SoulRoll"],"picked":"sneckomod:WideSting+1","floor":8},{"not_picked":["sneckomod:UnknownCommonAttack+1","sneckomod:DiceCrush+1"],"picked":"sneckomod:Restock","floor":9},{"not_picked":["sneckomod:UnknownCommonSkill","sneckomod:UnknownWeak","sneckomod:DefensiveFlair"],"picked":"SKIP","floor":11},{"not_picked":["sneckomod:UnknownCommonAttack","sneckomod:UnknownUncommonPower"],"picked":"sneckomod:CheapStock","floor":12},{"not_picked":["sneckomod:UnknownCommonAttack","sneckomod:UnknownStrike"],"picked":"sneckomod:SoulDraw+1","floor":13},{"not_picked":["sneckomod:Unknown1Cost+1","sneckomod:DiceCrush"],"picked":"sneckomod:UnknownClassGUARDIAN+1","floor":15},{"not_picked":["sneckomod:UnlimitedRolls","sneckomod:Mudshield"],"picked":"sneckomod:GlitteringGambit+1","floor":16},{"not_picked":["sneckomod:UnknownWeak+1","sneckomod:UnknownCommonAttack+1"],"picked":"sneckomod:DangerNoodle","floor":19},{"not_picked":["sneckomod:DiceCrush","sneckomod:WideSting"],"picked":"sneckomod:UnknownExhaust+1","floor":21},{"not_picked":["sneckomod:QuickBite","sneckomod:UnknownCommonSkill+1"],"picked":"sneckomod:SnakeSap","floor":23},{"not_picked":["sneckomod:UnknownBlock+1","sneckomod:UnknownUncommonPower"],"picked":"sneckomod:UnknownRareSkill+1","floor":26},{"not_picked":["sneckomod:RainOfDice","sneckomod:UnknownWeak+1"],"picked":"sneckomod:Unknown1Cost+1","floor":30},{"not_picked":["sneckomod:IronFang","sneckomod:MixItUp"],"picked":"sneckomod:SnakeSap","floor":32},{"not_picked":["sneckomod:Transmogrify+1","sneckomod:GlitteringGambit+1"],"picked":"sneckomod:UnknownRareAttack","floor":33},{"not_picked":["sneckomod:UnknownCommonSkill+1","sneckomod:UnknownWeak+1"],"picked":"sneckomod:SoulRoll+1","floor":36},{"not_picked":["sneckomod:Rotation+1","sneckomod:SerpentIdol+1"],"picked":"sneckomod:SlitherStrike","floor":37},{"not_picked":["sneckomod:MasterEye+1","sneckomod:QuickBite"],"picked":"sneckomod:TrashToTreasure+1","floor":38},{"not_picked":["sneckomod:UnknownClassTHE_CHAMP_GRAY+1","sneckomod:UnknownVulnerable+1"],"picked":"sneckomod:SoulRoll+1","floor":39},{"not_picked":["sneckomod:Unknown0Cost+1","sneckomod:DiceCrush","sneckomod:SoulExchange+1"],"picked":"Singing Bowl","floor":44},{"not_picked":["sneckomod:DefensiveFlair+1","sneckomod:UnknownDexterity+1"],"picked":"sneckomod:SerpentIdol+1","floor":45},{"not_picked":["sneckomod:IronFang","sneckomod:QuickBite","sneckomod:UnknownClassHEXA_GHOST_PURPLE+1"],"picked":"Singing Bowl","floor":46},{"not_picked":["expansioncontent:GoopSpray+1","expansioncontent:SlimeTackle"],"picked":"expansioncontent:YouAreMine+1","floor":47},{"not_picked":["sneckomod:Nope+1","sneckomod:RainOfDice+1"],"picked":"sneckomod:QuickMove+1","floor":48},{"not_picked":["sneckomod:IronFang","sneckomod:DiceBlock+1"],"picked":"sneckomod:SoulCleanse+1","floor":49}],"player_experience":399738,"relics_obtained":[{"floor":2,"key":"Regal Pillow"},{"floor":4,"key":"Pantograph"},{"floor":7,"key":"Molten Egg 2"},{"floor":8,"key":"Astrolabe"},{"floor":9,"key":"Pantograph"},{"floor":9,"key":"Molten Egg 2"},{"floor":12,"key":"SlaversCollar"},{"floor":12,"key":"Toxic Egg 2"},{"floor":13,"key":"SlaversCollar"},{"floor":13,"key":"PreservedInsect"},{"floor":15,"key":"Toxic Egg 2"},{"floor":16,"key":"PreservedInsect"},{"floor":16,"key":"Matryoshka"},{"floor":19,"key":"Toxic Egg 2"},{"floor":19,"key":"sneckomod:SneckoTalon"},{"floor":19,"key":"Pen Nib"},{"floor":21,"key":"SlaversCollar"},{"floor":23,"key":"Matryoshka"},{"floor":23,"key":"sneckomod:SneckoTalon"},{"floor":24,"key":"Pear"},{"floor":24,"key":"The Courier"},{"floor":26,"key":"Matryoshka"},{"floor":26,"key":"MealTicket"},{"floor":29,"key":"Sundial"},{"floor":30,"key":"Pen Nib"},{"floor":30,"key":"Strange Spoon"},{"floor":33,"key":"Mercury Hourglass"},{"floor":34,"key":"Tiny Chest"},{"floor":34,"key":"Mummified Hand"},{"floor":34,"key":"Calipers"},{"floor":37,"key":"MealTicket"},{"floor":37,"key":"SacredBark"},{"floor":38,"key":"Shuriken"},{"floor":39,"key":"Strange Spoon"},{"floor":41,"key":"Singing Bowl"},{"floor":44,"key":"Oddly Smooth Stone"}],"event_choices":[{"damage_healed":0,"gold_gain":0,"cards_transformed":["sneckomod:Strike"],"player_choice":"Change","damage_taken":0,"max_hp_gain":0,"max_hp_loss":0,"event_name":"Living Wall","floor":5,"gold_loss":0,"cards_obtained":["sneckomod:UnknownX"]},{"damage_healed":0,"gold_gain":0,"player_choice":"Stole Relic","damage_taken":0,"relics_obtained":["Meat on the Bone"],"max_hp_gain":0,"max_hp_loss":0,"event_name":"Addict","floor":28,"gold_loss":0,"cards_obtained":["Shame"]},{"damage_healed":0,"gold_gain":0,"player_choice":"Became a vampire","damage_taken":0,"max_hp_gain":0,"max_hp_loss":34,"event_name":"Vampires","floor":31,"gold_loss":0,"cards_obtained":["Bite","Bite","Bite","Bite","Bite"]}],"is_beta":false,"boss_relics":[{"not_picked":["Coffee Dripper","Black Star"],"picked":"sneckomod:SneckoTalon"},{"not_picked":["Busted Crown","Sozu"],"picked":"Calling Bell"}],"items_purged_floors":[],"is_endless":false,"potions_floor_spawned":[11,15,32,33,38,39,46,48,49],"ascension_level":9}}