{"host":"3wnvf1tkxc6p198c","time":1608201465,"event":{"mods":["AchievementEnabler","BaseMod","Colored Map","DeckTracker","Keyboard Shortcuts","Minty Spire (QoL Compilation)","Permanent Neow","Quick Restart","Rare Cards Sparkle","StSLib","SuperFastMode"],"gold_per_floor":[113,20,36,50,50,50,85,85,85,85,103,136,136,11,11,11,11],"floor_reached":16,"playtime":472,"items_purged":["Strike_G"],"score":216,"play_id":"ddbcdf59-c1a0-4da9-851f-c8f53a341d2b","local_time":"20201217193745","is_ascension_mode":true,"campfire_choices":[{"data":"Neutralize","floor":6.0,"key":"SMITH"},{"data":"Dagger Spray","floor":10.0,"key":"SMITH"},{"floor":15.0,"key":"REST"}],"circlet_count":0,"master_deck":["AscendersBane","Strike_G","Strike_G","Defend_G","Defend_G","Defend_G","Defend_G","Survivor+1","Neutralize+1","Dagger Spray+1","Dagger Throw","Well Laid Plans+1","Poisoned Stab","Deadly Poison","Glass Knife","Expertise","Prepared","PiercingWail"],"relics":["Ring of the Snake","Meat on the Bone","TungstenRod","Nunchaku","Calipers"],"acts_visited":[],"potions_floor_usage":[16],"damage_taken":[{"damage":2.0,"enemies":"Jaw Worm","floor":1.0,"turns":6.0},{"damage":0.0,"enemies":"2 Louse","floor":3.0,"turns":2.0},{"damage":2.0,"enemies":"Small Slimes","floor":4.0,"turns":2.0},{"damage":14.0,"enemies":"Lagavulin","floor":7.0,"turns":6.0},{"damage":0.0,"enemies":"Blue Slaver","floor":11.0,"turns":3.0},{"damage":22.0,"enemies":"3 Sentries","floor":12.0,"turns":8.0},{"damage":11,"enemies":"Slime Boss","floor":16,"turns":4}],"seed_played":"8515825664911565741","potions_obtained":[{"floor":3.0,"key":"SpeedPotion"},{"floor":7.0,"key":"Swift Potion"},{"floor":11.0,"key":"Regen Potion"},{"floor":12.0,"key":"Swift Potion"}],"is_trial":false,"path_per_floor":["M","$","M","M","?","R","E","?","T","R","M","E","?","$","R","B"],"character_chosen":"THE_SILENT","items_purchased":["Dagger Throw","Well Laid Plans","PiercingWail"],"campfire_rested":1,"item_purchase_floors":[2,2,14],"current_hp_per_floor":[57,57,57,55,37,37,23,23,23,23,35,40,25,25,43,32,32],"gold":11,"neow_bonus":"REMOVE_TWO","is_daily":false,"chose_seed":false,"campfire_upgraded":2,"win_rate":0.0,"timestamp":1608201465,"path_taken":["M","$","M","M","?","R","E","?","T","R","M","E","?","$","R","BOSS"],"items_purchased_type":["Card","Card","Card"],"build_version":"2020-12-13","purchased_purges":1,"victory":false,"max_hp_per_floor":[60,60,60,60,60,60,60,60,60,60,60,60,60,60,60,60,60],"card_choices":[{"not_picked":["Blade Dance","Riddle With Holes"],"picked":"Dagger Spray","floor":1.0},{"not_picked":["Concentrate","Distraction"],"picked":"Poisoned Stab","floor":3.0},{"not_picked":["Sucker Punch","Endless Agony"],"picked":"Deadly Poison","floor":4.0},{"not_picked":["Outmaneuver","Setup"],"picked":"Glass Knife","floor":7.0},{"not_picked":["Heel Hook","Deadly Poison","Sucker Punch"],"picked":"SKIP","floor":11.0},{"not_picked":["Accuracy","Quick Slash"],"picked":"Prepared","floor":12.0}],"player_experience":899694,"relics_obtained":[{"floor":7.0,"key":"Meat on the Bone"},{"floor":9.0,"key":"TungstenRod"},{"floor":12.0,"key":"Nunchaku"}],"event_choices":[{"damage_healed":0.0,"max_hp_gain":0.0,"max_hp_loss":0.0,"gold_gain":0.0,"event_name":"Shining Light","player_choice":"Entered Light","floor":5.0,"gold_loss":0.0,"damage_taken":18.0,"cards_upgraded":["Survivor","Well Laid Plans"]},{"damage_healed":0.0,"max_hp_gain":0.0,"max_hp_loss":0.0,"gold_gain":0.0,"cards_transformed":["Strike_G"],"event_name":"Living Wall","player_choice":"Change","floor":8.0,"gold_loss":0.0,"damage_taken":0.0,"cards_obtained":["Expertise"]},{"damage_healed":0.0,"max_hp_gain":0.0,"max_hp_loss":0.0,"gold_gain":0.0,"event_name":"Scrap Ooze","player_choice":"Success","floor":13.0,"gold_loss":0.0,"damage_taken":18.0,"relics_obtained":["Calipers"]}],"is_beta":false,"boss_relics":[],"items_purged_floors":[14],"is_endless":false,"potions_floor_spawned":[3,7,11,12],"killed_by":"Slime Boss","ascension_level":20}}