{"host":"fw947s75r5pnptva","time":1608219969,"event":{"mods":["Act Like it!","Aspiration","BaseMod","BetterRewards","CCEM","CapriCore","Conjunction","Conspire","Custom Start","DeckTracker","Dota2Spire","Downfall","Friendly Minions","Gensokyo","Halation","Hallownest","Highlight Path","Hubris","Infinite Spire","Keyboard Shortcuts","Lobotomy","LobotomyExtend","Mathemortician","Menagerie","Minty Spire (QoL Compilation)","MostiFishMod","Nova Terra(??·??)","Onozuka Komachi Mod","Pale of the Ancients","Permanent Neow","Pikachu Mod","Potionbrewer","Random Character Button","RatMod","Relic Filter","Replay The Spire","Shop Mod","StSLib","SuperFastMode","The Factory","The Jungle","[IsaacMod]????","vexMod"],"gold_per_floor":[99,9,28,28,28,57,57,90,110,145,163,186,200,219,243,251,251],"floor_reached":16,"playtime":1685,"items_purged":["hexamod:Strike"],"score":129,"play_id":"c56c5845-e841-4768-bec0-a08fc72db51c","local_time":"20201217164609","is_ascension_mode":true,"campfire_choices":[{"data":"hexamod:Sear","floor":1.0,"key":"SMITH"},{"data":"hexamod:Hexaguard","floor":5.0,"key":"SMITH"}],"circlet_count":0,"master_deck":["hexamod:Strike","hexamod:Strike","hexamod:Strike","hexamod:Defend","hexamod:Defend+1","hexamod:Defend","hexamod:Defend","hexamod:Sear+1","hexamod:Float+1","hexamod:FourthSeal","hexamod:Hexaguard+1","hexamod:TurnItUp","hexamod:AdvancingGuard","hexamod:Hexaguard","hexamod:ThirdSeal"],"relics":["hexamod:SpiritBrand","DaveBox","HushsDoor","KeepersGift","LetterFromLob","hubris:Reverence","conspire:BottledYoYo","Replay:Bandana","infinitespire:EmpoweringShard"],"acts_visited":["Menagerie:Menagerie"],"potions_floor_usage":[14,16],"damage_taken":[{"damage":0.0,"enemies":"downfall:FleeingMerchant","floor":2.0,"turns":4.0},{"damage":3.0,"enemies":"Menagerie:2_RABBITS","floor":3.0,"turns":3.0},{"damage":11.0,"enemies":"Menagerie:VoidReaper","floor":6.0,"turns":7.0},{"damage":4.0,"enemies":"Menagerie:Hydra","floor":8.0,"turns":6.0},{"damage":0.0,"enemies":"Menagerie:StygianBoar","floor":9.0,"turns":3.0},{"damage":33.0,"enemies":"Menagerie:MaskedSummoner","floor":10.0,"turns":13.0},{"damage":0.0,"enemies":"Menagerie:WhisperingWraith","floor":11.0,"turns":6.0},{"damage":0,"enemies":"Menagerie:MeltingSalamander","floor":12,"turns":6},{"damage":0,"enemies":"Menagerie:DREAD_MOTH_AND_GRAFTED_WORMS","floor":13,"turns":8},{"damage":0,"enemies":"Menagerie:BEAST_MAGE_AND_PROWLING_AMALGAM","floor":14,"turns":8},{"damage":0,"enemies":"Menagerie:STYGIAN_BOAR_AND_RABBIT","floor":15,"turns":5},{"damage":36,"enemies":"downfall:Defect","floor":16,"turns":5}],"seed_played":"1395837200289937015","potions_obtained":[{"floor":3.0,"key":"Fire Potion"},{"floor":6.0,"key":"potionbrewer:CleansingPotion"},{"floor":8.0,"key":"champ:CounterPotion"},{"floor":9.0,"key":"SkillPotion"},{"floor":10.0,"key":"potionbrewer:BlacksmithPotion"},{"floor":11.0,"key":"potionbrewer:ToxicPotion"},{"floor":11.0,"key":"CultistPotion"},{"floor":12,"key":"Regen Potion"},{"floor":14,"key":"potionbrewer:BoundlessPotion"},{"floor":15,"key":"infinitespire:BlackPotion"}],"is_trial":false,"path_per_floor":["R","$","M","?","R","E","T","E","M","E","M","M","M","M","M","B"],"character_chosen":"THE_SPIRIT","items_purchased":[],"campfire_rested":0,"item_purchase_floors":[],"current_hp_per_floor":[70,70,67,67,67,56,56,52,52,19,19,19,19,34,34,0,0],"gold":251,"neow_bonus":"UPGRADE_CARD","is_daily":false,"chose_seed":false,"campfire_upgraded":2,"win_rate":0.0,"timestamp":1608219969,"path_taken":["R","$","M","?","R","E","T","E","M","E","M","M","M","?","M","BOSS"],"items_purchased_type":[],"build_version":"2020-12-13","purchased_purges":1,"victory":false,"max_hp_per_floor":[70,70,70,70,70,70,70,70,70,70,70,70,70,70,70,70,70],"card_choices":[{"not_picked":["hexamod:HauntingEcho","hexamod:InspiringFlames"],"picked":"hexamod:FourthSeal","floor":2.0},{"not_picked":["hexamod:RetreatToShadows","hexamod:ThermalTransfer"],"picked":"hexamod:Hexaguard","floor":3.0},{"not_picked":["hexamod:NightmareGuise","hexamod:SwordOfDarkness"],"picked":"hexamod:TurnItUp","floor":6.0},{"not_picked":["hexamod:HeatShield","hexamod:CatchUp"],"picked":"hexamod:AdvancingGuard","floor":8.0},{"not_picked":["hexamod:HeatShield","hexamod:AdvancingGuard","hexamod:PhantomFireball"],"picked":"SKIP","floor":9.0},{"not_picked":["hexamod:ThermalTransfer","hexamod:FastForward","hexamod:CatchUp"],"picked":"SKIP","floor":10.0},{"not_picked":["hexamod:ExtraCrispy","hexamod:HauntingEcho","hexamod:GhostLash"],"picked":"SKIP","floor":11.0},{"not_picked":["hexamod:ThermalTransfer","hexamod:BurningTouch"],"picked":"hexamod:Hexaguard","floor":12},{"not_picked":["hexamod:AdvancingGuard","hexamod:NightmareGuise","hexamod:NightmareStrike"],"picked":"SKIP","floor":13},{"not_picked":["hexamod:GhostLash","hexamod:Again","hexamod:InspiringFlames"],"picked":"SKIP","floor":14},{"not_picked":["hexamod:SwordOfDarkness","hexamod:EmpoweredFlame"],"picked":"hexamod:ThirdSeal","floor":15}],"player_experience":129017,"relics_obtained":[{"floor":3.0,"key":"LetterFromLob"},{"floor":6.0,"key":"hubris:Reverence"},{"floor":7.0,"key":"conspire:BottledYoYo"},{"floor":8.0,"key":"Replay:Bandana"},{"floor":10.0,"key":"infinitespire:EmpoweringShard"}],"event_choices":[{"damage_healed":0.0,"max_hp_gain":0.0,"max_hp_loss":0.0,"gold_gain":0.0,"event_name":"Menagerie:SpiderNest","player_choice":"Ignored","floor":4.0,"gold_loss":0.0,"damage_taken":0.0}],"is_beta":false,"boss_relics":[],"items_purged_floors":[2],"is_endless":false,"potions_floor_spawned":[6,8,9,11,14,15],"killed_by":"downfall:Defect","ascension_level":1}}