{"host":"nieu49hsh1dm9v6n","time":1608221656,"event":{"mods":["Aspiration","BaseMod","Better Third Choice","Hubris","Minty Spire (QoL Compilation)","StSLib","vexMod"],"gold_per_floor":[116,130,147,147,166,192,192,192,247,262,262,63,97,111,111,211,211,224,242,242,242],"floor_reached":20,"playtime":1364,"items_purged":[],"score":223,"play_id":"eed2c4a7-50ac-4872-afc8-cb3175992873","local_time":"20201217171416","is_ascension_mode":true,"campfire_choices":[{"data":"Blade Dance","floor":8,"key":"SMITH"},{"floor":15,"key":"REST"}],"circlet_count":0,"master_deck":["Strike_G","Strike_G","Strike_G","Strike_G","Defend_G","Defend_G","Defend_G","Defend_G","Defend_G","Survivor","Neutralize","Good Instincts+1","Predator","Backflip","Deadly Poison","Blade Dance+1","hubris:Sniper","Noxious Fumes","hubris:SlightOfHand","Cloak And Dagger","Dash","Corpse Explosion","Poisoned Stab+1","Catalyst+1"],"relics":["Ring of the Snake","hubris:AncientText","PreservedInsect","aspiration:Lifesprig","Nunchaku","vexMod:FocusSash","aspiration:FutureDiary"],"acts_visited":["Exordium","TheCity"],"potions_floor_usage":[13,13,16],"damage_taken":[{"damage":0,"enemies":"Small Slimes","floor":1,"turns":5},{"damage":1,"enemies":"Jaw Worm","floor":2,"turns":3},{"damage":0,"enemies":"Cultist","floor":3,"turns":3},{"damage":9,"enemies":"3 Louse","floor":5,"turns":4},{"damage":34,"enemies":"Lagavulin","floor":6,"turns":7},{"damage":10,"enemies":"Gremlin Gang","floor":10,"turns":5},{"damage":5,"enemies":"3 Sentries","floor":13,"turns":3},{"damage":0,"enemies":"Large Slime","floor":14,"turns":4},{"damage":13,"enemies":"Slime Boss","floor":16,"turns":9},{"damage":18,"enemies":"2 Thieves","floor":18,"turns":3},{"damage":16,"enemies":"Shell Parasite","floor":19,"turns":5},{"damage":40,"enemies":"Sentry and Sphere","floor":20,"turns":7}],"seed_played":"588028656647537852","potions_obtained":[{"floor":5,"key":"Dexterity Potion"},{"floor":6,"key":"ColorlessPotion"},{"floor":10,"key":"ColorlessPotion"}],"is_trial":false,"path_per_floor":["M","M","M","?","M","E","?","R","T","M","?","$","E","M","R","B",null,"M","M","M"],"character_chosen":"THE_SILENT","items_purchased":["Nunchaku","hubris:SlightOfHand"],"campfire_rested":1,"item_purchase_floors":[12,12],"current_hp_per_floor":[70,69,69,69,60,26,26,26,26,16,16,16,11,11,32,19,70,52,36,0,0],"gold":242,"neow_bonus":"RANDOM_COLORLESS","is_daily":false,"chose_seed":false,"campfire_upgraded":1,"win_rate":0.0,"timestamp":1608221656,"path_taken":["M","M","M","?","M","E","?","R","T","?","?","$","E","M","R","BOSS","M","M","?"],"items_purchased_type":["Relic","Card"],"build_version":"2020-12-13","purchased_purges":0,"victory":false,"max_hp_per_floor":[70,70,70,70,70,70,70,70,70,70,70,70,70,70,70,70,70,70,70,70,70],"card_choices":[{"not_picked":["Madness","Purity"],"picked":"Good Instincts","floor":0},{"not_picked":["Dodge and Roll","Deflect"],"picked":"Predator","floor":1},{"not_picked":["Concentrate","Slice"],"picked":"Backflip","floor":2},{"not_picked":["Acrobatics","Bane"],"picked":"Deadly Poison","floor":3},{"not_picked":["Dagger Throw","hubris:SlightOfHand"],"picked":"Blade Dance","floor":5},{"not_picked":["Skewer","Glass Knife"],"picked":"hubris:Sniper","floor":6},{"not_picked":["Dodge and Roll","Skewer"],"picked":"Noxious Fumes","floor":10},{"not_picked":["Prepared","Backflip"],"picked":"Cloak And Dagger","floor":13},{"not_picked":["Sucker Punch","Deflect"],"picked":"Dash","floor":14},{"not_picked":["Glass Knife","Unload"],"picked":"Corpse Explosion","floor":16},{"not_picked":["Crippling Poison","Distraction"],"picked":"Poisoned Stab+1","floor":18},{"not_picked":["Acrobatics","Endless Agony"],"picked":"Catalyst+1","floor":19}],"player_experience":207343,"relics_obtained":[{"floor":6,"key":"hubris:AncientText"},{"floor":9,"key":"PreservedInsect"},{"floor":11,"key":"aspiration:Lifesprig"},{"floor":13,"key":"vexMod:FocusSash"}],"event_choices":[{"damage_healed":0,"gold_gain":0,"player_choice":"Grow","damage_taken":0,"max_hp_gain":0,"max_hp_loss":0,"event_name":"Living Wall","floor":4,"gold_loss":0,"cards_upgraded":["Good Instincts"]},{"cards_removed":["Strike_G"],"damage_healed":0,"gold_gain":0,"player_choice":"Purged","damage_taken":0,"max_hp_gain":0,"max_hp_loss":0,"event_name":"Purifier","floor":7,"gold_loss":0},{"damage_healed":0,"gold_gain":0,"player_choice":"Relic","damage_taken":0,"max_hp_gain":0,"max_hp_loss":0,"event_name":"Wheel of Change","floor":11,"gold_loss":0}],"is_beta":false,"boss_relics":[{"not_picked":["aspiration:PoetsPen_weak","SacredBark"],"picked":"aspiration:FutureDiary"}],"items_purged_floors":[],"is_endless":false,"potions_floor_spawned":[5,6,10],"killed_by":"Sentry and Sphere","ascension_level":4}}