{"host":"p9t7qd83igtcp2bh","time":1608229796,"event":{"mods":["2.2 Compatiblity","AchievementEnabler","BaseMod","Colored Map","Colored Powertips","Custom Start","DeckTracker","Keyboard Shortcuts","Minty Spire (QoL Compilation)","Permanent Neow","StSLib","SuperFastMode","everything is the same but u backflip on backflip"],"gold_per_floor":[112,112,128,143,157,157,189,206,261,273,3,3,15,32,32,132,132,146,146,158,257,257,257,285,302,302,302,312,312,312,326,326,424,424,442,291,291,291,241,274,94,109,109,36,89,89,108,108,108,108],"floor_reached":51,"playtime":1616,"items_purged":["Strike_P","ClearTheMind","CutThroughFate"],"score":1085,"play_id":"b7c81237-0afa-4444-8a4a-a29decd0e857","local_time":"20201218032956","is_ascension_mode":true,"campfire_choices":[{"data":"FollowUp","floor":6.0,"key":"SMITH"},{"floor":12.0,"key":"REST"},{"data":"Scrawl","floor":15.0,"key":"SMITH"},{"floor":23.0,"key":"REST"},{"data":"MentalFortress","floor":27.0,"key":"SMITH"},{"floor":32.0,"key":"REST"},{"floor":46,"key":"REST"},{"floor":49,"key":"REST"}],"circlet_count":0,"master_deck":["AscendersBane","Strike_P+1","Defend_P+1","Eruption+1","Vigilance","FollowUp+1","Scrawl+1","EmptyFist+1","FlurryOfBlows+1","LessonLearned","MentalFortress+1","Crescendo","MentalFortress+1","Ragnarok","Finesse+1"],"relics":["PureWater","Orichalcum","Happy Flower","Toy Ornithopter","Empty Cage","Matryoshka","Ancient Tea Set","Bag of Marbles","Busted Crown","Membership Card","Singing Bowl","Yang","Juzu Bracelet","Toxic Egg 2","TheAbacus","GoldenEye"],"acts_visited":["Exordium","TheCity","TheBeyond"],"potions_floor_usage":[40,42,50],"damage_taken":[{"damage":8.0,"enemies":"Jaw Worm","floor":1.0,"turns":3.0},{"damage":0.0,"enemies":"Cultist","floor":3.0,"turns":2.0},{"damage":0.0,"enemies":"2 Louse","floor":4.0,"turns":2.0},{"damage":6.0,"enemies":"Large Slime","floor":5.0,"turns":4.0},{"damage":59.0,"enemies":"3 Sentries","floor":7.0,"turns":13.0},{"damage":4.0,"enemies":"Looter","floor":8.0,"turns":2.0},{"damage":0.0,"enemies":"Exordium Wildlife","floor":10.0,"turns":3.0},{"damage":11.0,"enemies":"3 Louse","floor":13.0,"turns":3.0},{"damage":1.0,"enemies":"Red Slaver","floor":14.0,"turns":2.0},{"damage":7.0,"enemies":"Hexaghost","floor":16.0,"turns":7.0},{"damage":7.0,"enemies":"3 Byrds","floor":18.0,"turns":5.0},{"damage":32.0,"enemies":"Shell Parasite","floor":20.0,"turns":4.0},{"damage":32.0,"enemies":"Gremlin Leader","floor":24.0,"turns":5.0},{"damage":22.0,"enemies":"Snecko","floor":25.0,"turns":7.0},{"damage":0.0,"enemies":"3 Cultists","floor":28.0,"turns":3.0},{"damage":10.0,"enemies":"Shelled Parasite and Fungi","floor":31.0,"turns":2.0},{"damage":20.0,"enemies":"Automaton","floor":33.0,"turns":10.0},{"damage":0.0,"enemies":"Orb Walker","floor":35.0,"turns":3.0},{"damage":28,"enemies":"Reptomancer","floor":40,"turns":4},{"damage":16,"enemies":"3 Darklings","floor":42,"turns":4},{"damage":0,"enemies":"2 Orb Walkers","floor":45,"turns":1},{"damage":19,"enemies":"Transient","floor":47,"turns":5},{"damage":49,"enemies":"Awakened One","floor":50,"turns":14}],"seed_played":"-5894255351272804831","potions_obtained":[{"floor":1.0,"key":"CultistPotion"},{"floor":5.0,"key":"Regen Potion"},{"floor":7.0,"key":"SkillPotion"},{"floor":24.0,"key":"EssenceOfSteel"},{"floor":33.0,"key":"CultistPotion"},{"floor":40,"key":"Strength Potion"}],"is_trial":false,"path_per_floor":["M","?","M","M","M","R","E","M","T","M","$","R","M","M","R","B",null,"M","?","M","?","?","R","E","M","T","R","M","$","?","M","R","B",null,"M","$","T","?","$","E","$","M","T","$","?","R","M","?","R","B",null],"character_chosen":"WATCHER","items_purchased":["Toy Ornithopter","AttackPotion","Membership Card","Ragnarok","Regen Potion","TheAbacus"],"campfire_rested":5,"item_purchase_floors":[11,11,36,41,41,44],"current_hp_per_floor":[57,57,57,57,51,51,7,3,3,3,3,24,13,12,12,15,58,51,51,19,19,19,40,8,26,26,26,26,26,26,16,37,22,60,60,60,60,60,60,39,39,39,39,39,41,64,47,47,71,27],"gold":108,"neow_bonus":"UPGRADE_CARD","is_daily":false,"chose_seed":true,"campfire_upgraded":3,"win_rate":0.0,"timestamp":1608229796,"path_taken":["M","?","M","M","M","R","E","M","T","M","$","R","M","?","R","BOSS","M","?","M","?","?","R","E","?","T","R","M","$","?","M","R","BOSS","M","$","?","?","$","E","$","M","T","?","?","R","M","?","R","BOSS"],"items_purchased_type":["Relic","Potion","Relic","Card","Potion","Relic"],"build_version":"2020-12-13","purchased_purges":3,"victory":true,"max_hp_per_floor":[72,72,72,72,72,72,72,72,72,72,72,72,72,72,72,72,72,72,72,72,72,72,72,72,72,72,72,72,72,72,72,72,72,72,72,72,72,72,72,74,74,76,76,76,78,78,80,80,80,80],"card_choices":[{"not_picked":["Indignation","BowlingBash"],"picked":"FollowUp","floor":1.0},{"not_picked":["Conclude","PathToVictory"],"picked":"CutThroughFate","floor":3.0},{"not_picked":["Crescendo","ClearTheMind","Prostrate"],"picked":"SKIP","floor":4.0},{"not_picked":["FollowUp","SpiritShield","TalkToTheHand"],"picked":"SKIP","floor":5.0},{"not_picked":["FlyingSleeves","FollowUp"],"picked":"EmptyFist","floor":7.0},{"not_picked":["Prostrate","Meditate"],"picked":"FlurryOfBlows","floor":8.0},{"not_picked":["CrushJoints","SashWhip","FlyingSleeves"],"picked":"SKIP","floor":10.0},{"not_picked":["BowlingBash","EmptyBody","FlyingSleeves"],"picked":"SKIP","floor":13.0},{"not_picked":["Weave","EmptyBody","ClearTheMind"],"picked":"SKIP","floor":14.0},{"not_picked":["Wish","ConjureBlade"],"picked":"LessonLearned","floor":16.0},{"not_picked":["DeceiveReality+1","Wallop","PathToVictory"],"picked":"SKIP","floor":18.0},{"not_picked":["FlurryOfBlows","EmptyBody","ClearTheMind"],"picked":"SKIP","floor":20.0},{"not_picked":["ThirdEye","EmptyBody+1","LessonLearned"],"picked":"SKIP","floor":24.0},{"not_picked":["ClearTheMind","BowlingBash"],"picked":"MentalFortress","floor":25.0},{"not_picked":["TalkToTheHand","BowlingBash","EmptyBody"],"picked":"SKIP","floor":28.0},{"not_picked":["TalkToTheHand","BowlingBash","EmptyBody"],"picked":"SKIP","floor":28.0},{"not_picked":["Weave","Evaluate","FlyingSleeves"],"picked":"SKIP","floor":31.0},{"not_picked":["EmptyFist"],"picked":"SKIP","floor":35.0},{"not_picked":["SandsOfTime"],"picked":"Singing Bowl","floor":40},{"not_picked":["Evaluate"],"picked":"Singing Bowl","floor":42},{"not_picked":["Wireheading+1"],"picked":"Singing Bowl","floor":45},{"not_picked":["EmptyMind+1"],"picked":"Singing Bowl","floor":47},{"not_picked":[],"picked":"Finesse+1","floor":48}],"player_experience":560992,"relics_obtained":[{"floor":7.0,"key":"Orichalcum"},{"floor":9.0,"key":"Happy Flower"},{"floor":24.0,"key":"Matryoshka"},{"floor":26.0,"key":"Ancient Tea Set"},{"floor":26.0,"key":"Bag of Marbles"},{"floor":37.0,"key":"Singing Bowl"},{"floor":37.0,"key":"Yang"},{"floor":40,"key":"Juzu Bracelet"},{"floor":43,"key":"Toxic Egg 2"},{"floor":45,"key":"GoldenEye"}],"event_choices":[{"damage_healed":0.0,"max_hp_gain":0.0,"max_hp_loss":0.0,"gold_gain":0.0,"event_name":"Match and Keep!","player_choice":"1 cards matched","floor":2.0,"gold_loss":0.0,"damage_taken":0.0,"cards_obtained":["Scrawl"]},{"damage_healed":0.0,"max_hp_gain":0.0,"max_hp_loss":0.0,"gold_gain":0.0,"event_name":"Cursed Tome","player_choice":"Ignored","floor":19.0,"gold_loss":0.0,"damage_taken":0.0},{"damage_healed":0.0,"max_hp_gain":0.0,"max_hp_loss":0.0,"gold_gain":99.0,"event_name":"Nest","player_choice":"Stole From Cult","floor":21.0,"gold_loss":0.0,"damage_taken":0.0},{"damage_healed":0.0,"max_hp_gain":0.0,"max_hp_loss":0.0,"gold_gain":0.0,"cards_transformed":["Strike_P","Defend_P"],"event_name":"Drug Dealer","player_choice":"Became Test Subject","floor":22.0,"gold_loss":0.0,"damage_taken":0.0,"cards_obtained":["MentalFortress","Crescendo"]},{"damage_healed":0.0,"max_hp_gain":0.0,"max_hp_loss":0.0,"gold_gain":0.0,"cards_transformed":["Defend_P"],"event_name":"Transmorgrifier","player_choice":"Transformed","floor":30.0,"gold_loss":0.0,"damage_taken":0.0,"cards_obtained":["ClearTheMind"]},{"damage_healed":0.0,"max_hp_gain":0.0,"max_hp_loss":0.0,"gold_gain":0.0,"event_name":"Tomb of Lord Red Mask","player_choice":"Ignored","floor":38.0,"gold_loss":0.0,"damage_taken":0.0},{"damage_healed":0,"gold_gain":0,"player_choice":"Fight","damage_taken":0,"max_hp_gain":0,"max_hp_loss":0,"event_name":"Mysterious Sphere","floor":45,"gold_loss":0},{"damage_healed":0,"gold_gain":0,"player_choice":"Memory 1","damage_taken":0,"max_hp_gain":0,"max_hp_loss":0,"event_name":"SensoryStone","floor":48,"gold_loss":0}],"is_beta":false,"boss_relics":[{"not_picked":["Runic Dome","Tiny House"],"picked":"Empty Cage"},{"not_picked":["Sozu","Pandora\u0027s Box"],"picked":"Busted Crown"}],"items_purged_floors":[11,39,41],"is_endless":false,"potions_floor_spawned":[1,5,7,14,24,33,40],"ascension_level":12}}