{"host":"fo1pcjb7ykmk7tjo","time":1608227272,"event":{"mods":["BaseMod","Colored Map","Downfall","Hermit","Hubris","Infinite Spire","Marisa????????","Minty Spire (QoL Compilation)","Replay The Spire","StSLib","The Disciple","The Servant 0.9.4"],"gold_per_floor":[19,19,30,40,58,58,77,77,103,135,135,164,181,200,200,298,298,298,298],"floor_reached":18,"playtime":605,"items_purged":[],"score":219,"play_id":"16b8dd44-e53b-478e-b8b5-9574744cb0bd","local_time":"20201217184752","is_ascension_mode":true,"campfire_choices":[{"data":"Eruption","floor":6.0,"key":"SMITH"},{"data":"Omniscience","floor":8.0,"key":"SMITH"},{"data":"Pray","floor":15.0,"key":"SMITH"}],"circlet_count":0,"master_deck":["Strike_P","Strike_P","Strike_P","Strike_P","Defend_P","Defend_P","Defend_P","Defend_P","Eruption+1","Vigilance","FollowUp","Omniscience+1","Eruption","FollowUp","FollowUp","Pray+1","FlurryOfBlows","Brilliance","Crescendo","ClearTheMind","Establishment"],"relics":["HolyWater","Bag of Marbles","Toy Ornithopter","Damaru"],"acts_visited":["TheCity"],"potions_floor_usage":[],"damage_taken":[{"damage":3.0,"enemies":"2 Louse","floor":1.0,"turns":3.0},{"damage":0.0,"enemies":"Cultist","floor":3.0,"turns":3.0},{"damage":0.0,"enemies":"Jaw Worm","floor":4.0,"turns":3.0},{"damage":10.0,"enemies":"Large Slime","floor":5.0,"turns":4.0},{"damage":0.0,"enemies":"2 Fungi Beasts","floor":7.0,"turns":2.0},{"damage":17.0,"enemies":"3 Sentries","floor":10.0,"turns":8.0},{"damage":0.0,"enemies":"Lagavulin","floor":12.0,"turns":3.0},{"damage":4.0,"enemies":"3 Louse","floor":13.0,"turns":2.0},{"damage":16.0,"enemies":"Blue Slaver","floor":14.0,"turns":3.0},{"damage":25.0,"enemies":"Hexaghost","floor":16.0,"turns":4.0},{"damage":2,"enemies":"3 Byrds","floor":18,"turns":2}],"seed_played":"5244041112693836342","potions_obtained":[{"floor":4.0,"key":"Strength Potion"},{"floor":5.0,"key":"Fire Potion"},{"floor":7.0,"key":"Swift Potion"},{"floor":10.0,"key":"FearPotion"}],"is_trial":false,"path_per_floor":["M","?","M","M","M","R","M","R","T","E","?","E","M","M","R","B",null,"M"],"character_chosen":"WATCHER","items_purchased":[],"campfire_rested":0,"item_purchase_floors":[],"current_hp_per_floor":[83,83,83,83,73,73,73,73,73,56,49,49,45,29,29,9,86,84,84],"gold":298,"neow_bonus":"TWENTY_PERCENT_HP_BONUS","is_daily":false,"chose_seed":false,"campfire_upgraded":3,"win_rate":0.0,"timestamp":1608227272,"path_taken":["M","?","?","M","M","R","M","R","T","E","?","E","M","M","R","BOSS","M"],"items_purchased_type":[],"build_version":"2020-12-13","purchased_purges":0,"victory":false,"max_hp_per_floor":[86,86,86,86,86,86,86,86,86,86,86,86,86,86,86,86,86,86,86],"card_choices":[{"not_picked":["Consecrate","EmptyFist"],"picked":"FollowUp","floor":1.0},{"not_picked":["Weave","Crescendo"],"picked":"FollowUp","floor":3.0},{"not_picked":["Worship","Vengeance"],"picked":"FollowUp","floor":4.0},{"not_picked":["ThirdEye","BowlingBash"],"picked":"Pray","floor":5.0},{"not_picked":["Evaluate","ThirdEye"],"picked":"FlurryOfBlows","floor":7.0},{"not_picked":["MentalFortress","SashWhip"],"picked":"Brilliance","floor":10.0},{"not_picked":["FearNoEvil","SashWhip"],"picked":"Crescendo","floor":12.0},{"not_picked":["WindmillStrike","ReachHeaven","Crescendo"],"picked":"SKIP","floor":13.0},{"not_picked":["EmptyBody","EmptyFist"],"picked":"ClearTheMind","floor":14.0},{"not_picked":["MasterReality","Judgement"],"picked":"Establishment","floor":16.0}],"player_experience":156732,"relics_obtained":[{"floor":10.0,"key":"Bag of Marbles"},{"floor":12.0,"key":"Damaru"}],"event_choices":[{"damage_healed":0.0,"max_hp_gain":0.0,"max_hp_loss":0.0,"gold_gain":0.0,"event_name":"Match and Keep!","player_choice":"2 cards matched","floor":2.0,"gold_loss":0.0,"damage_taken":0.0,"cards_obtained":["Omniscience","Eruption"]},{"damage_healed":0.0,"max_hp_gain":0.0,"max_hp_loss":0.0,"gold_gain":0.0,"event_name":"Scrap Ooze","player_choice":"Success","floor":11.0,"gold_loss":0.0,"damage_taken":7.0,"relics_obtained":["Toy Ornithopter"]}],"is_beta":false,"boss_relics":[{"not_picked":["Fusion Hammer","Snecko Eye"],"picked":"HolyWater"}],"items_purged_floors":[],"is_endless":false,"potions_floor_spawned":[4,5,7,10],"killed_by":"3 Byrds","ascension_level":2}}