{"host":"soyfmymeou4emntr","time":1608165624,"event":{"mods":["BaseMod","Minty Spire (QoL Compilation)","Relic Sorter","Relic Stats","StSLib"],"gold_per_floor":[111,127,277,57,57,57,80,95,95,131,131,167,92,115,115,204,204,225,225,240,240,260,260,260,260],"floor_reached":24,"playtime":1384,"items_purged":["Doubt"],"score":412,"play_id":"383154f4-b1ec-455a-adff-2f7fe45e382b","local_time":"20201216174024","is_ascension_mode":true,"campfire_choices":[{"data":"Defragment","floor":6.0,"key":"SMITH"},{"data":"Self Repair","floor":15.0,"key":"SMITH"},{"data":"Biased Cognition","floor":23,"key":"SMITH"}],"circlet_count":0,"master_deck":["AscendersBane","Defend_B","Defend_B","Defend_B","Defend_B","Zap","Dualcast","Ball Lightning+1","Blizzard+1","Hyperbeam+1","Glacier","Defragment+1","Coolheaded","White Noise+1","Self Repair+1","Ball Lightning","Biased Cognition+1","Genetic Algorithm","Pain","Melter+1"],"relics":["Astrolabe","Golden Idol","Cables","Nunchaku","Cursed Key","Nloth\u0027s Gift","WarpedTongs"],"acts_visited":["Exordium","TheCity"],"potions_floor_usage":[16],"damage_taken":[{"damage":0.0,"enemies":"Jaw Worm","floor":1.0,"turns":3.0},{"damage":7.0,"enemies":"2 Louse","floor":2.0,"turns":2.0},{"damage":0.0,"enemies":"Small Slimes","floor":7.0,"turns":1.0},{"damage":0.0,"enemies":"3 Louse","floor":8.0,"turns":2.0},{"damage":13.0,"enemies":"3 Sentries","floor":10.0,"turns":6.0},{"damage":8.0,"enemies":"Gremlin Nob","floor":12.0,"turns":4.0},{"damage":10.0,"enemies":"Red Slaver","floor":14.0,"turns":4.0},{"damage":14,"enemies":"The Guardian","floor":16,"turns":10},{"damage":12,"enemies":"2 Thieves","floor":18,"turns":2},{"damage":16,"enemies":"Shell Parasite","floor":20,"turns":3},{"damage":10,"enemies":"Centurion and Healer","floor":22,"turns":6},{"damage":42,"enemies":"Gremlin Leader","floor":24,"turns":5}],"seed_played":"-7145576487553281444","potions_obtained":[{"floor":1.0,"key":"LiquidMemories"},{"floor":7.0,"key":"CultistPotion"},{"floor":12.0,"key":"FocusPotion"},{"floor":18,"key":"LiquidBronze"}],"is_trial":false,"path_per_floor":["M","M","?","$","?","R","M","M","T","E","?","E","?","M","R","B",null,"M","?","M","?","M","R","E"],"character_chosen":"DEFECT","items_purchased":["Defragment","Coolheaded"],"campfire_rested":0,"item_purchase_floors":[4,4],"current_hp_per_floor":[64,57,57,57,57,57,57,57,57,44,44,36,36,33,33,29,55,53,53,37,37,37,37,0,0],"gold":260,"neow_bonus":"BOSS_RELIC","is_daily":false,"chose_seed":false,"campfire_upgraded":3,"win_rate":0.0,"timestamp":1608165624,"path_taken":["M","M","?","$","?","R","M","M","T","E","?","E","?","M","R","BOSS","M","?","?","?","M","R","E"],"items_purchased_type":["Card","Card"],"build_version":"2020-12-13","purchased_purges":1,"victory":false,"max_hp_per_floor":[71,71,71,71,64,64,64,64,64,64,64,64,64,64,64,64,64,64,64,64,64,64,64,64,64],"relic_stats":{"Nunchaku":[3],"counters":[12,48],"Golden Idol":56,"Astrolabe":["Ball Lightning","Blizzard","Hyperbeam"],"Nloth\u0027s Gift":0,"Cursed Key":0,"obtain_stats":[{"Darkstone Periapt":9,"Nunchaku":12,"Golden Idol":5,"Astrolabe":0,"Nloth\u0027s Gift":19,"Cracked Core":0,"Cursed Key":17,"Cables":10,"WarpedTongs":21},{"Darkstone Periapt":4,"Nunchaku":6,"Golden Idol":2,"Astrolabe":0,"Nloth\u0027s Gift":9,"Cracked Core":0,"Cursed Key":8,"Cables":5,"WarpedTongs":10},{"Darkstone Periapt":8,"Nunchaku":18,"Golden Idol":5,"Astrolabe":0,"Nloth\u0027s Gift":34,"Cracked Core":0,"Cursed Key":32,"Cables":14,"WarpedTongs":37}],"Cables":[28,16,12,0,0],"WarpedTongs":[11]},"card_choices":[{"not_picked":["Auto Shields","Barrage"],"picked":"Glacier","floor":1.0},{"not_picked":["Rebound","Auto Shields","Go for the Eyes"],"picked":"SKIP","floor":2.0},{"not_picked":["FTL","Blizzard","Redo"],"picked":"SKIP","floor":7.0},{"not_picked":["Leap","Compile Driver","Redo"],"picked":"SKIP","floor":8.0},{"not_picked":["Creative AI","Steam Power"],"picked":"White Noise","floor":10.0},{"not_picked":["Doom and Gloom","Recycle"],"picked":"Self Repair","floor":12.0},{"not_picked":["Sweeping Beam","Streamline"],"picked":"Ball Lightning","floor":14.0},{"not_picked":["Thunder Strike","Echo Form"],"picked":"Biased Cognition","floor":16},{"not_picked":["Beam Cell","Stack+1"],"picked":"Genetic Algorithm","floor":18},{"not_picked":["Chaos","Stack","Redo"],"picked":"SKIP","floor":20},{"not_picked":["Undo","Beam Cell"],"picked":"Melter+1","floor":22}],"player_experience":2576674,"relics_obtained":[{"floor":9.0,"key":"Darkstone Periapt"},{"floor":10.0,"key":"Cables"},{"floor":12.0,"key":"Nunchaku"}],"event_choices":[{"damage_healed":0.0,"max_hp_gain":0.0,"max_hp_loss":0.0,"gold_gain":150.0,"event_name":"Liars Game","player_choice":"AGREE","floor":3.0,"gold_loss":0.0,"damage_taken":0.0,"cards_obtained":["Doubt"]},{"damage_healed":0.0,"max_hp_gain":0.0,"max_hp_loss":7.0,"gold_gain":0.0,"event_name":"Golden Idol","player_choice":"Lose Max HP","floor":5.0,"gold_loss":0.0,"damage_taken":0.0,"relics_obtained":["Golden Idol"]},{"damage_healed":0.0,"max_hp_gain":0.0,"max_hp_loss":0.0,"gold_gain":0.0,"event_name":"Living Wall","player_choice":"Grow","floor":11.0,"gold_loss":0.0,"damage_taken":0.0,"cards_upgraded":["White Noise"]},{"cards_removed":["Strike_B"],"damage_healed":0.0,"max_hp_gain":0.0,"max_hp_loss":0.0,"gold_gain":0.0,"event_name":"The Cleric","player_choice":"Card Removal","floor":13.0,"gold_loss":75.0,"damage_taken":0.0},{"damage_healed":0,"gold_gain":0,"player_choice":"Traded Relic","damage_taken":0,"relics_obtained":["Nloth\u0027s Gift"],"max_hp_gain":0,"max_hp_loss":0,"event_name":"N\u0027loth","floor":19,"relics_lost":["Darkstone Periapt"],"gold_loss":0},{"damage_healed":0,"gold_gain":0,"player_choice":"Rummage","damage_taken":0,"relics_obtained":["WarpedTongs"],"max_hp_gain":0,"max_hp_loss":0,"event_name":"Accursed Blacksmith","floor":21,"gold_loss":0,"cards_obtained":["Pain"]}],"is_beta":false,"boss_relics":[{"not_picked":["Velvet Choker","Empty Cage"],"picked":"Cursed Key"}],"items_purged_floors":[4],"is_endless":false,"potions_floor_spawned":[1,7,10,12,18],"killed_by":"Gremlin Leader","ascension_level":20}}