{"host":"7pe9xwx78c6nlay8","time":1608201971,"event":{"mods":["BaseMod","Minty Spire (QoL Compilation)"],"gold_per_floor":[114,114,126,126,11,11,44,64,64,99,114,148,148,163,163,266,266,286,299,317,317,336,366,281,297,297,297,297],"floor_reached":27,"playtime":1247,"items_purged":[],"score":420,"play_id":"99635acd-64d5-43c6-b1dc-39b885c04d49","local_time":"20201217184611","is_ascension_mode":true,"campfire_choices":[{"data":"Eruption","floor":6,"key":"SMITH"},{"floor":13,"key":"REST"},{"data":"Nirvana","floor":15,"key":"SMITH"}],"circlet_count":0,"master_deck":["AscendersBane","Strike_P","Strike_P","Strike_P","Strike_P","Defend_P","Defend_P","Defend_P","Defend_P","Eruption+1","Vigilance","Weave","Nirvana+1","CutThroughFate","Perseverance","CutThroughFate","CutThroughFate","CutThroughFate+1","ThirdEye+1","Nirvana+1","ThirdEye+1","Weave+1"],"relics":["SacredBark","Meat on the Bone","Pantograph","MealTicket","Oddly Smooth Stone","Regal Pillow","Sozu","Centennial Puzzle","Letter Opener","Pear"],"acts_visited":["Exordium","TheCity"],"potions_floor_usage":[10,12,16],"damage_taken":[{"damage":2,"enemies":"Jaw Worm","floor":1,"turns":3},{"damage":2,"enemies":"2 Louse","floor":3,"turns":2},{"damage":45,"enemies":"3 Sentries","floor":7,"turns":8},{"damage":0,"enemies":"Small Slimes","floor":8,"turns":3},{"damage":21,"enemies":"Gremlin Nob","floor":10,"turns":5},{"damage":10,"enemies":"Gremlin Gang","floor":11,"turns":4},{"damage":11,"enemies":"3 Sentries","floor":12,"turns":4},{"damage":6,"enemies":"2 Fungi Beasts","floor":14,"turns":4},{"damage":69,"enemies":"Slime Boss","floor":16,"turns":10},{"damage":24,"enemies":"2 Thieves","floor":18,"turns":4},{"damage":0,"enemies":"Spheric Guardian","floor":19,"turns":3},{"damage":0,"enemies":"3 Cultists","floor":20,"turns":5},{"damage":2,"enemies":"Snecko","floor":22,"turns":6},{"damage":19,"enemies":"Slavers","floor":23,"turns":6},{"damage":2,"enemies":"Shelled Parasite and Fungi","floor":25,"turns":5},{"damage":79,"enemies":"Gremlin Leader","floor":27,"turns":5}],"seed_played":"-5721205315430991133","potions_obtained":[{"floor":8,"key":"Energy Potion"},{"floor":10,"key":"Strength Potion"},{"floor":12,"key":"SpeedPotion"}],"is_trial":false,"path_per_floor":["M","?","M","?","$","R","E","M","T","E","M","E","R","M","R","B",null,"M","M","M","?","M","E","?","M","T","E"],"character_chosen":"WATCHER","items_purchased":["Nirvana","CutThroughFate"],"campfire_rested":1,"item_purchase_floors":[5,5],"current_hp_per_floor":[63,63,61,61,61,61,28,40,40,31,33,34,70,64,64,15,58,46,46,46,46,44,37,37,47,57,0,0],"gold":297,"neow_bonus":"BOSS_RELIC","is_daily":false,"chose_seed":false,"campfire_upgraded":2,"win_rate":0.0,"timestamp":1608201971,"path_taken":["M","?","M","?","?","R","E","M","T","E","M","E","R","M","R","BOSS","M","M","M","?","?","E","?","M","T","E"],"items_purchased_type":["Card","Card"],"build_version":"2020-12-13","purchased_purges":0,"victory":false,"max_hp_per_floor":[72,72,72,72,72,72,72,72,72,72,72,72,72,72,72,72,72,72,72,72,72,72,72,72,72,82,82,82],"card_choices":[{"not_picked":["Halt","CarveReality"],"picked":"Weave","floor":1},{"not_picked":["BowlingBash","Protect","WreathOfFlame"],"picked":"SKIP","floor":3},{"not_picked":["Consecrate","EmptyBody"],"picked":"Perseverance","floor":7},{"not_picked":["ForeignInfluence","BattleHymn"],"picked":"CutThroughFate","floor":8},{"not_picked":["FlyingSleeves","Adaptation"],"picked":"CutThroughFate","floor":10},{"not_picked":["Protect","EmptyMind","CrushJoints"],"picked":"SKIP","floor":11},{"not_picked":["EmptyFist","FollowUp","Adaptation"],"picked":"SKIP","floor":12},{"not_picked":["Collect","SpiritShield","Swivel"],"picked":"SKIP","floor":14},{"not_picked":["Halt","EmptyFist+1","Indignation+1"],"picked":"SKIP","floor":18},{"not_picked":["Crescendo","PathToVictory"],"picked":"CutThroughFate+1","floor":19},{"not_picked":["Wallop","EmptyBody"],"picked":"ThirdEye+1","floor":20},{"not_picked":["FlurryOfBlows","SandsOfTime"],"picked":"ThirdEye+1","floor":22},{"not_picked":["Ragnarok","WreathOfFlame+1","Consecrate"],"picked":"SKIP","floor":23},{"not_picked":["FlurryOfBlows","EmptyMind"],"picked":"Weave+1","floor":25}],"player_experience":1533179,"relics_obtained":[{"floor":7,"key":"Pantograph"},{"floor":9,"key":"MealTicket"},{"floor":10,"key":"Oddly Smooth Stone"},{"floor":12,"key":"Regal Pillow"},{"floor":23,"key":"Centennial Puzzle"},{"floor":26,"key":"Pear"}],"event_choices":[{"damage_healed":0,"gold_gain":0,"player_choice":"Box","damage_taken":0,"relics_obtained":["Meat on the Bone"],"max_hp_gain":0,"max_hp_loss":0,"event_name":"Big Fish","floor":2,"gold_loss":0,"cards_obtained":["Regret"]},{"cards_removed":["Regret"],"damage_healed":0,"gold_gain":0,"player_choice":"Forget","damage_taken":0,"max_hp_gain":0,"max_hp_loss":0,"event_name":"Living Wall","floor":4,"gold_loss":0},{"damage_healed":0,"gold_gain":0,"player_choice":"Copied","damage_taken":0,"max_hp_gain":0,"max_hp_loss":0,"event_name":"Duplicator","floor":21,"gold_loss":0,"cards_obtained":["Nirvana"]},{"damage_healed":0,"gold_gain":0,"player_choice":"Obtained Relic","damage_taken":0,"relics_obtained":["Letter Opener"],"max_hp_gain":0,"max_hp_loss":0,"event_name":"Addict","floor":24,"gold_loss":85}],"is_beta":false,"boss_relics":[{"not_picked":["VioletLotus","SlaversCollar"],"picked":"Sozu"}],"items_purged_floors":[],"is_endless":false,"potions_floor_spawned":[8,10,12,18,19],"killed_by":"Gremlin Leader","ascension_level":11}}