{"host":"n3xxj6zz1h9s29d3","time":1608222951,"event":{"mods":["BaseMod","Friendly Minions","Minty Spire (QoL Compilation)","Quick Restart","StSLib","The Animator"],"gold_per_floor":[110,124,199,199,223,223,223],"floor_reached":6,"playtime":235,"items_purged":[],"score":36,"play_id":"17ea2564-71ac-451b-a38b-da3c453ab5d4","local_time":"20201218013551","is_ascension_mode":false,"campfire_choices":[],"circlet_count":0,"master_deck":["animator:Strike_Katanagatari","animator:Defend_Katanagatari","animator:Strike","animator:Strike","animator:Strike","animator:Defend","animator:Defend","animator:Defend","animator:Azekura","animator:Emonzaemon","animator:Konayuki"],"relics":["animator:LivingPicture","animator:TheMissingPiece","NeowsBlessing","NlothsMask"],"acts_visited":["Exordium"],"potions_floor_usage":[],"damage_taken":[{"damage":0,"enemies":"2 Louse","floor":1,"turns":1},{"damage":0,"enemies":"Jaw Worm","floor":2,"turns":2},{"damage":0,"enemies":"Cultist","floor":5,"turns":1},{"damage":3,"enemies":"3 Sentries","floor":6,"turns":3}],"seed_played":"-1134531969434241392","potions_obtained":[{"floor":5,"key":"Weak Potion"}],"is_trial":false,"path_per_floor":["M","M","?","?","M","E"],"character_chosen":"THE_ANIMATOR","items_purchased":[],"campfire_rested":0,"item_purchase_floors":[],"current_hp_per_floor":[66,66,55,55,55,52,52],"gold":223,"neow_bonus":"THREE_ENEMY_KILL","is_daily":false,"chose_seed":false,"campfire_upgraded":0,"win_rate":0.0,"timestamp":1608222951,"path_taken":["M","M","?","?","M","E"],"items_purchased_type":[],"build_version":"2020-12-13","purchased_purges":0,"victory":false,"max_hp_per_floor":[66,66,66,66,66,66,66],"card_choices":[{"not_picked":["animator:Shuna","animator:KyokoSakura","animator:OrikoMikuni"],"picked":"SKIP","floor":1},{"not_picked":["animator:MumenRider","animator:GazelDwargon","animator:Azekura"],"picked":"SKIP","floor":2},{"not_picked":["animator:GazelDwargon","animator:DwarfShaman"],"picked":"animator:Konayuki","floor":5}],"player_experience":159313,"relics_obtained":[],"event_choices":[{"damage_healed":0,"gold_gain":75,"player_choice":"Gather Gold","damage_taken":11,"max_hp_gain":0,"max_hp_loss":0,"event_name":"World of Goop","floor":3,"gold_loss":0},{"damage_healed":0,"gold_gain":0,"player_choice":"Trade","damage_taken":0,"relics_obtained":["NlothsMask"],"max_hp_gain":0,"max_hp_loss":0,"event_name":"FaceTrader","floor":4,"gold_loss":0}],"is_beta":false,"boss_relics":[],"items_purged_floors":[],"is_endless":false,"potions_floor_spawned":[5],"killed_by":"3 Sentries","ascension_level":0}}