{"host":"qrt7o4dq2qslzw13","time":1608215209,"event":{"mods":["AchievementEnabler","BaseMod","Colored Map","Colored Powertips","Minty Spire (QoL Compilation)","Quick Restart","Rare Cards Sparkle","StSLib","SuperFastMode"],"gold_per_floor":[113,113,93,107,10,10,37,37,64,78,78,95,95,1,1,1,1],"floor_reached":16,"playtime":236,"items_purged":[],"score":196,"play_id":"ca512f99-7cf4-4767-8291-3f16e75e8596","local_time":"20201217092649","is_ascension_mode":true,"campfire_choices":[{"data":"Armaments","floor":6.0,"key":"SMITH"},{"floor":8.0,"key":"REST"},{"floor":15,"key":"REST"}],"circlet_count":0,"master_deck":["AscendersBane","Strike_R","Strike_R","Strike_R","Strike_R","Strike_R","Defend_R","Defend_R","Defend_R","Defend_R","Bash","Pain","Juggernaut+1","Ghostly Armor","Headbutt","Fire Breathing","Armaments+1","Feel No Pain","Bloodletting","Forethought"],"relics":["Burning Blood","Boot","Nunchaku"],"acts_visited":["Exordium"],"potions_floor_usage":[16],"damage_taken":[{"damage":16.0,"enemies":"2 Louse","floor":1.0,"turns":3.0},{"damage":8.0,"enemies":"Cultist","floor":4.0,"turns":4.0},{"damage":35.0,"enemies":"Lagavulin","floor":7.0,"turns":10.0},{"damage":20,"enemies":"Small Slimes","floor":10,"turns":4},{"damage":17,"enemies":"Looter","floor":12,"turns":4},{"damage":64,"enemies":"The Guardian","floor":16,"turns":10}],"seed_played":"2505918054375075885","potions_obtained":[{"floor":1.0,"key":"Energy Potion"},{"floor":3.0,"key":"Swift Potion"},{"floor":12,"key":"Regen Potion"}],"is_trial":false,"path_per_floor":["M","?","?","M","$","R","E","R","T","M","$","M","?","$","R","B"],"character_chosen":"IRONCLAD","items_purchased":["Fire Breathing","Armaments","Forethought"],"campfire_rested":2,"item_purchase_floors":[5,5,14],"current_hp_per_floor":[58,58,58,56,56,56,27,49,49,35,35,24,24,24,46,0,0],"gold":1,"neow_bonus":"THREE_RARE_CARDS","is_daily":false,"chose_seed":false,"campfire_upgraded":1,"win_rate":0.0,"timestamp":1608215209,"path_taken":["M","?","?","M","$","R","E","R","T","M","$","?","?","$","R","BOSS"],"items_purchased_type":["Card","Card","Card"],"build_version":"2020-12-13","purchased_purges":0,"victory":false,"max_hp_per_floor":[75,75,75,75,75,75,75,75,75,75,75,75,75,75,75,75,75],"card_choices":[{"not_picked":["Brutality","Offering"],"picked":"Juggernaut","floor":0.0},{"not_picked":["Havoc","Twin Strike"],"picked":"Ghostly Armor","floor":1.0},{"not_picked":["Sword Boomerang","Pummel"],"picked":"Headbutt","floor":4.0},{"not_picked":["Thunderclap","Cleave"],"picked":"Feel No Pain","floor":7.0},{"not_picked":["Hemokinesis","Flex"],"picked":"Bloodletting","floor":10},{"not_picked":["Armaments","Wild Strike","Pommel Strike"],"picked":"SKIP","floor":12}],"player_experience":459896,"relics_obtained":[{"floor":7.0,"key":"Boot"},{"floor":9.0,"key":"Nunchaku"}],"event_choices":[{"damage_healed":0.0,"max_hp_gain":0.0,"max_hp_loss":0.0,"gold_gain":0.0,"event_name":"Living Wall","player_choice":"Grow","floor":2.0,"gold_loss":0.0,"damage_taken":0.0,"cards_upgraded":["Juggernaut"]},{"damage_healed":0.0,"max_hp_gain":0.0,"max_hp_loss":0.0,"gold_gain":0.0,"event_name":"The Woman in Blue","player_choice":"Bought 1 Potion","floor":3.0,"gold_loss":0.0,"damage_taken":0.0},{"damage_healed":0,"gold_gain":0,"player_choice":"Searched \u00270\u0027 times","damage_taken":0,"max_hp_gain":0,"max_hp_loss":0,"event_name":"Dead Adventurer","floor":13,"gold_loss":0}],"is_beta":false,"boss_relics":[],"items_purged_floors":[],"is_endless":false,"potions_floor_spawned":[1,4,12],"killed_by":"The Guardian","ascension_level":20}}