{"host":"tsmyusoyd9msvbjb","time":1608225963,"event":{"mods":["2.2 Compatiblity","Astrologer","BaseMod","BetterRewards","DeckTracker","Downfall","Friendly Minions","Koishi","Lobotomy","LobotomyExtend","Minty Spire (QoL Compilation)","Replay The Spire","StSLib","The Administrix","The Alterego","The Animator","The Bug Knight","The Cursed","The Fake Hero","The Mystic","The Poker Player","The Servant 0.9.4","The Wild Card","Trackpad","Yohane!"],"gold_per_floor":[111,128,128,151,169,169,203,203,203,203,216,141,161,202,202,202,202],"floor_reached":16,"playtime":1078,"items_purged":["TheCursedMod:Defend_TheCursed"],"score":162,"play_id":"abf37a6c-52ef-4746-afa7-7a42315e2228","local_time":"20201217112603","is_ascension_mode":false,"campfire_choices":[{"data":"TheCursedMod:AntiAging","floor":6,"key":"SMITH"},{"data":"TheCursedMod:CleanUpWorkshop","floor":8,"key":"SMITH"},{"data":"TheCursedMod:CursedWand","floor":10,"key":"SMITH"},{"data":"TheCursedMod:ReleasedKnowledge","floor":15,"key":"SMITH"}],"circlet_count":0,"master_deck":["TheCursedMod:Strike_TheCursed","TheCursedMod:Strike_TheCursed","TheCursedMod:Strike_TheCursed","TheCursedMod:Strike_TheCursed","TheCursedMod:Defend_TheCursed","TheCursedMod:Defend_TheCursed","TheCursedMod:Defend_TheCursed","TheCursedMod:CursedWand+1","TheCursedMod:CleanUpWorkshop+1","TheCursedMod:Dregs","TheCursedMod:AntiAging+1","TheCursedMod:CursedMace","TheCursedMod:TroublousMinions","Injury","TheCursedMod:RapidMovement","TheCursedMod:Wield","TheCursedMod:FuryStrike","TheCursedMod:AshesToAshes","TheCursedMod:ReleasedKnowledge+1"],"relics":["TheCursedMod:BlackMagic101","LetterFromLob","Golden Idol","trackpad:SappingStone","Pantograph","Ginger"],"acts_visited":["Exordium"],"potions_floor_usage":[],"damage_taken":[{"damage":2,"enemies":"Cultist","floor":1,"turns":5},{"damage":1,"enemies":"Jaw Worm","floor":2,"turns":4},{"damage":7,"enemies":"2 Louse","floor":4,"turns":10},{"damage":0,"enemies":"Exordium Wildlife","floor":5,"turns":6},{"damage":0,"enemies":"HollowMod:MossKnight","floor":7,"turns":9},{"damage":10,"enemies":"Blue Slaver","floor":11,"turns":4},{"damage":5,"enemies":"Looter","floor":13,"turns":5},{"damage":7,"enemies":"3 Sentries","floor":14,"turns":8},{"damage":79,"enemies":"Fading Forest","floor":16,"turns":7}],"seed_played":"2411640640383979165","potions_obtained":[{"floor":1,"key":"Weak Potion"},{"floor":5,"key":"Slimebound:ThreeZeroPotion"},{"floor":7,"key":"Swift Potion"},{"floor":11,"key":"Death Potion"}],"is_trial":false,"path_per_floor":["M","M","?","M","M","R","E","R","T","R","M","$","M","E","R","B"],"character_chosen":"THE_CURSED","items_purchased":[],"campfire_rested":0,"item_purchase_floors":[],"current_hp_per_floor":[52,53,53,48,50,50,53,53,53,53,46,46,44,40,40,0,0],"gold":202,"neow_bonus":"THREE_RARE_CARDS","is_daily":false,"chose_seed":false,"campfire_upgraded":4,"win_rate":0.0,"timestamp":1608225963,"path_taken":["M","?","?","M","M","R","E","R","T","R","M","$","M","E","R","BOSS"],"items_purchased_type":[],"build_version":"2020-12-13","purchased_purges":1,"victory":false,"max_hp_per_floor":[75,77,77,79,81,81,84,84,84,84,87,87,90,93,93,96,96],"card_choices":[{"not_picked":["TheCursedMod:ParallelWorld","TheCursedMod:CursedRelics"],"picked":"TheCursedMod:AntiAging","floor":0},{"not_picked":["TheCursedMod:DoubleShield","TheCursedMod:CircleOfFlame"],"picked":"TheCursedMod:CursedMace","floor":1},{"not_picked":["TheCursedMod:RapidMovement","TheCursedMod:SmokeScreen"],"picked":"TheCursedMod:TroublousMinions","floor":2},{"not_picked":["TheCursedMod:Hemoplague","TheCursedMod:FleshFromBone"],"picked":"TheCursedMod:RapidMovement","floor":4},{"not_picked":["TheCursedMod:TacticalStrike","TheCursedMod:CircleOfFlame"],"picked":"TheCursedMod:Wield","floor":5},{"not_picked":["TheCursedMod:BloodBarrier","TheCursedMod:SurpriseAttack"],"picked":"TheCursedMod:FuryStrike","floor":7},{"not_picked":["TheCursedMod:CircleOfCorruption","TheCursedMod:SmokeScreen"],"picked":"TheCursedMod:AshesToAshes","floor":11},{"not_picked":["TheCursedMod:SpreadPlague","TheCursedMod:CircleOfCorruption","TheCursedMod:CircleOfWindfury"],"picked":"SKIP","floor":13},{"not_picked":["TheCursedMod:RapidMovement","TheCursedMod:StingEye"],"picked":"TheCursedMod:ReleasedKnowledge","floor":14}],"player_experience":404006,"relics_obtained":[{"floor":1,"key":"LetterFromLob"},{"floor":7,"key":"trackpad:SappingStone"},{"floor":9,"key":"Pantograph"},{"floor":14,"key":"Ginger"}],"event_choices":[{"damage_healed":0,"gold_gain":0,"player_choice":"Take Wound","damage_taken":0,"relics_obtained":["Golden Idol"],"max_hp_gain":0,"max_hp_loss":0,"event_name":"Golden Idol","floor":3,"gold_loss":0,"cards_obtained":["Injury"]}],"is_beta":false,"boss_relics":[],"items_purged_floors":[12],"is_endless":false,"potions_floor_spawned":[1,5,7,11],"killed_by":"Fading Forest","ascension_level":0}}