{"host":"1c52r9kaxdyo25eq","time":1608228271,"event":{"mods":["AchievementEnabler","BaseMod","Minty Spire (QoL Compilation)","Rare Cards Sparkle","SuperFastMode","everything is the same but u backflip on backflip"],"gold_per_floor":[362,375,161,174,190,190,207,224,224,224,238,238,265,16,16,121,121,121,46,46,46,46,46],"floor_reached":22,"playtime":664,"items_purged":["Strike_R","Strike_R"],"score":238,"play_id":"236fa1ce-329a-4d53-8937-23d8c49df6f3","local_time":"20201218030431","is_ascension_mode":true,"campfire_choices":[{"data":"Dropkick","floor":6,"key":"SMITH"},{"floor":10,"key":"REST"},{"data":"Dark Embrace","floor":12,"key":"SMITH"},{"data":"Shockwave","floor":15,"key":"SMITH"}],"circlet_count":0,"master_deck":["Strike_R","Strike_R","Strike_R","Defend_R","Defend_R","Defend_R","Defend_R","Bash","Dropkick+1","Sever Soul","Shockwave+1","Dark Embrace+1","Barricade","Power Through+1","Entrench+1"],"relics":["Burning Blood","Question Card","Toy Ornithopter","Lee\u0027s Waffle","Ectoplasm"],"acts_visited":["Exordium","TheCity"],"potions_floor_usage":[20,22],"damage_taken":[{"damage":14.0,"enemies":"Cultist","floor":1.0,"turns":5.0},{"damage":15.0,"enemies":"Small Slimes","floor":2.0,"turns":3.0},{"damage":2.0,"enemies":"2 Louse","floor":4.0,"turns":3.0},{"damage":6,"enemies":"Looter","floor":5,"turns":2},{"damage":14,"enemies":"Blue Slaver","floor":7,"turns":4},{"damage":13,"enemies":"Large Slime","floor":8,"turns":4},{"damage":29,"enemies":"Exordium Thugs","floor":11,"turns":5},{"damage":18,"enemies":"Gremlin Nob","floor":13,"turns":4},{"damage":45,"enemies":"Slime Boss","floor":16,"turns":10},{"damage":27,"enemies":"Shell Parasite","floor":18,"turns":5},{"damage":42,"enemies":"2 Thieves","floor":19,"turns":5},{"damage":43,"enemies":"Shelled Parasite and Fungi","floor":20,"turns":10},{"damage":14,"enemies":"Chosen and Byrds","floor":22,"turns":10}],"seed_played":"-7062724888632645543","potions_obtained":[{"floor":1.0,"key":"SpeedPotion"},{"floor":5,"key":"FairyPotion"},{"floor":13,"key":"Block Potion"},{"floor":18,"key":"Ancient Potion"}],"is_trial":false,"path_per_floor":["M","M","$","M","M","R","M","M","T","R","M","R","E","$","R","B",null,"M","M","M","?","M"],"character_chosen":"IRONCLAD","items_purchased":["Sever Soul","ElixirPotion","Lee\u0027s Waffle"],"campfire_rested":1,"item_purchase_floors":[3,3,14],"current_hp_per_floor":[48,39,39,43,43,43,35,28,28,52,29,29,17,87,87,48,77,56,20,20,20,11,11],"gold":46,"neow_bonus":"TWO_FIFTY_GOLD","is_daily":false,"chose_seed":false,"campfire_upgraded":3,"win_rate":0.0,"timestamp":1608228271,"path_taken":["M","?","$","M","M","R","M","M","T","R","M","R","E","$","R","BOSS","M","M","?","?","M"],"items_purchased_type":["Card","Potion","Relic"],"build_version":"2020-12-13","purchased_purges":2,"victory":false,"max_hp_per_floor":[80,80,80,80,80,80,80,80,80,80,80,80,80,87,87,87,87,87,87,87,87,87,87],"card_choices":[{"not_picked":["Perfected Strike","Anger"],"picked":"Dropkick","floor":1.0},{"not_picked":["Iron Wave","Sentinel","Clash"],"picked":"SKIP","floor":2.0},{"not_picked":["Cleave","Infernal Blade","Reckless Charge"],"picked":"SKIP","floor":4.0},{"not_picked":["Havoc","Anger","Limit Break"],"picked":"SKIP","floor":5},{"not_picked":["Warcry","Anger"],"picked":"Shockwave","floor":7},{"not_picked":["Reckless Charge","Warcry","Carnage"],"picked":"SKIP","floor":8},{"not_picked":["Perfected Strike","Clash","Thunderclap"],"picked":"Dark Embrace","floor":11},{"not_picked":["Twin Strike","True Grit","Armaments","Second Wind"],"picked":"SKIP","floor":13},{"not_picked":["Impervious","Juggernaut","Exhume"],"picked":"Barricade","floor":16},{"not_picked":["Warcry","Clash","Searing Blow","Pummel"],"picked":"SKIP","floor":18},{"not_picked":["Clash","Hemokinesis","Cleave+1"],"picked":"Power Through+1","floor":19},{"not_picked":["Armaments","Flex","Spot Weakness"],"picked":"Entrench+1","floor":20}],"player_experience":493635,"relics_obtained":[{"floor":9,"key":"Question Card"},{"floor":13,"key":"Toy Ornithopter"}],"event_choices":[{"damage_healed":0,"gold_gain":99,"player_choice":"Stole From Cult","damage_taken":0,"max_hp_gain":0,"max_hp_loss":0,"event_name":"Nest","floor":21,"gold_loss":0}],"is_beta":false,"boss_relics":[{"not_picked":["Tiny House","Fusion Hammer"],"picked":"Ectoplasm"}],"items_purged_floors":[3,14],"is_endless":false,"potions_floor_spawned":[1,5,7,13,18],"killed_by":"Chosen and Byrds","ascension_level":5}}