{"host":"8o45mh5p3pp1o2mi","time":1608248275,"event":{"mods":["BaseMod","Downfall","Minty Spire (QoL Compilation)","Replay The Spire","StSLib"],"gold_per_floor":[99,131,131,160,160,186,186,36,186,186,186,186,200,15,28,128,128,128,128,128,128],"floor_reached":20,"playtime":1105,"items_purged":["Slimebound:Icky"],"score":234,"play_id":"aaaefc52-b402-45c6-9dbd-435a088008df","local_time":"20201217233755","is_ascension_mode":false,"campfire_choices":[{"floor":1,"key":"RECALL"},{"data":"sneckomod:Unknown3Cost","floor":3,"key":"SMITH"},{"data":"sneckomod:UnknownClassHEXA_GHOST_PURPLE","floor":8,"key":"SMITH"},{"floor":10,"key":"REST"}],"circlet_count":0,"master_deck":["sneckomod:Defend","sneckomod:Defend","sneckomod:Defend","sneckomod:TailWhip","sneckomod:SnekBite","sneckomod:Unknown","sneckomod:Unknown","sneckomod:Unknown3Cost+1","sneckomod:Nope","sneckomod:UnknownClassHEXA_GHOST_PURPLE+1","sneckomod:DiceBlock","ReplayTheSpireMod:Splinters","sneckomod:WideSting","sneckomod:UnknownExhaust","Replay:BasicMightCard","sneckomod:Unknown1Cost","Burst","Slimebound:Tackle+1","Slimebound:Tackle+1","Slimebound:Tackle+1"],"relics":["sneckomod:SneckoSoul","downfall:HeartsMalice","Pen Nib","Juzu Bracelet","Replay:Baseball","downfall:HeartBlessingRed","downfall:HeartBlessingBlue","m_SnakeBloodCore","ChewingGum"],"acts_visited":["Exordium","TheCity"],"potions_floor_usage":[16],"damage_taken":[{"damage":0,"enemies":"3 Sentries","floor":2,"turns":1},{"damage":0,"enemies":"Lagavulin","floor":4,"turns":1},{"damage":0,"enemies":"Cultist","floor":5,"turns":1},{"damage":67,"enemies":"Gremlin Nob","floor":6,"turns":6},{"damage":8,"enemies":"Jaw Worm","floor":13,"turns":2},{"damage":6,"enemies":"downfall:FleeingMerchant","floor":14,"turns":4},{"damage":0,"enemies":"2 Louse","floor":15,"turns":1},{"damage":30,"enemies":"downfall:Ironclad","floor":16,"turns":9},{"damage":105,"enemies":"Slavers","floor":20,"turns":5}],"seed_played":"8108025115923929526","potions_obtained":[{"floor":2,"key":"Ancient Potion"},{"floor":6,"key":"SkillPotion"},{"floor":11,"key":"downfall:CursedFountainPotion"},{"floor":15,"key":"CultistPotion"},{"floor":16,"key":"LiquidBronze"}],"is_trial":false,"path_per_floor":["R","E","R","E","M","E","T","R","?","R","?","?","M","$","M","B",null,"R","?","E"],"character_chosen":"THE_SNECKO","items_purchased":["Replay:BasicMightCard"],"campfire_rested":1,"item_purchase_floors":[14],"current_hp_per_floor":[90,91,91,91,92,25,25,35,35,65,65,65,60,58,62,35,104,104,104,0,0],"gold":128,"neow_bonus":"THREE_ENEMY_KILL","is_daily":false,"chose_seed":false,"campfire_upgraded":2,"win_rate":0.0,"timestamp":1608248275,"path_taken":["R","E","R","E","M","E","T","R","?","R","?","?","M","$","M","BOSS","R","?","E"],"items_purchased_type":["Card"],"build_version":"2020-12-13","purchased_purges":1,"victory":false,"max_hp_per_floor":[90,91,91,91,92,92,92,102,102,102,102,102,102,103,104,104,104,104,104,104,104],"card_choices":[{"not_picked":["sneckomod:ImprovisedGuard","sneckomod:UnknownWeak"],"picked":"sneckomod:Unknown3Cost","floor":2},{"not_picked":["sneckomod:DefensiveFlair","sneckomod:SlitherStrike"],"picked":"sneckomod:Nope","floor":4},{"not_picked":["sneckomod:UnknownClassGREEN","sneckomod:Unknown2Cost"],"picked":"sneckomod:UnknownClassHEXA_GHOST_PURPLE","floor":5},{"not_picked":["sneckomod:UnknownWeak","sneckomod:UnknownBlock"],"picked":"sneckomod:DiceBlock","floor":6},{"not_picked":["ReplayTheSpireMod:LeadingStrike","sneckomod:Nope"],"picked":"sneckomod:WideSting","floor":13},{"not_picked":["sneckomod:IronFang","sneckomod:UnknownClassTHE_CHAMP_GRAY"],"picked":"sneckomod:UnknownExhaust","floor":14},{"not_picked":["sneckomod:SnakeSap","ReplayTheSpireMod:GoodbyeWorld"],"picked":"sneckomod:Unknown1Cost","floor":15},{"not_picked":["sneckomod:SerpentMind","sneckomod:UnknownRareSkill"],"picked":"Burst","floor":16}],"player_experience":22884,"relics_obtained":[{"floor":2,"key":"Pen Nib"},{"floor":4,"key":"Juzu Bracelet"},{"floor":6,"key":"Replay:Baseball"}],"event_choices":[{"damage_healed":0,"gold_gain":0,"player_choice":"Ignored","damage_taken":0,"max_hp_gain":0,"max_hp_loss":0,"event_name":"Ghosts","floor":19,"gold_loss":0}],"is_beta":false,"boss_relics":[{"not_picked":["Kintsugi","Replay:Ancient Bell"],"picked":"ChewingGum"}],"items_purged_floors":[14],"is_endless":false,"potions_floor_spawned":[2,6,15,16],"killed_by":"Slavers","ascension_level":0}}