{"host":"d1za9dvx43o9v494","time":1608238393,"event":{"mods":["2.2 Compatiblity","BaseMod","Better-Laid Plans","Colored Map","Downfall","Emptier Cage","Minty Spire (QoL Compilation)","Permanent Neow","Robot Space Explorer","StSLib","The Dragon Tamer"],"gold_per_floor":[114,189,189,3,3,3,21,48,48,67,67,0,33,48,48,149,149,168,183,0,0,13,43,43,43,112,112,123,137,137,83,83,178,178,194,194,63,82,82,112,112,127,151,151,151,168,168,182,182,182,182,182,52,80,80],"floor_reached":56,"playtime":4077,"items_purged":[],"score":1203,"play_id":"e96ae1f3-d43c-43e4-afeb-692d23132c5d","local_time":"20201217235313","is_ascension_mode":false,"metric_token":723,"campfire_choices":[{"data":"DTMod:SwitchingTactic","floor":6,"key":"SMITH"},{"data":"DTMod:Training","floor":11,"key":"SMITH"},{"data":"DTMod:ComboAttack","floor":15,"key":"SMITH"},{"data":"DTMod:Harmonize","floor":24,"key":"SMITH"},{"data":"DTMod:Astonish","floor":27,"key":"SMITH"},{"data":"DTMod:CalculatedDefense","floor":32,"key":"SMITH"},{"data":"DTMod:CleansingStrike","floor":41,"key":"SMITH"},{"data":"DTMod:RepeatStrike","floor":44,"key":"SMITH"},{"data":"DTMod:TagTeam","floor":47,"key":"SMITH"},{"floor":49,"key":"RECALL"},{"data":"DTMod:LightShield","floor":52,"key":"SMITH"}],"dtmod_dragon_data":[5,58,3,0,14,0],"circlet_count":0,"master_deck":["DTMod:Strike","DTMod:Strike+1","DTMod:Strike","DTMod:DoubleHit","DTMod:TargetDefense+1","DTMod:TargetDefense+1","DTMod:TargetDefense","DTMod:SwitchingTactic+1","DTMod:Threaten+1","DTMod:TagTeam+1","DTMod:StunTrap","DTMod:Training+1","DTMod:ComboAttack+1","DTMod:BlazingStrike","DTMod:RepeatStrike+1","DTMod:Harmonize+1","DTMod:CleansingStrike+1","DTMod:CalculatedDefense+1","DTMod:ComboAttack","DTMod:ShadowImage+1","DTMod:InvisibleFlame+1","DTMod:ComboAttack","DTMod:CrossStep+1","DTMod:LightShield+1","DTMod:InvisibleFlame+1","DTMod:ComboAttack","DTMod:Cover"],"relics":["DTMod:PactStone","DTMod:BasicTextbook","InkBottle","champ:DeflectingBracers","Bottled Lightning","Philosopher\u0027s Stone","Mummified Hand","Frozen Egg 2","Coffee Dripper","Regal Pillow","Happy Flower","DTMod:DragonFood","War Paint"],"acts_visited":["Exordium","TheCity","TheBeyond","TheEnding"],"potions_floor_usage":[33,50,55],"damage_taken":[{"damage":0.0,"enemies":"Small Slimes","floor":1.0,"turns":4.0},{"damage":1,"enemies":"2 Louse","floor":7,"turns":3},{"damage":0,"enemies":"Gremlin Nob","floor":8,"turns":5},{"damage":0,"enemies":"Cultist","floor":10,"turns":3},{"damage":1,"enemies":"Lagavulin","floor":13,"turns":6},{"damage":0,"enemies":"Red Slaver","floor":14,"turns":4},{"damage":15,"enemies":"The Guardian","floor":16,"turns":12},{"damage":0,"enemies":"Chosen","floor":18,"turns":4},{"damage":0,"enemies":"Shell Parasite","floor":19,"turns":4},{"damage":1,"enemies":"Cultist and Chosen","floor":22,"turns":5},{"damage":15,"enemies":"Book of Stabbing","floor":23,"turns":5},{"damage":0,"enemies":"Snake Plant","floor":28,"turns":4},{"damage":0,"enemies":"Sentry and Sphere","floor":29,"turns":5},{"damage":21,"enemies":"Automaton","floor":33,"turns":8},{"damage":0,"enemies":"3 Shapes","floor":35,"turns":4},{"damage":0,"enemies":"3 Darklings","floor":38,"turns":4},{"damage":15,"enemies":"Reptomancer","floor":40,"turns":5},{"damage":0,"enemies":"4 Shapes","floor":42,"turns":3},{"damage":7,"enemies":"Sphere and 2 Shapes","floor":46,"turns":4},{"damage":0,"enemies":"Maw","floor":48,"turns":5},{"damage":29,"enemies":"Awakened One","floor":50,"turns":11},{"damage":3,"enemies":"Shield and Spear","floor":54,"turns":5},{"damage":38,"enemies":"The Heart","floor":55,"turns":11}],"seed_played":"-7225051808908568315","potions_obtained":[{"floor":1,"key":"Explosive Potion"},{"floor":7,"key":"SneckoOil"},{"floor":8,"key":"Ancient Potion"},{"floor":16,"key":"PowerPotion"},{"floor":35,"key":"ColorlessPotion"},{"floor":46,"key":"Weak Potion"}],"is_trial":false,"path_per_floor":["M","?","?","$","?","R","M","E","T","M","R","$","E","M","R","B",null,"M","M","$","?","M","E","R","?","T","R","M","M","?","$","R","B",null,"M","?","$","M","?","E","R","M","T","R","?","M","R","M","R","B",null,"R","$","E","B",null],"character_chosen":"THE_DT","items_purchased":["DTMod:BasicTextbook","DTMod:TagTeam","champ:DeflectingBracers","DTMod:Harmonize","DTMod:CleansingStrike","DTMod:ComboAttack","DTMod:InvisibleFlame+1","DTMod:ComboAttack","DTMod:InvisibleFlame+1","DTMod:ComboAttack"],"campfire_rested":0,"item_purchase_floors":[4,4,12,20,20,31,37,37,53,53],"current_hp_per_floor":[45,34,25,25,25,25,24,24,24,24,24,24,23,23,23,8,45,45,45,45,45,44,29,29,29,29,29,29,29,29,29,29,8,45,45,45,45,45,45,30,30,30,30,30,30,23,23,23,23,10,45,45,45,42,4],"gold":80,"neow_bonus":"REMOVE_CARD","is_daily":false,"chose_seed":false,"campfire_upgraded":10,"win_rate":0.0,"timestamp":1608238393,"path_taken":["M","?","?","$","?","R","?","E","T","M","R","?","E","M","R","BOSS","M","M","?","?","M","E","R","?","T","R","?","M","?","?","R","BOSS","M","?","$","M","?","E","R","M","T","R","?","M","R","?","R","BOSS","R","$","E","BOSS"],"items_purchased_type":["Relic","Card","Relic","Card","Card","Card","Card","Card","Card","Card"],"build_version":"2020-12-13","purchased_purges":0,"victory":true,"max_hp_per_floor":[45,45,45,45,45,45,45,45,45,45,45,45,45,45,45,45,45,45,45,45,45,45,45,45,45,45,45,45,45,45,45,45,45,45,45,45,45,45,45,45,45,45,45,45,45,45,45,45,45,45,45,45,45,45,45],"card_choices":[{"not_picked":["DTMod:Overwhelm","DTMod:Hide"],"picked":"DTMod:Threaten","floor":1},{"not_picked":["DTMod:Overwhelm","DTMod:Cover"],"picked":"DTMod:Training","floor":7},{"not_picked":["DTMod:BreakAttack","DTMod:Training"],"picked":"DTMod:ComboAttack","floor":8},{"not_picked":["DTMod:CrossStep","DTMod:CleansingStrike"],"picked":"DTMod:BlazingStrike","floor":10},{"not_picked":["DTMod:SneakAttack","DTMod:Conduct"],"picked":"DTMod:Astonish","floor":13},{"not_picked":["DTMod:DarkBreath","DTMod:BurningForce","DTMod:Punisher"],"picked":"SKIP","floor":14},{"not_picked":["DTMod:ExcessFootwork","DTMod:Inferno"],"picked":"DTMod:RepeatStrike","floor":16},{"not_picked":["DTMod:Weaken","DTMod:BlazingStrike+1","DTMod:Coolant+1"],"picked":"SKIP","floor":18},{"not_picked":["DTMod:RunningTactic+1","DTMod:HeatWave+1","DTMod:Dissolve"],"picked":"SKIP","floor":19},{"not_picked":["DTMod:Threaten","DTMod:WarmUp"],"picked":"DTMod:CalculatedDefense","floor":22},{"not_picked":["DTMod:Observe","DTMod:MasterPlan","DTMod:MagicField"],"picked":"SKIP","floor":23},{"not_picked":["DTMod:Training","DTMod:Cover","DTMod:CleansingStrike"],"picked":"SKIP","floor":28},{"not_picked":["DTMod:Feint","DTMod:Inferno","DTMod:QuickFly"],"picked":"SKIP","floor":29},{"not_picked":["DTMod:Multitask+1","DTMod:LightShield"],"picked":"DTMod:ShadowImage+1","floor":33},{"not_picked":["DTMod:SneakAttack","DTMod:QuickFly+1","DTMod:CleansingStrike+1"],"picked":"SKIP","floor":35},{"not_picked":["DTMod:Feint+1","DTMod:DeepFocus+1","DTMod:BlazingStrike+1"],"picked":"SKIP","floor":38},{"not_picked":["DTMod:Training","DTMod:TauntingStrike+1","DTMod:RecklessFlurry"],"picked":"SKIP","floor":40},{"not_picked":["DTMod:Adaptation+1","DTMod:Dissolve+1","DTMod:RunningTactic+1"],"picked":"SKIP","floor":42},{"not_picked":["DTMod:BurningEnergy","DTMod:LastStand+1"],"picked":"DTMod:CrossStep+1","floor":46},{"not_picked":["DTMod:Shift+1","DTMod:BreakAttack"],"picked":"DTMod:LightShield","floor":48},{"not_picked":["DTMod:FlameSlash+1","DTMod:Shift+1"],"picked":"DTMod:Cover","floor":54}],"player_experience":602046,"relics_obtained":[{"floor":8,"key":"InkBottle"},{"floor":13,"key":"Bottled Lightning"},{"floor":23,"key":"Molten Egg 2"},{"floor":26,"key":"Frozen Egg 2"},{"floor":40,"key":"Regal Pillow"},{"floor":43,"key":"Happy Flower"},{"floor":54,"key":"War Paint"}],"event_choices":[{"damage_healed":0,"gold_gain":75,"player_choice":"Gather Gold","damage_taken":11,"max_hp_gain":0,"max_hp_loss":0,"event_name":"World of Goop","floor":2,"gold_loss":0},{"damage_healed":0,"gold_gain":0,"player_choice":"Entered Light","damage_taken":9,"max_hp_gain":0,"max_hp_loss":0,"event_name":"Shining Light","floor":3,"gold_loss":0,"cards_upgraded":["DTMod:Threaten","DTMod:Strike"]},{"damage_healed":0,"gold_gain":0,"cards_transformed":["DTMod:TargetDefense"],"player_choice":"Transformed","damage_taken":0,"max_hp_gain":0,"max_hp_loss":0,"event_name":"Transmorgrifier","floor":5,"gold_loss":0,"cards_obtained":["DTMod:StunTrap"]},{"damage_healed":0,"gold_gain":0,"player_choice":"Ignored","damage_taken":0,"max_hp_gain":0,"max_hp_loss":0,"event_name":"Vampires","floor":21,"gold_loss":0},{"damage_healed":0,"gold_gain":0,"player_choice":"Ignored","damage_taken":0,"max_hp_gain":0,"max_hp_loss":0,"event_name":"NoteForYourself","floor":25,"gold_loss":0},{"damage_healed":0,"gold_gain":0,"player_choice":"Trade","damage_taken":0,"relics_obtained":["NlothsMask"],"max_hp_gain":0,"max_hp_loss":0,"event_name":"FaceTrader","floor":30,"gold_loss":0},{"damage_healed":0,"gold_gain":0,"player_choice":"Ignored","damage_taken":0,"max_hp_gain":0,"max_hp_loss":0,"event_name":"Tomb of Lord Red Mask","floor":36,"gold_loss":0},{"cards_removed":["DTMod:Astonish"],"damage_healed":0,"gold_gain":0,"player_choice":"Removed Attack","damage_taken":0,"max_hp_gain":0,"max_hp_loss":0,"event_name":"Falling","floor":39,"gold_loss":0},{"damage_healed":0,"gold_gain":0,"player_choice":"Gave Potion","damage_taken":0,"relics_obtained":["DTMod:DragonFood"],"max_hp_gain":0,"max_hp_loss":0,"event_name":"WeMeetAgain","floor":45,"gold_loss":0}],"is_beta":false,"boss_relics":[{"not_picked":["Tiny House","Fusion Hammer"],"picked":"Philosopher\u0027s Stone"},{"not_picked":["SacredBark","Calling Bell"],"picked":"Coffee Dripper"}],"items_purged_floors":[],"is_endless":false,"potions_floor_spawned":[1,7,8,16,18,22,28,29,35,46],"ascension_level":0}}