{"host":"xpedwhml4to70g3q","time":1608211584,"event":{"mods":["Act Like it!","BaseMod","Curses Come First","Hallownest","Minty Spire (QoL Compilation)","Spicy Shops","StSLib","The Bug Knight"],"gold_per_floor":[115,115,125,139,161,207,250,262,298,339,379,416,428,440,452,560,572,597,609,638,560,261,261,295,295,363,363,391,421,455,485,485,583,583,593,609,609,270,26,56,56,84,137,171,171,202,236,262,262,364,364,379,396,144,67,67,92,92,127,206,236,236,267,267,297,297,392,392,702,717,459,487,503,533,533,560,593,609,309,324,354,394,394,492,492,502,527,527,315,67,99,113,113,143,80,93,124,141,167,167,263,263,263],"floor_reached":102,"playtime":4222,"items_purged":["HollowMod:SlysStrikes+1","HollowMod:SlysStrikes+1","HollowMod:DashSlash+1"],"score":3730,"play_id":"cca22524-0af3-4c47-b537-8a584a0e8266","local_time":"20201217212624","daily_mods":["SealedDeck","Vintage","Heirloom","Time Dilation","Flight","Elite Swarm"],"is_ascension_mode":false,"campfire_choices":[{"data":"1","floor":8,"key":"LIFT"},{"data":"2","floor":13,"key":"LIFT"},{"floor":15,"key":"REST"},{"data":"3","floor":23,"key":"LIFT"},{"data":"HollowMod:VengefulVoid","floor":25,"key":"SMITH"},{"data":"HollowMod:VoidDash","floor":27,"key":"SMITH"},{"data":"HollowMod:ShadowDash","floor":32,"key":"SMITH"},{"data":"HollowMod:HuntersJournal","floor":41,"key":"SMITH"},{"data":"HollowMod:ShadowDash","floor":49,"key":"SMITH"},{"data":"HollowMod:CloakDash","floor":58,"key":"SMITH"},{"data":"HollowMod:CloakDash","floor":62,"key":"SMITH"},{"data":"HollowMod:CloakDash","floor":64,"key":"SMITH"},{"data":"HollowMod:ShadowDash","floor":66,"key":"SMITH"},{"data":"HollowMod:NewLittleFool","floor":75,"key":"SMITH"},{"floor":83,"key":"REST"},{"floor":93,"key":"REST"},{"floor":100,"key":"REST"}],"circlet_count":0,"master_deck":["HollowMod:CloakDash+1","HollowMod:HuntersJournal+1","HollowMod:NewLittleFool+1","HollowMod:CloakDash+1","HollowMod:VengefulVoid+1","HollowMod:DescendingDark+1","HollowMod:ShadowDash+1","HollowMod:VengefulVoid+1","HollowMod:VoidDash+1","HollowMod:ShadowDash+1","HollowMod:HuntersJournal+1","HollowMod:CloakDash+1","HollowMod:ShadowDash+1","HollowMod:SoulMaster+1","HollowMod:LordofShades+1","HollowMod:SoulMaster+1","HollowMod:HuntersJournal+1","HollowMod:SiblingsShadow+1","HollowMod:CloakDash+1","HollowMod:VengefulVoid+1","HollowMod:SoulMaster+1","HollowMod:SoulMaster+1","HollowMod:NewLastStag+1","HollowMod:SoulMaster+1","HollowMod:DescendingDark+1","HollowMod:HuntersJournal+1","HollowMod:LordofShades+1"],"relics":["HollowMod:VesselMask","Calipers","Art of War","PreservedInsect","MawBank","Regal Pillow","Vajra","Girya","Bronze Scales","HollowMod:MillibellesNoteRelic","The Courier","Pen Nib","SlaversCollar","HollowMod:MantisClawRelic","Nilry\u0027s Codex","Pocketwatch","Frozen Egg 2","Strange Spoon","Blue Candle","Singing Bowl","Question Card","Bag of Marbles","Shuriken","War Paint","Black Star","Happy Flower","Unceasing Top","HollowMod:LumaflyLanternRelic","Membership Card","Toxic Egg 2","Tiny Chest","HollowMod:LifeEnderRelic","Gambling Chip","InkBottle","Nunchaku","Lantern","Lizard Tail","Mummified Hand","Ornamental Fan","Eternal Feather","Whetstone","FossilizedHelix","Bottled Tornado","Philosopher\u0027s Stone","Molten Egg 2","Omamori","Potion Belt","Strawberry","CaptainsWheel","Hallownest:DreamNailRelic","Bottled Flame","SacredBark","Old Coin","HollowMod:PaleOreRelic","Ancient Tea Set","Chemical X","Anchor","Akabeko","StrikeDummy","Bird Faced Urn","Pear","Bottled Lightning","Empty Cage","Sundial","Mango","Orrery","Medical Kit","Prayer Wheel","DollysMirror","Runic Dome"],"acts_visited":["Exordium","TheCity","TheBeyond","TheBeyond","Hallownest:Greenpath","Hallownest:CityofTears","Hallownest:KingdomsEdge"],"potions_floor_usage":[4,7,7,16,16,16,16,35,40,40,40],"damage_taken":[{"damage":0,"enemies":"2 Louse","floor":1,"turns":1},{"damage":0,"enemies":"Cultist","floor":3,"turns":1},{"damage":0,"enemies":"Small Slimes","floor":4,"turns":1},{"damage":0,"enemies":"Gremlin Gang","floor":5,"turns":1},{"damage":14,"enemies":"3 Sentries","floor":6,"turns":5},{"damage":24,"enemies":"Lagavulin","floor":7,"turns":5},{"damage":5,"enemies":"3 Sentries","floor":10,"turns":2},{"damage":0,"enemies":"Gremlin Nob","floor":11,"turns":3},{"damage":11,"enemies":"3 Sentries","floor":12,"turns":3},{"damage":0,"enemies":"Hexaghost","floor":16,"turns":7},{"damage":7,"enemies":"Shell Parasite","floor":18,"turns":5},{"damage":5,"enemies":"Spheric Guardian","floor":20,"turns":4},{"damage":0,"enemies":"Slavers","floor":24,"turns":1},{"damage":0,"enemies":"Gremlin Leader","floor":28,"turns":1},{"damage":0,"enemies":"HollowMod:Nosk","floor":29,"turns":2},{"damage":0,"enemies":"Slavers","floor":30,"turns":2},{"damage":0,"enemies":"Gremlin Leader","floor":31,"turns":2},{"damage":0,"enemies":"Champ","floor":33,"turns":4},{"damage":0,"enemies":"3 Shapes","floor":35,"turns":1},{"damage":0,"enemies":"Orb Walker","floor":36,"turns":1},{"damage":13,"enemies":"Nemesis","floor":40,"turns":3},{"damage":0,"enemies":"Reptomancer","floor":42,"turns":2},{"damage":0,"enemies":"HollowMod:StalkingDevout","floor":44,"turns":2},{"damage":0,"enemies":"Nemesis","floor":46,"turns":1},{"damage":0,"enemies":"HollowMod:StalkingDevout","floor":47,"turns":1},{"damage":0,"enemies":"Reptomancer","floor":48,"turns":1},{"damage":0,"enemies":"Awakened One","floor":50,"turns":3},{"damage":0,"enemies":"2_ Uuma","floor":52,"turns":1},{"damage":0,"enemies":"Hallownest:monsterHuskGuard","floor":53,"turns":1},{"damage":0,"enemies":"Hallownest:eliteVengeflyKing","floor":57,"turns":1},{"damage":0,"enemies":"Hallownest:eliteMossKnight","floor":59,"turns":1},{"damage":0,"enemies":"Hallownest:eliteCrystalGuardian","floor":61,"turns":2},{"damage":0,"enemies":"Hallownest:eliteVengeflyKing","floor":63,"turns":1},{"damage":0,"enemies":"Hallownest:eliteMossKnight","floor":65,"turns":1},{"damage":0,"enemies":"Hallownest:BossFalseKnight","floor":67,"turns":2},{"damage":0,"enemies":"Hallownest:3_Youths","floor":69,"turns":1},{"damage":0,"enemies":"Hallownest:2_Mistakes","floor":70,"turns":1},{"damage":0,"enemies":"Hallownest:eliteSoulWarrior","floor":72,"turns":1},{"damage":0,"enemies":"Hallownest:Warrior_and_Youth","floor":73,"turns":1},{"damage":0,"enemies":"Hallownest:Nosk","floor":74,"turns":1},{"damage":0,"enemies":"Hallownest:eliteWatcherKnight","floor":76,"turns":6},{"damage":0,"enemies":"Hallownest:eliteSoulWarrior","floor":77,"turns":1},{"damage":0,"enemies":"Hallownest:2_Husk_Sentries","floor":78,"turns":1},{"damage":0,"enemies":"Hallownest:2_Flukemon","floor":80,"turns":2},{"damage":0,"enemies":"Hallownest:eliteWatcherKnight","floor":81,"turns":5},{"damage":0,"enemies":"Hallownest:Glutton_and_Coward","floor":82,"turns":1},{"damage":0,"enemies":"Hallownest:BossGrimm","floor":84,"turns":1},{"damage":0,"enemies":"Hallownest:3_Siblings","floor":86,"turns":1},{"damage":0,"enemies":"Hallownest:StalkingDevout","floor":87,"turns":1},{"damage":0,"enemies":"Hallownest:eliteHiveKnight","floor":91,"turns":1},{"damage":0,"enemies":"Hallownest:Shield_Heavy","floor":92,"turns":1},{"damage":0,"enemies":"Hallownest:eliteCollector","floor":94,"turns":1},{"damage":0,"enemies":"Hallownest:Xero_Hu_Marmu","floor":96,"turns":1},{"damage":0,"enemies":"Hallownest:eliteHiveKnight","floor":97,"turns":1},{"damage":0,"enemies":"Hallownest:monsterPrimalAspid","floor":98,"turns":1},{"damage":0,"enemies":"Hallownest:StalkingDevout","floor":99,"turns":1},{"damage":0,"enemies":"Hallownest:BossHollowKnight","floor":101,"turns":1}],"seed_played":"5802005862225634230","potions_obtained":[{"floor":2,"key":"EntropicBrew"},{"floor":2,"key":"Regen Potion"},{"floor":2,"key":"Explosive Potion"},{"floor":4,"key":"Dexterity Potion"},{"floor":11,"key":"Weak Potion"},{"floor":18,"key":"EntropicBrew"},{"floor":20,"key":"SteroidPotion"},{"floor":29,"key":"Energy Potion"},{"floor":35,"key":"Fruit Juice"},{"floor":40,"key":"PowerPotion"},{"floor":48,"key":"DuplicationPotion"},{"floor":59,"key":"PowerPotion"},{"floor":65,"key":"BlessingOfTheForge"},{"floor":86,"key":"Swift Potion"},{"floor":87,"key":"DistilledChaos"}],"is_trial":true,"path_per_floor":["M","?","M","M","M","E","E","R","T","E","E","E","R","?","R","B",null,"M","?","M","?","$","R","E","R","T","R","E","E","E","E","R","B",null,"M","M","?","$","$","E","R","E","T","E","?","E","E","E","R","B",null,"M","M","$","$","?","E","R","E","T","E","R","E","R","E","R","B",null,"M","M","$","E","M","E","R","E","E","M","?","M","E","M","R","B",null,"M","E","?","$","$","E","M","R","E","$","M","E","M","E","R","B",null],"character_chosen":"THE_BUGKNIGHT","items_purchased":["Frozen Egg 2","Strange Spoon","HollowMod:CloakDash","HollowMod:ShadowDash","HollowMod:HuntersJournal","HollowMod:LumaflyLanternRelic","HollowMod:CloakDash","HollowMod:ShadowDash","Membership Card","Toxic Egg 2","Potion Belt","HollowMod:HuntersJournal+1","Strawberry","CaptainsWheel","HollowMod:SiblingsShadow+1","HollowMod:CloakDash+1","HollowMod:SiblingsShadow+1","Ancient Tea Set","Chemical X","Anchor","Akabeko","HollowMod:VengefulVoid+1","Mango","Orrery","DistilledChaos","Medical Kit","Prayer Wheel","DollysMirror"],"campfire_rested":4,"item_purchase_floors":[22,22,38,38,38,38,39,39,39,39,54,54,54,54,54,54,55,71,71,71,71,71,89,89,89,90,90,90],"current_hp_per_floor":[75,75,75,75,75,61,37,37,37,32,32,21,21,14,51,51,75,68,52,47,47,47,47,47,47,47,47,49,49,51,51,51,51,79,84,84,84,84,84,71,71,73,73,75,75,77,77,79,88,88,92,92,92,99,99,99,101,101,103,103,105,105,107,107,109,109,111,111,111,111,111,111,111,113,113,113,115,115,115,125,125,125,125,127,127,127,129,124,146,146,148,148,148,150,150,150,152,152,154,154,154,154,154],"gold":263,"neow_bonus":"","is_daily":false,"chose_seed":false,"campfire_upgraded":10,"win_rate":0.0,"timestamp":1608211584,"path_taken":["M","?","M","M","?","E","E","R","T","E","E","E","R","?","R","BOSS","M","?","M","?","$","R","E","R","T","R","E","E","E","E","R","BOSS","M","?","?","$","$","E","R","E","T","E","?","E","E","E","R","BOSS","M","M","$","$","?","E","R","E","T","E","R","E","R","E","R","BOSS","M","M","?","?","M","E","R","E","E","?","?","?","E","M","R","BOSS","M","?","?","$","$","E","?","R","E","$","?","?","M","E","R","BOSS"],"items_purchased_type":["Relic","Relic","Card","Card","Card","Relic","Card","Card","Relic","Relic","Relic","Card","Relic","Relic","Card","Card","Card","Relic","Relic","Relic","Relic","Card","Relic","Relic","Potion","Relic","Relic","Relic"],"build_version":"2020-12-13","purchased_purges":3,"victory":false,"max_hp_per_floor":[75,75,75,75,75,75,75,75,75,75,75,75,75,75,75,75,75,75,75,75,75,75,75,75,75,75,75,77,77,79,79,79,79,79,84,84,84,84,84,84,84,86,86,88,88,90,90,92,92,92,92,92,92,99,99,99,101,101,103,103,105,105,107,107,109,109,111,111,111,111,111,111,111,113,113,113,115,115,115,125,125,125,125,127,127,127,129,124,146,146,148,148,148,150,150,150,152,152,154,154,154,154,154],"card_choices":[{"not_picked":["HollowMod:Hiveblood","HollowMod:ZotesMagnificence","HollowMod:theNailsmith"],"picked":"SKIP","floor":6},{"not_picked":["HollowMod:NewInfectedGuardian","HollowMod:SoulMaster","HollowMod:ZotesMagnificence"],"picked":"SKIP","floor":7},{"not_picked":["HollowMod:PureVessel","HollowMod:AwokenDreamNail"],"picked":"HollowMod:VoidDash","floor":10},{"not_picked":["HollowMod:LifebloodCore","HollowMod:PureVessel","HollowMod:HornetsHelp"],"picked":"SKIP","floor":11},{"not_picked":["HollowMod:AwokenDreamNail","HollowMod:NewInfectedGuardian","HollowMod:Weaversong"],"picked":"SKIP","floor":12},{"not_picked":["HollowMod:Weaversong","HollowMod:ElderbugsWisdom"],"picked":"HollowMod:VoidDash","floor":16},{"not_picked":["HollowMod:NewInfectedGuardian","HollowMod:ElderbugsWisdom+1","HollowMod:MidwifesHunger"],"picked":"SKIP","floor":24},{"not_picked":["HollowMod:ElderbugsWisdom+1","HollowMod:SoulMaster+1","HollowMod:MidwifesHunger"],"picked":"Singing Bowl","floor":28},{"not_picked":["HollowMod:PureVessel+1","HollowMod:AwokenDreamNail","HollowMod:HornetsHelp"],"picked":"HollowMod:LordofShades+1","floor":29},{"not_picked":["HollowMod:NewInfectedGuardian","HollowMod:theNailsmith","HollowMod:Hiveblood","HollowMod:AwokenDreamNail"],"picked":"Singing Bowl","floor":30},{"not_picked":["HollowMod:Hiveblood","HollowMod:Weaversong+1","HollowMod:HornetsHelp"],"picked":"HollowMod:SlysStrikes+1","floor":31},{"not_picked":["HollowMod:MidwifesHunger","HollowMod:LordofShades+1","HollowMod:Weaversong+1"],"picked":"HollowMod:SlysStrikes+1","floor":33},{"not_picked":["HollowMod:AwokenDreamNail","HollowMod:MidwifesHunger","HollowMod:HornetsHelp"],"picked":"HollowMod:SoulMaster+1","floor":40},{"not_picked":["HollowMod:SlysStrikes+1","HollowMod:HornetsHelp","HollowMod:Hiveblood+1","HollowMod:theNailsmith+1"],"picked":"Singing Bowl","floor":42},{"not_picked":["HollowMod:ElderbugsWisdom+1","HollowMod:PureVessel+1","HollowMod:ZotesMagnificence","HollowMod:theNailsmith+1"],"picked":"Singing Bowl","floor":44},{"not_picked":["HollowMod:ZotesMagnificence","HollowMod:HornetsHelp","HollowMod:ElderbugsWisdom+1","HollowMod:NewInfectedGuardian+1"],"picked":"Singing Bowl","floor":46},{"not_picked":["HollowMod:HornetsHelp","HollowMod:NewInfectedGuardian+1","HollowMod:ZotesMagnificence"],"picked":"HollowMod:LordofShades+1","floor":47},{"not_picked":["HollowMod:Hiveblood+1","HollowMod:AwokenDreamNail","HollowMod:VoidDash+1","HollowMod:theNailsmith+1"],"picked":"Singing Bowl","floor":48},{"not_picked":["HollowMod:LordofShades+1","HollowMod:AwokenDreamNail","HollowMod:PureVessel+1"],"picked":"HollowMod:SoulMaster+1","floor":50},{"not_picked":["HollowMod:SlysStrikes+1","HollowMod:VoidDash+1","HollowMod:MidwifesHunger+1","HollowMod:PureVessel+1"],"picked":"Singing Bowl","floor":57},{"not_picked":["HollowMod:PureVessel+1","HollowMod:LifebloodCore+1","HollowMod:ZotesMagnificence+1","HollowMod:ElderbugsWisdom+1"],"picked":"Singing Bowl","floor":59},{"not_picked":["HollowMod:LordofShades+1","HollowMod:Weaversong+1","HollowMod:SoulMaster+1","HollowMod:ElderbugsWisdom+1"],"picked":"Singing Bowl","floor":61},{"not_picked":["HollowMod:HornetsHelp+1","HollowMod:LifebloodCore+1","HollowMod:SlysStrikes+1","HollowMod:PureVessel+1"],"picked":"Singing Bowl","floor":63},{"not_picked":["HollowMod:MidwifesHunger+1","HollowMod:Weaversong+1","HollowMod:AwokenDreamNail+1","HollowMod:ZotesMagnificence+1"],"picked":"Singing Bowl","floor":65},{"not_picked":["HollowMod:MidwifesHunger+1","HollowMod:Weaversong+1","HollowMod:theNailsmith+1","HollowMod:ElderbugsWisdom+1"],"picked":"Singing Bowl","floor":67},{"not_picked":["HollowMod:SlysStrikes+1","HollowMod:AwokenDreamNail+1","HollowMod:MidwifesHunger+1"],"picked":"HollowMod:SoulMaster+1","floor":72},{"not_picked":["HollowMod:LifebloodCore+1","HollowMod:theNailsmith+1","HollowMod:SlysStrikes+1","HollowMod:LordofShades+1"],"picked":"Singing Bowl","floor":74},{"not_picked":["HollowMod:AwokenDreamNail+1","HollowMod:MidwifesHunger+1","HollowMod:PureVessel+1"],"picked":"HollowMod:SoulMaster+1","floor":76},{"not_picked":["HollowMod:LifebloodCore+1","HollowMod:LordofShades+1","HollowMod:theNailsmith+1","HollowMod:Weaversong+1"],"picked":"Singing Bowl","floor":77},{"not_picked":["HollowMod:PureVessel+1","HollowMod:LifebloodCore+1","HollowMod:VoidDash+1"],"picked":"HollowMod:SoulMaster+1","floor":81},{"not_picked":["HollowMod:NewInfectedGuardian+1","HollowMod:ElderbugsWisdom+1","HollowMod:Weaversong+1","HollowMod:SlysStrikes+1"],"picked":"Singing Bowl","floor":84},{"not_picked":["HollowMod:Weaversong+1","HollowMod:Hiveblood+1","HollowMod:HornetsHelp+1","HollowMod:LordofShades+1"],"picked":"Singing Bowl","floor":87},{"not_picked":["HollowMod:TaintedHusks+1","HollowMod:FastStrike+1","HollowMod:HowlingWraiths+1","HollowMod:CycloneSlash+1"],"picked":"Singing Bowl","floor":89},{"not_picked":["HollowMod:BrokenVessel+1","HollowMod:CornifersMapStart+1","HollowMod:VengefulSpirit+1","HollowMod:SoulSplash+1"],"picked":"Singing Bowl","floor":89},{"not_picked":["HollowMod:PureNailStrike+1","HollowMod:SiblingsSouls+1","HollowMod:FallenFury+1"],"picked":"HollowMod:DescendingDark+1","floor":89},{"not_picked":["HollowMod:SoulSplash+1","HollowMod:InfectedCysts+1","HollowMod:LifebloodCocoon+1","HollowMod:PureVessel+1"],"picked":"Singing Bowl","floor":89},{"not_picked":["HollowMod:HeavyBlow+1","HollowMod:BaldurShell+1","HollowMod:LifebloodCocoon+1","HollowMod:Weaversong+1"],"picked":"Singing Bowl","floor":89},{"not_picked":["HollowMod:NewInfectedGuardian+1","HollowMod:theNailsmith+1","HollowMod:VoidDash+1","HollowMod:AwokenDreamNail+1"],"picked":"Singing Bowl","floor":91},{"not_picked":["HollowMod:LifebloodCore+1","HollowMod:HornetsHelp+1","HollowMod:Weaversong+1","HollowMod:LordofShades+1"],"picked":"Singing Bowl","floor":94},{"not_picked":["HollowMod:SoulMaster+1","HollowMod:NewInfectedGuardian+1","HollowMod:ElderbugsWisdom+1","HollowMod:Hiveblood+1"],"picked":"Singing Bowl","floor":97},{"not_picked":["HollowMod:MidwifesHunger+1","HollowMod:Weaversong+1","HollowMod:Hiveblood+1","HollowMod:PureVessel+1"],"picked":"Singing Bowl","floor":99},{"not_picked":["HollowMod:AwokenDreamNail+1","HollowMod:PureVessel+1","HollowMod:NewInfectedGuardian+1"],"picked":"HollowMod:LordofShades+1","floor":101}],"player_experience":100779,"relics_obtained":[{"floor":1,"key":"Art of War"},{"floor":3,"key":"PreservedInsect"},{"floor":4,"key":"MawBank"},{"floor":5,"key":"Regal Pillow"},{"floor":6,"key":"Vajra"},{"floor":7,"key":"Girya"},{"floor":9,"key":"Bronze Scales"},{"floor":10,"key":"HollowMod:MillibellesNoteRelic"},{"floor":11,"key":"The Courier"},{"floor":12,"key":"Pen Nib"},{"floor":18,"key":"HollowMod:MantisClawRelic"},{"floor":19,"key":"Nilry\u0027s Codex"},{"floor":20,"key":"Pocketwatch"},{"floor":24,"key":"Blue Candle"},{"floor":26,"key":"Singing Bowl"},{"floor":28,"key":"Question Card"},{"floor":29,"key":"Bag of Marbles"},{"floor":30,"key":"Shuriken"},{"floor":31,"key":"War Paint"},{"floor":35,"key":"Happy Flower"},{"floor":36,"key":"Unceasing Top"},{"floor":40,"key":"Tiny Chest"},{"floor":40,"key":"HollowMod:LifeEnderRelic"},{"floor":42,"key":"Gambling Chip"},{"floor":42,"key":"InkBottle"},{"floor":43,"key":"Nunchaku"},{"floor":44,"key":"Lantern"},{"floor":44,"key":"Lizard Tail"},{"floor":46,"key":"Mummified Hand"},{"floor":46,"key":"Ornamental Fan"},{"floor":47,"key":"Eternal Feather"},{"floor":47,"key":"Whetstone"},{"floor":48,"key":"FossilizedHelix"},{"floor":48,"key":"Bottled Tornado"},{"floor":52,"key":"Molten Egg 2"},{"floor":53,"key":"Omamori"},{"floor":60,"key":"Bottled Flame"},{"floor":69,"key":"Old Coin"},{"floor":70,"key":"HollowMod:PaleOreRelic"},{"floor":73,"key":"StrikeDummy"},{"floor":78,"key":"Bird Faced Urn"},{"floor":80,"key":"Pear"},{"floor":82,"key":"Bottled Lightning"},{"floor":86,"key":"Sundial"}],"event_choices":[{"damage_healed":0,"gold_gain":0,"player_choice":"Got Potions","damage_taken":0,"max_hp_gain":0,"max_hp_loss":0,"event_name":"Lab","floor":2,"gold_loss":0},{"cards_removed":["HollowMod:SharpenedShadows"],"damage_healed":0,"gold_gain":0,"player_choice":"Card Removal","damage_taken":7,"max_hp_gain":0,"max_hp_loss":0,"event_name":"Golden Wing","floor":14,"gold_loss":0},{"damage_healed":0,"gold_gain":0,"player_choice":"Obtained Book","damage_taken":16,"max_hp_gain":0,"max_hp_loss":0,"event_name":"Cursed Tome","floor":19,"gold_loss":0},{"cards_removed":["HollowMod:VoidDash"],"damage_healed":0,"gold_gain":0,"player_choice":"Upgrade and Remove","damage_taken":0,"max_hp_gain":0,"max_hp_loss":0,"event_name":"Designer","floor":21,"gold_loss":90,"cards_upgraded":["HollowMod:VengefulVoid"]},{"cards_removed":["HollowMod:LordofShades"],"damage_healed":0,"gold_gain":0,"player_choice":"Removed Power","damage_taken":0,"max_hp_gain":0,"max_hp_loss":0,"event_name":"Falling","floor":37,"gold_loss":0},{"damage_healed":0,"gold_gain":0,"player_choice":"Ignored","damage_taken":0,"max_hp_gain":0,"max_hp_loss":0,"event_name":"SecretPortal","floor":45,"gold_loss":0}],"is_beta":false,"boss_relics":[{"not_picked":["Tiny House","Cursed Key"],"picked":"SlaversCollar"},{"not_picked":["Fusion Hammer","Astrolabe"],"picked":"Black Star"},{"not_picked":["Runic Pyramid","Calling Bell"],"picked":"Philosopher\u0027s Stone"},{"not_picked":["Snecko Eye","Coffee Dripper"],"picked":"SacredBark"},{"not_picked":["Sozu","Busted Crown"],"picked":"Empty Cage"},{"not_picked":["Velvet Choker","HollowMod:KingsSoulRelic"],"picked":"Runic Dome"}],"items_purged_floors":[54,55,95],"is_endless":true,"potions_floor_spawned":[3,4,6,11,18,20,29,30,35,40,42,48,52,53,59,65,69,70,76,77,78,80,84,86,87,91,92,101],"ascension_level":0}}