{"host":"3rixevx6n8b56xaj","time":1608217122,"event":{"mods":["2.2 Compatiblity","AchievementEnabler","BaseMod","Better Third Choice","Colored Map","DeckTracker","Friendly Minions","Minty Spire (QoL Compilation)","StSLib","SuperFastMode"],"gold_per_floor":[119,69,69,79,95,124,134,134,134,148,163,163,178,63,63,165,165,209,250,300,26,70,70,100,100],"floor_reached":24,"playtime":794,"items_purged":["Strike_P","Defend_P"],"score":200,"play_id":"85b5bea6-c1c8-4ff0-8b77-3dc2bf07161d","local_time":"20201217235842","is_ascension_mode":false,"campfire_choices":[{"data":"Adaptation","floor":8,"key":"SMITH"},{"data":"1","floor":12,"key":"LIFT"},{"data":"2","floor":15,"key":"LIFT"},{"floor":23,"key":"REST"}],"circlet_count":0,"master_deck":["Strike_P","Strike_P","Defend_P","Defend_P","Eruption+1","Vigilance","FlurryOfBlows","Adaptation+1","FollowUp","Evaluate","CrushJoints","MentalFortress","Wish","Prostrate+1","TalkToTheHand","Halt","Apotheosis"],"relics":["PureWater","Gambling Chip","Girya","Philosopher\u0027s Stone","Red Mask"],"acts_visited":["Exordium","TheCity"],"potions_floor_usage":[20,20],"damage_taken":[{"damage":4,"enemies":"Jaw Worm","floor":1,"turns":4},{"damage":0,"enemies":"Small Slimes","floor":4,"turns":2},{"damage":0,"enemies":"Cultist","floor":5,"turns":2},{"damage":8,"enemies":"Gremlin Nob","floor":6,"turns":3},{"damage":4,"enemies":"Blue Slaver","floor":7,"turns":2},{"damage":0,"enemies":"2 Fungi Beasts","floor":10,"turns":2},{"damage":0,"enemies":"Exordium Wildlife","floor":11,"turns":2},{"damage":0,"enemies":"Looter","floor":13,"turns":2},{"damage":9,"enemies":"Slime Boss","floor":16,"turns":6},{"damage":20,"enemies":"3 Byrds","floor":18,"turns":4},{"damage":7,"enemies":"Shell Parasite","floor":19,"turns":3},{"damage":21,"enemies":"Masked Bandits","floor":20,"turns":4},{"damage":18,"enemies":"Snecko","floor":22,"turns":4},{"damage":31,"enemies":"Slavers","floor":24,"turns":3}],"seed_played":"2254637051660321209","potions_obtained":[{"floor":5,"key":"CultistPotion"},{"floor":7,"key":"FearPotion"},{"floor":10,"key":"GamblersBrew"},{"floor":16,"key":"Swift Potion"},{"floor":20,"key":"LiquidBronze"}],"is_trial":false,"path_per_floor":["M","?","?","M","M","E","M","R","T","M","M","R","M","$","R","B",null,"M","M","?","$","M","R","E"],"character_chosen":"WATCHER","items_purchased":["MentalFortress","Apotheosis"],"campfire_rested":1,"item_purchase_floors":[14,21],"current_hp_per_floor":[68,68,68,68,68,60,56,56,56,56,56,56,56,56,56,47,72,52,45,24,24,6,27,0,0],"gold":100,"neow_bonus":"UPGRADE_CARD","is_daily":false,"chose_seed":false,"campfire_upgraded":1,"win_rate":0.0,"timestamp":1608217122,"path_taken":["M","?","?","M","M","E","M","R","T","M","M","R","M","$","R","BOSS","M","M","?","$","M","R","E"],"items_purchased_type":["Card","Card"],"build_version":"2020-12-13","purchased_purges":2,"victory":false,"max_hp_per_floor":[72,72,72,72,72,72,72,72,72,72,72,72,72,72,72,72,72,72,72,72,72,72,72,72,72],"card_choices":[{"not_picked":["Conclude","Vengeance"],"picked":"FlurryOfBlows","floor":1},{"not_picked":["Halt","ForeignInfluence"],"picked":"Adaptation","floor":4},{"not_picked":["Protect","Halt"],"picked":"FollowUp","floor":5},{"not_picked":["MasterReality","JustLucky","Protect"],"picked":"SKIP","floor":6},{"not_picked":["Vengeance","JustLucky","FlyingSleeves"],"picked":"SKIP","floor":7},{"not_picked":["SandsOfTime","BowlingBash"],"picked":"Evaluate","floor":10},{"not_picked":["SashWhip","Halt"],"picked":"CrushJoints","floor":11},{"not_picked":["PathToVictory","CutThroughFate","ConjureBlade"],"picked":"SKIP","floor":13},{"not_picked":["DeusExMachina","MasterReality"],"picked":"Wish","floor":16},{"not_picked":["PathToVictory","Crescendo"],"picked":"Prostrate+1","floor":18},{"not_picked":["Crescendo","FlurryOfBlows"],"picked":"TalkToTheHand","floor":19},{"not_picked":["FlyingSleeves","CutThroughFate+1"],"picked":"Halt","floor":20},{"not_picked":["FlurryOfBlows","Prostrate","Worship"],"picked":"SKIP","floor":22}],"player_experience":531902,"relics_obtained":[{"floor":6,"key":"Gambling Chip"},{"floor":9,"key":"Girya"},{"floor":20,"key":"Red Mask"}],"event_choices":[{"cards_removed":["Defend_P"],"damage_healed":0,"gold_gain":0,"player_choice":"Card Removal","damage_taken":0,"max_hp_gain":0,"max_hp_loss":0,"event_name":"The Cleric","floor":2,"gold_loss":50},{"cards_removed":["Strike_P"],"damage_healed":0,"gold_gain":0,"player_choice":"Offered Basic","damage_taken":0,"max_hp_gain":0,"max_hp_loss":0,"event_name":"Bonfire Elementals","floor":3,"gold_loss":0},{"damage_healed":0,"gold_gain":0,"player_choice":"Fought Bandits","damage_taken":0,"max_hp_gain":0,"max_hp_loss":0,"event_name":"Masked Bandits","floor":20,"gold_loss":0}],"is_beta":false,"boss_relics":[{"not_picked":["Snecko Eye","Black Star"],"picked":"Philosopher\u0027s Stone"}],"items_purged_floors":[14,21],"is_endless":false,"potions_floor_spawned":[5,7,10,16,20],"killed_by":"Slavers","ascension_level":0}}