{"host":"k2x36244ucab5lxq","time":1608235336,"event":{"mods":["2.2 Compatiblity","AchievementEnabler","Act Like it!","Aspiration","BaseMod","Beaked The Cultist","Better Altar","Better Match","Better Note","Better Sensory Stone","Better Skull","Better Third Choice","BetterRewards","Block Reminder","CatGirl Mod","Clawfect","Clockwork Mod","Colored Map","Conspire","Downfall","Energized Spire","Gensokyo","GungeonMod","Halation","Hermit","Hubris","Infinite Spire","Jedi Mod","JesterMod","Jorbs\u0027s Wanderer Trilogy","Marisa????????","Marked Mod","Mimic Mod","Minty Spire (QoL Compilation)","Pale of the Ancients","Random Character Button","Rare Cards Sparkle","Relic Sorter","Relic Stats","Replay The Spire","SCP261 Mod","Shop Mod","StSLib","The Administrix","The Alterego","The Blackbeard","The Bladedancer","The Construct","The Cursed","The Disciple","The Judge","The Necromancer","The Problem Sleuth","The Sage","The Servant 0.9.4","The Showman","Transform Curses","Unceasing Turn Reminder","egg","everything is the same but u backflip on backflip","slay the spire mod where everything is the same but ironclad has a cowboy hat","thorton"],"gold_per_floor":[99,134,134,59,84,84,119,29,29,58,73,58,71,71,85,188,188,113,127,127,12,39,57,57,84,9,44,64,75,75,75,90,193,193,193,206,232,232,243,278,278,278,292,325,325,340,265,265,276,276,276,276,276],"floor_reached":52,"playtime":3405,"items_purged":["Looming Evil","champ:BringItOn","WordoMod:Petrified"],"score":1232,"play_id":"4e086a9b-a110-4d0f-80cd-e0c98d802304","local_time":"20201217150216","is_ascension_mode":true,"campfire_choices":[{"floor":1,"key":"RECALL"},{"data":"champ:Taunt","floor":4,"key":"SMITH"},{"data":"champ:Duel","floor":9,"key":"SMITH"},{"data":"champ:AdrenalArmor","floor":18,"key":"SMITH"},{"data":"champ:AdrenalArmor","floor":20,"key":"SMITH"},{"data":"champ:RageSigil","floor":26,"key":"SMITH"},{"data":"champ:AdrenalArmor","floor":26,"key":"SMITH"},{"data":"champ:BladeFlurry","floor":35,"key":"SMITH"},{"data":"champ:AdrenalArmor","floor":35,"key":"SMITH"},{"data":"champ:FocusedBerserking","floor":38,"key":"SMITH"},{"data":"champ:TornadoPunch","floor":38,"key":"SMITH"},{"data":"champ:RisingSlash","floor":42,"key":"SMITH"},{"data":"champ:Execute","floor":42,"key":"SMITH"}],"circlet_count":0,"master_deck":["champ:Strike","champ:Strike","champ:Strike","champ:Strike","champ:Defend","champ:Defend","champ:Defend","champ:Defend","champ:Execute+1","champ:Taunt+1","champ:TornadoPunch+1","champ:Duel+1","champ:ArenaPreparation+1","champ:TornadoPunch","champ:Duel+1","champ:AdrenalArmor+1","champ:AdrenalArmor+1","champ:IgnorePain+1","champ:RageSigil+1","champ:AdrenalArmor+1","jedi:BattleThirst","champ:AdrenalArmor+1","champ:BladeFlurry+1","champ:FaceSlap+1","champ:Lariat+1","champ:EnchantSword+1","champ:FocusedBerserking+1","champ:RisingSlash+1","champ:HeartStrike+1","champ:RisingSlash+1","champ:BladeFlurry+1","champ:AdrenalArmor+1","champ:Encircle+1","champ:BerserkerStyle"],"relics":["champ:ChampionCrown","downfall:HeartsMalice","Golden Egg","Ring of Peace","Ring of Fury","downfall:HeartBlessingRed","halation:TwoAmDonut","DemoMod:SerJunkan","hubris:CrystalStatue","Cursed Key","downfall:HeartBlessingBlue","jedi:shrinkray","Replay:Arrowhead","DemoMod:Junk","downfall:HeartBlessingGreen","Juzu Bracelet","energizedSpire:DeadBattery","Ornamental Fan","Guardian:PocketSentry","halation:LettersToHer"],"acts_visited":["Exordium","TheCity","TheBeyond","TheEnding"],"potions_floor_usage":[8,15,21,27,28,37,39,47,50],"damage_taken":[{"damage":0,"enemies":"conspire:MimicChest","floor":2,"turns":1},{"damage":0,"enemies":"3 Sentries","floor":5,"turns":1},{"damage":0,"enemies":"downfall:FleeingMerchant","floor":6,"turns":1},{"damage":5,"enemies":"2 Louse","floor":7,"turns":9},{"damage":15,"enemies":"downfall:FleeingMerchant","floor":8,"turns":4},{"damage":13,"enemies":"Lagavulin","floor":10,"turns":5},{"damage":0,"enemies":"2 Louse","floor":11,"turns":2},{"damage":38,"enemies":"downfall:FleeingMerchant","floor":12,"turns":4},{"damage":7,"enemies":"Small Slimes","floor":13,"turns":3},{"damage":10,"enemies":"Jaw Worm","floor":15,"turns":4},{"damage":57,"enemies":"downfall:Ironclad","floor":16,"turns":6},{"damage":5,"enemies":"Spheric Guardian","floor":19,"turns":3},{"damage":24,"enemies":"downfall:FleeingMerchant","floor":21,"turns":4},{"damage":32,"enemies":"conspire:Head Lice","floor":22,"turns":10},{"damage":21,"enemies":"conspire:HollyBat","floor":23,"turns":9},{"damage":67,"enemies":"Book of Stabbing","floor":25,"turns":6},{"damage":15,"enemies":"Nightmare","floor":27,"turns":9},{"damage":51,"enemies":"Centurion and Healer","floor":28,"turns":7},{"damage":59,"enemies":"Sentry and Sphere","floor":29,"turns":8},{"damage":61,"enemies":"Shelled Parasite and Fungi","floor":32,"turns":5},{"damage":57,"enemies":"downfall:Watcher","floor":33,"turns":7},{"damage":13,"enemies":"3 Shapes","floor":36,"turns":6},{"damage":57,"enemies":"Reptomancer","floor":37,"turns":7},{"damage":76,"enemies":"3 Darklings","floor":39,"turns":6},{"damage":83,"enemies":"Giant Head","floor":40,"turns":7},{"damage":14,"enemies":"Jaw Worm Horde","floor":43,"turns":3},{"damage":59,"enemies":"beaked:SuperParasite","floor":44,"turns":6},{"damage":2,"enemies":"Spire Growth","floor":46,"turns":4},{"damage":23,"enemies":"downfall:FleeingMerchant","floor":47,"turns":2},{"damage":78,"enemies":"Transient","floor":49,"turns":5},{"damage":89,"enemies":"downfall:Silent","floor":50,"turns":4},{"damage":156,"enemies":"downfall:CharBossMerchant","floor":52,"turns":7}],"seed_played":"-5942951163939183037","potions_obtained":[{"floor":2,"key":"Fire Potion"},{"floor":5,"key":"LiquidBronze"},{"floor":11,"key":"jedi:StrikingPotion"},{"floor":13,"key":"Dexterity Potion"},{"floor":15,"key":"jedi:StrikingPotion"},{"floor":27,"key":"infinitespire:BlackPotion"},{"floor":28,"key":"Adrenaline Potion"},{"floor":29,"key":"champ:OpenerPotion"},{"floor":37,"key":"Fire Potion"},{"floor":44,"key":"Dexterity Potion"},{"floor":48,"key":"downfall:CursedFountainPotion"}],"is_trial":false,"path_per_floor":["R","?","?","R","E","$","MIM","$","R","E","M","$","M","T","M","B",null,"R","M","R","$","E","M","T","E","R","NM","M","M","?","?","M","B",null,"R","M","E","R","M","E","T","R","M","E","?","M","$","?","M","B",null,"E"],"character_chosen":"THE_CHAMP","items_purchased":["halation:LettersToHer","champ:AdrenalArmor","champ:Encircle","FearPotion"],"campfire_rested":0,"item_purchase_floors":[47,47,47,47],"current_hp_per_floor":[90,90,90,90,90,90,90,90,90,88,88,90,90,90,90,90,90,100,100,100,93,99,91,91,80,80,84,86,93,93,104,104,85,110,110,110,110,110,110,110,110,110,110,110,95,97,110,110,115,115,115,0,0],"gold":276,"neow_bonus":"THREE_ENEMY_KILL","is_daily":false,"chose_seed":false,"campfire_upgraded":12,"win_rate":0.0,"timestamp":1608235336,"path_taken":["R","?","?","R","E","?","MIM","$","R","E","M","$","?","?","M","BOSS","R","?","R","?","E","M","T","E","R","NM","M","M","?","?","M","BOSS","R","M","E","R","M","E","T","R","M","E","?","M","$","?","M","BOSS","E"],"items_purchased_type":["Relic","Card","Card","Potion"],"build_version":"2020-12-13","purchased_purges":3,"victory":false,"max_hp_per_floor":[90,90,90,90,90,90,90,90,90,90,90,90,90,90,90,90,90,100,100,100,100,105,105,105,105,105,105,105,110,110,110,110,110,110,110,110,110,110,110,110,110,110,110,110,110,110,110,110,115,115,115,115,115],"relic_stats":{"counters":[32,162],"Ornamental Fan":[68],"Juzu Bracelet":2,"Cursed Key":2,"obtain_stats":[{"DemoMod:Junk":25,"Golden Egg":2,"jedi:command_common":45,"hubris:CrystalStatue":14,"downfall:HeartBlessingRed":4,"champ:ChampionCrown":0,"downfall:HeartsMalice":0,"downfall:HeartBlessingGreen":26,"DemoMod:GlassGuonStoneRelic":2,"Juzu Bracelet":30,"Guardian:PocketSentry":45,"Cursed Key":17,"energizedSpire:DeadBattery":34,"Replay:Arrowhead":24,"jedi:shrinkray":22,"downfall:HeartBlessingBlue":18,"Ornamental Fan":41,"Ring of Peace":3,"Ring of Fury":3,"DemoMod:SerJunkan":10,"halation:TwoAmDonut":5,"halation:LettersToHer":47},{"DemoMod:Junk":16,"Golden Egg":1,"jedi:command_common":27,"hubris:CrystalStatue":9,"downfall:HeartBlessingRed":1,"champ:ChampionCrown":0,"downfall:HeartsMalice":0,"downfall:HeartBlessingGreen":16,"DemoMod:GlassGuonStoneRelic":1,"Juzu Bracelet":19,"Guardian:PocketSentry":27,"Cursed Key":11,"energizedSpire:DeadBattery":21,"Replay:Arrowhead":15,"jedi:shrinkray":14,"downfall:HeartBlessingBlue":11,"Ornamental Fan":25,"Ring of Peace":1,"Ring of Fury":1,"DemoMod:SerJunkan":6,"halation:TwoAmDonut":2,"halation:LettersToHer":29},{"DemoMod:Junk":69,"Golden Egg":0,"jedi:command_common":140,"hubris:CrystalStatue":27,"downfall:HeartBlessingRed":0,"champ:ChampionCrown":0,"downfall:HeartsMalice":0,"downfall:HeartBlessingGreen":69,"DemoMod:GlassGuonStoneRelic":0,"Juzu Bracelet":93,"Guardian:PocketSentry":140,"Cursed Key":37,"energizedSpire:DeadBattery":105,"Replay:Arrowhead":63,"jedi:shrinkray":54,"downfall:HeartBlessingBlue":37,"Ornamental Fan":131,"Ring of Peace":0,"Ring of Fury":0,"DemoMod:SerJunkan":18,"halation:TwoAmDonut":0,"halation:LettersToHer":146}]},"card_choices":[{"not_picked":["champ:FanOfKnives","champ:FalseCounter"],"picked":"champ:TornadoPunch","floor":2},{"not_picked":["champ:FocusedDefense","champ:FalseCounter"],"picked":"champ:Duel","floor":5},{"not_picked":["champ:ViciousMockery","champ:BerserkersShout"],"picked":"champ:ArenaPreparation","floor":6},{"not_picked":["champ:Encircle","champ:IgnorePain"],"picked":"champ:TornadoPunch","floor":7},{"not_picked":["champ:GladiatorsShout","champ:BerserkerStyle"],"picked":"champ:Duel","floor":8},{"not_picked":["champ:FanOfKnives","champ:ArenaPreparation","champ:CrookedStrike"],"picked":"SKIP","floor":10},{"not_picked":["champ:IronFortress","champ:ArenaPreparation"],"picked":"champ:AdrenalArmor","floor":11},{"not_picked":["champ:ShieldSigil","champ:BerserkersShout"],"picked":"champ:FightOn","floor":12},{"not_picked":["champ:CrookedStrike","champ:DancingMaster"],"picked":"champ:AdrenalArmor","floor":13},{"not_picked":["champ:FocusedDefense","champ:GladiatorStyle"],"picked":"champ:BringItOn","floor":15},{"not_picked":["champ:ShieldThrow","champ:EnchantShield"],"picked":"champ:IgnorePain","floor":16},{"not_picked":["champ:Backstep","champ:SwordSigil"],"picked":"champ:RageSigil","floor":19},{"not_picked":["champ:DefensiveStyle","champ:BringItOn+1"],"picked":"champ:FightOn","floor":21},{"not_picked":["champ:Haymaker","champ:SkillfulDodge","champ:RageSigil"],"picked":"SKIP","floor":22},{"not_picked":["champ:SwordSigil+1","champ:FanOfKnives+1"],"picked":"champ:AdrenalArmor","floor":23},{"not_picked":["champ:ShieldWall","champ:TornadoPunch","champ:ShieldSigil"],"picked":"SKIP","floor":25},{"not_picked":["champ:Backstep","champ:ShieldThrow"],"picked":"champ:AdrenalArmor","floor":27},{"not_picked":["champ:Circumvent","champ:FocusedDefense+1"],"picked":"champ:BladeFlurry","floor":28},{"not_picked":["champ:BerserkersShout+1","champ:RecklessLeap"],"picked":"champ:FaceSlap+1","floor":29},{"not_picked":["champ:CrookedStrike+1","champ:FanOfKnives"],"picked":"champ:Lariat+1","floor":32},{"not_picked":["champ:StrikeOfGenius","champ:CrownThrow"],"picked":"champ:EnchantSword","floor":33},{"not_picked":["champ:CrookedStrike+1","champ:TornadoPunch+1","champ:FocusedDefense+1"],"picked":"SKIP","floor":36},{"not_picked":["champ:BringItOn","champ:StanceDance"],"picked":"champ:FocusedBerserking","floor":37},{"not_picked":["champ:GladiatorStyle","champ:DefensiveStyle"],"picked":"champ:RisingSlash","floor":39},{"not_picked":["champ:DefensiveStyle","champ:IronFortress","champ:FightOn"],"picked":"SKIP","floor":40},{"not_picked":["champ:Balance","champ:FocusedBerserking"],"picked":"champ:FightOn","floor":43},{"not_picked":["champ:Encircle+1","champ:EnragedBash"],"picked":"champ:HeartStrike+1","floor":44},{"not_picked":["champ:RapidStrikes+1","champ:FlashCut+1"],"picked":"champ:RisingSlash+1","floor":46},{"not_picked":["champ:FalseCounter+1","champ:GladiatorsShout"],"picked":"champ:BladeFlurry","floor":47},{"not_picked":["champ:PreciseThrust","champ:Haymaker"],"picked":"champ:BerserkerStyle","floor":49}],"player_experience":545166,"relics_obtained":[{"floor":2,"key":"Golden Egg"},{"floor":3,"key":"Ring of Peace"},{"floor":3,"key":"Ring of Fury"},{"floor":5,"key":"halation:TwoAmDonut"},{"floor":10,"key":"DemoMod:SerJunkan"},{"floor":14,"key":"hubris:CrystalStatue"},{"floor":22,"key":"jedi:shrinkray"},{"floor":24,"key":"Replay:Arrowhead"},{"floor":25,"key":"DemoMod:Junk"},{"floor":27,"key":"DemoMod:Junk"},{"floor":30,"key":"Juzu Bracelet"},{"floor":37,"key":"DemoMod:Junk"},{"floor":40,"key":"DemoMod:Junk"},{"floor":41,"key":"Ornamental Fan"},{"floor":44,"key":"DemoMod:Junk"}],"event_choices":[],"is_beta":false,"boss_relics":[{"not_picked":["aspiration:FutureDiary","energizedSpire:SpiderWeb"],"picked":"Cursed Key"},{"not_picked":["Ring of Chaos","hubris:TerracottaHorce"],"picked":"energizedSpire:DeadBattery"}],"items_purged_floors":[8,21,47],"is_endless":false,"potions_floor_spawned":[2,5,11,13,15,19,27,28,29,36,37,44,49],"killed_by":"downfall:CharBossMerchant","ascension_level":3}}