{"host":"sum4dy402bbv9y4o","time":1608233067,"event":{"mods":["Aspiration","BaseMod","Conspire","Highlight Path","Minty Spire (QoL Compilation)","StSLib"],"gold_per_floor":[114,2,20,20,39,74,84,84,84,115,131,131,131,131,131,131,131],"floor_reached":16,"playtime":443,"items_purged":[],"score":220,"play_id":"b2917620-6e33-4df3-8bad-4ab2282c589b","local_time":"20201217222427","is_ascension_mode":true,"campfire_choices":[{"floor":8,"key":"REST"},{"data":"Poisoned Stab","floor":12,"key":"SMITH"},{"data":"Neutralize","floor":15,"key":"SMITH"}],"circlet_count":0,"master_deck":["AscendersBane","Strike_G","Strike_G","Strike_G","Strike_G","Strike_G","Defend_G","Defend_G","Defend_G","Defend_G","Defend_G","Survivor","Neutralize+1","Dagger Spray","Poisoned Stab+1","Bane","Injury","Poisoned Stab+1","Dagger Spray+1","Backflip","Dagger Throw+1","Bane+1"],"relics":["Ring of the Snake","Molten Egg 2","aspiration:ChemicalBlood","Prayer Wheel","WingedGreaves"],"acts_visited":["Exordium"],"potions_floor_usage":[5,6,7,16,16,16],"damage_taken":[{"damage":0,"enemies":"2 Louse","floor":1,"turns":2},{"damage":0,"enemies":"Jaw Worm","floor":3,"turns":3},{"damage":4,"enemies":"Small Slimes","floor":5,"turns":5},{"damage":34,"enemies":"Gremlin Nob","floor":6,"turns":4},{"damage":4,"enemies":"Blue Slaver","floor":7,"turns":3},{"damage":11,"enemies":"3 Sentries","floor":10,"turns":5},{"damage":15,"enemies":"Exordium Thugs","floor":11,"turns":4},{"damage":23,"enemies":"Hexaghost","floor":16,"turns":9}],"seed_played":"-4144468147085480835","potions_obtained":[{"floor":1,"key":"EntropicBrew"},{"floor":10,"key":"GhostInAJar"}],"is_trial":false,"path_per_floor":["M","$","M","?","M","E","M","R","T","E","M","R","?","?","R","B"],"character_chosen":"THE_SILENT","items_purchased":["Poisoned Stab","Bane"],"campfire_rested":1,"item_purchase_floors":[2,2],"current_hp_per_floor":[65,65,65,65,61,27,23,44,44,33,18,18,18,18,18,0,0],"gold":131,"neow_bonus":"TEN_PERCENT_HP_BONUS","is_daily":false,"chose_seed":false,"campfire_upgraded":2,"win_rate":0.0,"timestamp":1608233067,"path_taken":["M","$","M","?","M","E","M","R","T","E","M","R","?","?","R","BOSS"],"items_purchased_type":["Card","Card"],"build_version":"2020-12-13","purchased_purges":0,"victory":false,"max_hp_per_floor":[72,72,72,72,72,72,72,72,72,72,72,72,72,72,72,72,72],"card_choices":[{"not_picked":["Reflex","Deadly Poison"],"picked":"Dagger Spray","floor":1},{"not_picked":["Prepared","Riddle With Holes","Acrobatics"],"picked":"SKIP","floor":3},{"not_picked":["Slice+1","Acrobatics"],"picked":"Poisoned Stab+1","floor":5},{"not_picked":["Unload+1","Acrobatics"],"picked":"Dagger Spray+1","floor":6},{"not_picked":["Riddle With Holes+1","Accuracy"],"picked":"Backflip","floor":7},{"not_picked":["Escape Plan","conspire:DoublingDagger"],"picked":"Dagger Throw+1","floor":10},{"not_picked":["Dodge and Roll","Sucker Punch+1"],"picked":"Bane+1","floor":11},{"not_picked":["Sucker Punch+1","Doppelganger","Slice+1"],"picked":"SKIP","floor":11}],"player_experience":2816468,"relics_obtained":[{"floor":6,"key":"aspiration:ChemicalBlood"},{"floor":9,"key":"Prayer Wheel"},{"floor":10,"key":"WingedGreaves"}],"event_choices":[{"damage_healed":0,"gold_gain":0,"player_choice":"Searched \u00270\u0027 times","damage_taken":0,"max_hp_gain":0,"max_hp_loss":0,"event_name":"Dead Adventurer","floor":13,"gold_loss":0}],"is_beta":false,"boss_relics":[],"items_purged_floors":[],"is_endless":false,"potions_floor_spawned":[1,10,11],"killed_by":"Hexaghost","ascension_level":20}}