{"host":"sav7uxregyirlf69","time":1608181784,"event":{"mods":["AchievementEnabler","BaseMod","Colored Map","DeckTracker","Keyboard Shortcuts","Minty Spire (QoL Compilation)","READ ME - Guardian Mod","StSLib","SuperFastMode"],"gold_per_floor":[118,136,154,79,94,94,94,126,196,215,228,259,259,269,269,346,346,363,278,293,193,211,211,136,156,156,31,56,75,89,89,89],"floor_reached":31,"playtime":502,"items_purged":["Strike_R","Strike_R","Doubt"],"score":642,"play_id":"ad7e89f9-c24a-4e8d-937f-fea0da78b9fd","local_time":"20201217140944","is_ascension_mode":true,"campfire_choices":[{"data":"Fire Breathing","floor":6.0,"key":"SMITH"},{"data":"Pommel Strike","floor":15.0,"key":"SMITH"},{"data":"Dark Embrace","floor":23.0,"key":"SMITH"}],"circlet_count":0,"master_deck":["AscendersBane","Strike_R","Defend_R","Defend_R","Defend_R","Bash","Reckless Charge","Wild Strike+1","Pommel Strike+1","Fire Breathing+1","Second Wind","Reckless Charge","Shrug It Off","Sentinel","Dark Embrace+1","Wild Strike","Intimidate"],"relics":["Burning Blood","Mango","Letter Opener","Oddly Smooth Stone","Cursed Key","Pen Nib","Gremlin Horn","StrikeDummy"],"acts_visited":["Exordium","TheCity"],"potions_floor_usage":[28,28,29],"damage_taken":[{"damage":6.0,"enemies":"Jaw Worm","floor":1.0,"turns":5.0},{"damage":1.0,"enemies":"Cultist","floor":2.0,"turns":3.0},{"damage":0.0,"enemies":"2 Louse","floor":3.0,"turns":2.0},{"damage":7.0,"enemies":"Looter","floor":5.0,"turns":3.0},{"damage":30.0,"enemies":"Lagavulin","floor":8.0,"turns":7.0},{"damage":0.0,"enemies":"Large Slime","floor":10.0,"turns":4.0},{"damage":16.0,"enemies":"Blue Slaver","floor":11.0,"turns":3.0},{"damage":26.0,"enemies":"Gremlin Nob","floor":12.0,"turns":4.0},{"damage":0.0,"enemies":"3 Louse","floor":14.0,"turns":2.0},{"damage":0.0,"enemies":"Slime Boss","floor":16.0,"turns":5.0},{"damage":48.0,"enemies":"Shell Parasite","floor":18.0,"turns":5.0},{"damage":5.0,"enemies":"Chosen","floor":20.0,"turns":4.0},{"damage":9.0,"enemies":"Snecko","floor":22.0,"turns":4.0},{"damage":6.0,"enemies":"3 Cultists","floor":25.0,"turns":3.0},{"damage":11,"enemies":"Gremlin Leader","floor":28,"turns":4},{"damage":6,"enemies":"Centurion and Healer","floor":29,"turns":5},{"damage":9,"enemies":"Chosen and Byrds","floor":30,"turns":4},{"damage":21,"enemies":"Book of Stabbing","floor":31,"turns":3}],"seed_played":"-7059338328060677167","potions_obtained":[{"floor":1.0,"key":"EssenceOfSteel"},{"floor":2.0,"key":"PowerPotion"},{"floor":16.0,"key":"SkillPotion"},{"floor":22.0,"key":"DuplicationPotion"},{"floor":28,"key":"BlessingOfTheForge"}],"is_trial":false,"path_per_floor":["M","M","M","$","M","R","?","E","T","M","M","E","?","M","R","B",null,"M","?","M","$","M","R","?","M","T","$","E","M","M","E"],"character_chosen":"IRONCLAD","items_purchased":[],"campfire_rested":0,"item_purchase_floors":[],"current_hp_per_floor":[68,68,68,68,67,67,67,57,57,63,53,33,33,39,39,45,73,31,31,32,32,29,29,29,29,29,29,24,24,21,0,0],"gold":89,"neow_bonus":"REMOVE_TWO","is_daily":false,"chose_seed":false,"campfire_upgraded":3,"win_rate":0.0,"timestamp":1608181784,"path_taken":["M","M","M","$","M","R","?","E","T","M","?","E","?","M","R","BOSS","M","?","M","$","M","R","?","M","T","$","E","M","M","E"],"items_purchased_type":[],"build_version":"2020-12-13","purchased_purges":3,"victory":false,"max_hp_per_floor":[68,68,68,68,68,68,68,82,82,82,82,82,82,82,82,82,82,82,82,82,82,82,82,82,82,82,82,82,82,82,82,82],"card_choices":[{"not_picked":["Heavy Blade","Clash"],"picked":"Reckless Charge","floor":1.0},{"not_picked":["Perfected Strike","Rampage"],"picked":"Wild Strike","floor":2.0},{"not_picked":["Havoc","Clash"],"picked":"Pommel Strike","floor":3.0},{"not_picked":["Heavy Blade","Perfected Strike"],"picked":"Fire Breathing","floor":5.0},{"not_picked":["Infernal Blade","Armaments","Reaper"],"picked":"SKIP","floor":8.0},{"not_picked":["Searing Blow","Twin Strike"],"picked":"Second Wind","floor":10.0},{"not_picked":["Whirlwind","Carnage","Warcry"],"picked":"SKIP","floor":11.0},{"not_picked":["Thunderclap","Clothesline"],"picked":"Reckless Charge","floor":12.0},{"not_picked":["Havoc","Spot Weakness","Armaments"],"picked":"SKIP","floor":14.0},{"not_picked":["Wild Strike","Anger"],"picked":"Shrug It Off","floor":18.0},{"not_picked":["Searing Blow","Body Slam"],"picked":"Sentinel","floor":20.0},{"not_picked":["Uppercut","Havoc+1"],"picked":"Dark Embrace","floor":22.0},{"not_picked":["Dual Wield","Rampage"],"picked":"Wild Strike","floor":25.0},{"not_picked":["Iron Wave","Entrench","Bludgeon"],"picked":"SKIP","floor":28},{"not_picked":["Sword Boomerang","Havoc","Infernal Blade"],"picked":"SKIP","floor":29},{"not_picked":["Headbutt","Sever Soul"],"picked":"Intimidate","floor":30}],"player_experience":936204,"relics_obtained":[{"floor":8.0,"key":"Mango"},{"floor":9.0,"key":"Letter Opener"},{"floor":12.0,"key":"Oddly Smooth Stone"},{"floor":26.0,"key":"Gremlin Horn"},{"floor":28,"key":"StrikeDummy"}],"event_choices":[{"damage_healed":0.0,"max_hp_gain":0.0,"max_hp_loss":0.0,"gold_gain":0.0,"event_name":"Match and Keep!","player_choice":"0 cards matched","floor":7.0,"gold_loss":0.0,"damage_taken":0.0,"cards_obtained":[]},{"damage_healed":0.0,"max_hp_gain":0.0,"max_hp_loss":0.0,"gold_gain":0.0,"event_name":"Living Wall","player_choice":"Grow","floor":13.0,"gold_loss":0.0,"damage_taken":0.0,"cards_upgraded":["Wild Strike"]},{"damage_healed":0.0,"max_hp_gain":0.0,"max_hp_loss":0.0,"gold_gain":0.0,"event_name":"Addict","player_choice":"Obtained Relic","floor":19.0,"gold_loss":85.0,"damage_taken":0.0,"relics_obtained":["Pen Nib"]},{"cards_removed":["Strike_R"],"damage_healed":0.0,"max_hp_gain":0.0,"max_hp_loss":0.0,"gold_gain":0.0,"event_name":"Beggar","player_choice":"Gave Gold","floor":24.0,"gold_loss":75.0,"damage_taken":0.0}],"is_beta":false,"boss_relics":[{"not_picked":["Runic Pyramid","Astrolabe"],"picked":"Cursed Key"}],"items_purged_floors":[4,21,27],"is_endless":false,"potions_floor_spawned":[1,2,3,16,22,25,28],"killed_by":"Book of Stabbing","ascension_level":20}}