{"host":"k5dhp0bkccqfauyu","time":1608181614,"event":{"mods":["BaseMod","Better Note","Better Skull","Better Vampires","Colored Map","Colored Powertips","DeckTracker","Minty Spire (QoL Compilation)","Permanent Neow","StSLib","SuperFastMode"],"gold_per_floor":[113,129,129,145,162,162,162,187,187,199,215,247,247,260,260,336,336,349,349,349,26,26,26],"floor_reached":22,"playtime":675,"items_purged":["Strike_B"],"score":392,"play_id":"da29d2d7-65ea-4515-83a1-494a06e6b860","local_time":"20201217160654","is_ascension_mode":true,"campfire_choices":[{"data":"Sweeping Beam","floor":6,"key":"SMITH"},{"data":"Storm","floor":13,"key":"SMITH"},{"data":"Consume","floor":15,"key":"SMITH"}],"circlet_count":0,"master_deck":["AscendersBane","Strike_B","Strike_B","Strike_B","Defend_B","Defend_B","Defend_B","Defend_B","Zap","Dualcast","Storm+1","Sweeping Beam+1","Self Repair","Reinforced Body","Rip and Tear","Glacier","Conserve Battery","Gash+1","Consume+1","Fission","Storm","Buffer","Cold Snap+1","Hologram"],"relics":["Cracked Core","Anchor","Unceasing Top","Mummified Hand","Molten Egg 2","Nuclear Battery","Enchiridion"],"acts_visited":["Exordium","TheCity"],"potions_floor_usage":[5,12,14,16],"damage_taken":[{"damage":3,"enemies":"Small Slimes","floor":1,"turns":3},{"damage":7,"enemies":"Cultist","floor":2,"turns":4},{"damage":0,"enemies":"Jaw Worm","floor":4,"turns":2},{"damage":0,"enemies":"Large Slime","floor":5,"turns":5},{"damage":32,"enemies":"Gremlin Nob","floor":8,"turns":4},{"damage":1,"enemies":"Looter","floor":10,"turns":2},{"damage":0,"enemies":"Blue Slaver","floor":11,"turns":4},{"damage":12,"enemies":"Lagavulin","floor":12,"turns":9},{"damage":0,"enemies":"3 Louse","floor":14,"turns":3},{"damage":71,"enemies":"Hexaghost","floor":16,"turns":16},{"damage":21,"enemies":"Shell Parasite","floor":18,"turns":10},{"damage":8,"enemies":"Spheric Guardian","floor":22,"turns":3}],"seed_played":"-1370204738836021391","potions_obtained":[{"floor":2,"key":"BlessingOfTheForge"},{"floor":3,"key":"FairyPotion"},{"floor":8,"key":"GamblersBrew"},{"floor":10,"key":"LiquidMemories"},{"floor":11,"key":"AttackPotion"},{"floor":12,"key":"Explosive Potion"},{"floor":14,"key":"BlessingOfTheForge"}],"is_trial":false,"path_per_floor":["M","M","?","M","M","R","?","E","T","M","M","E","R","M","R","B",null,"M","?","?","$","M"],"character_chosen":"DEFECT","items_purchased":["Buffer","Cold Snap+1","Hologram"],"campfire_rested":0,"item_purchase_floors":[21,21,21],"current_hp_per_floor":[61,54,54,54,64,64,69,44,44,50,57,52,52,59,59,20,62,48,27,5,5,0,0],"gold":26,"neow_bonus":"RANDOM_COMMON_RELIC","is_daily":false,"chose_seed":false,"campfire_upgraded":3,"win_rate":0.0,"timestamp":1608181614,"path_taken":["M","M","?","?","M","R","?","E","T","M","M","E","R","M","R","BOSS","M","?","?","$","M"],"items_purchased_type":["Card","Card","Card"],"build_version":"2020-12-13","purchased_purges":1,"victory":false,"max_hp_per_floor":[71,71,71,71,71,71,76,76,76,76,76,76,76,76,76,76,76,76,76,81,81,81,81],"card_choices":[{"not_picked":["Rebound","Coolheaded"],"picked":"Storm","floor":1},{"not_picked":["Coolheaded","Darkness"],"picked":"Sweeping Beam","floor":2},{"not_picked":["Genetic Algorithm","Barrage"],"picked":"Self Repair","floor":4},{"not_picked":["Conserve Battery","Gash"],"picked":"Reinforced Body","floor":5},{"not_picked":["Scrape","Hyperbeam"],"picked":"Rip and Tear","floor":8},{"not_picked":["Chaos","Redo"],"picked":"Glacier","floor":10},{"not_picked":["Sweeping Beam","Barrage"],"picked":"Conserve Battery","floor":11},{"not_picked":["Stack","Scrape+1"],"picked":"Gash+1","floor":12},{"not_picked":["Chill","Auto Shields"],"picked":"Consume","floor":14},{"not_picked":["Seek","Machine Learning"],"picked":"Fission","floor":16},{"not_picked":["Hologram","Reprogram"],"picked":"Storm","floor":18}],"player_experience":1763431,"relics_obtained":[{"floor":8,"key":"Unceasing Top"},{"floor":9,"key":"Mummified Hand"},{"floor":12,"key":"Molten Egg 2"},{"floor":19,"key":"Enchiridion"}],"event_choices":[{"damage_healed":0,"gold_gain":0,"player_choice":"Got Potions","damage_taken":0,"max_hp_gain":0,"max_hp_loss":0,"event_name":"Lab","floor":3,"gold_loss":0},{"damage_healed":0,"gold_gain":0,"player_choice":"Donut","damage_taken":0,"max_hp_gain":5,"max_hp_loss":0,"event_name":"Big Fish","floor":7,"gold_loss":0},{"damage_healed":0,"gold_gain":0,"player_choice":"Obtained Book","damage_taken":21,"max_hp_gain":0,"max_hp_loss":0,"event_name":"Cursed Tome","floor":19,"gold_loss":0},{"damage_healed":0,"gold_gain":0,"player_choice":"Shed Blood","damage_taken":27,"max_hp_gain":5,"max_hp_loss":0,"event_name":"Forgotten Altar","floor":20,"gold_loss":0}],"is_beta":false,"boss_relics":[{"not_picked":["Fusion Hammer","Coffee Dripper"],"picked":"Nuclear Battery"}],"items_purged_floors":[21],"is_endless":false,"potions_floor_spawned":[2,8,10,11,12,14],"killed_by":"Spheric Guardian","ascension_level":20}}