{"host":"msepye59htvs4aw4","time":1608234830,"event":{"mods":["BaseMod","Colored Map","DeckTracker","Highlight Path","Minty Spire (QoL Compilation)","Shop Mod","StSLib","SuperFastMode"],"gold_per_floor":[109,61,61,73,85,85,97,116,170,185,185,204,222,239,239,314,314,327,5,5,16,16,16],"floor_reached":22,"playtime":1029,"items_purged":[],"score":322,"play_id":"007152aa-e339-4a74-84a6-30a859791b3a","local_time":"20201217205350","is_ascension_mode":true,"campfire_choices":[{"data":"Blur","floor":6,"key":"SMITH"},{"data":"Venomology","floor":11,"key":"SMITH"},{"data":"Bouncing Flask","floor":15,"key":"SMITH"}],"circlet_count":0,"master_deck":["AscendersBane","Strike_G","Strike_G","Strike_G","Strike_G","Strike_G","Defend_G","Defend_G","Defend_G","Defend_G","Defend_G","Survivor","Neutralize+1","PiercingWail","Blur+1","Dodge and Roll","Backflip","Venomology+1","Bouncing Flask+1","Adrenaline","Deadly Poison","PiercingWail","Dagger Spray"],"relics":["Ring of the Serpent","Toy Ornithopter","MerchantsRug","Strawberry"],"acts_visited":["Exordium","TheCity"],"potions_floor_usage":[8,12,13,14,16,16,20,21,22,22],"damage_taken":[{"damage":3,"enemies":"2 Louse","floor":1,"turns":4},{"damage":0,"enemies":"Cultist","floor":4,"turns":4},{"damage":4,"enemies":"Jaw Worm","floor":5,"turns":7},{"damage":0,"enemies":"Blue Slaver","floor":7,"turns":7},{"damage":2,"enemies":"Exordium Wildlife","floor":8,"turns":9},{"damage":0,"enemies":"2 Fungi Beasts","floor":10,"turns":6},{"damage":1,"enemies":"3 Louse","floor":12,"turns":9},{"damage":0,"enemies":"Exordium Thugs","floor":13,"turns":10},{"damage":0,"enemies":"Exordium Wildlife","floor":14,"turns":6},{"damage":13,"enemies":"The Guardian","floor":16,"turns":11},{"damage":44,"enemies":"3 Byrds","floor":18,"turns":9},{"damage":0,"enemies":"Shell Parasite","floor":20,"turns":2},{"damage":23,"enemies":"Chosen and Byrds","floor":21,"turns":9},{"damage":29,"enemies":"Centurion and Healer","floor":22,"turns":8}],"seed_played":"-4771564805689303494","potions_obtained":[{"floor":5,"key":"Regen Potion"},{"floor":8,"key":"EssenceOfSteel"},{"floor":13,"key":"Explosive Potion"}],"is_trial":false,"path_per_floor":["M","$","?","M","M","R","M","M","T","M","R","M","M","M","R","B",null,"M","$","M","M","M"],"character_chosen":"THE_SILENT","items_purchased":["PiercingWail","MerchantsRug","PiercingWail","Strawberry"],"campfire_rested":0,"item_purchase_floors":[2,19,19,19],"current_hp_per_floor":[62,62,62,62,58,58,58,71,71,71,71,72,72,72,72,59,69,25,32,37,19,0,0],"gold":16,"neow_bonus":"TEN_PERCENT_HP_BONUS","is_daily":false,"chose_seed":false,"campfire_upgraded":3,"win_rate":0.0,"timestamp":1608234830,"path_taken":["M","$","?","M","M","R","M","M","T","M","R","M","M","M","R","BOSS","M","?","M","M","M"],"items_purchased_type":["Card","Relic","Card","Relic"],"build_version":"2020-12-13","purchased_purges":0,"victory":false,"max_hp_per_floor":[72,72,72,72,72,72,72,72,72,72,72,72,72,72,72,72,72,72,79,79,79,79,79],"card_choices":[{"not_picked":["Outmaneuver","Blade Dance","Sucker Punch"],"picked":"SKIP","floor":1},{"not_picked":["Deflect","Flying Knee","Quick Slash"],"picked":"SKIP","floor":4},{"not_picked":["Reflex","Caltrops"],"picked":"Blur","floor":5},{"not_picked":["Infinite Blades","Underhanded Strike"],"picked":"Dodge and Roll","floor":7},{"not_picked":["Sucker Punch","Calculated Gamble"],"picked":"Backflip","floor":8},{"not_picked":["Outmaneuver","Backflip"],"picked":"Venomology","floor":10},{"not_picked":["Bane","Flying Knee","Dagger Throw"],"picked":"SKIP","floor":12},{"not_picked":["Sucker Punch","Caltrops","Bane"],"picked":"SKIP","floor":13},{"not_picked":["Flying Knee","Underhanded Strike"],"picked":"Bouncing Flask","floor":14},{"not_picked":["Unload","Corpse Explosion"],"picked":"Adrenaline","floor":16},{"not_picked":["Dagger Spray","Quick Slash"],"picked":"Deadly Poison","floor":18},{"not_picked":["Endless Agony","Blade Dance+1"],"picked":"Dagger Spray","floor":21}],"player_experience":1597205,"relics_obtained":[{"floor":9,"key":"Toy Ornithopter"}],"event_choices":[{"damage_healed":0,"gold_gain":0,"player_choice":"Forge","damage_taken":0,"max_hp_gain":0,"max_hp_loss":0,"event_name":"Accursed Blacksmith","floor":3,"gold_loss":0,"cards_upgraded":["Neutralize"]}],"is_beta":false,"boss_relics":[{"not_picked":["Pandora\u0027s Box","Runic Dome"],"picked":"Ring of the Serpent"}],"items_purged_floors":[],"is_endless":false,"potions_floor_spawned":[5,8,13,20],"killed_by":"Centurion and Healer","ascension_level":15}}