{"host":"o5jvvi5yapo90aia","time":1608181027,"event":{"mods":["BaseMod","CapriCore","Minty Spire (QoL Compilation)","MostiFishMod","Prisma Mod","Spicy Shops","StSLib","TestMod","The Immortal","【东方二次创作】八云紫mod","【人物mod】游戏王New YuGiOh mod","【功能Mod】Neow奖励"],"gold_per_floor":[-1291,-1291,-1291,-1216,-1216,-1190,-1190,-1158,-1133,-1133,-1105,-1093,-1093,-1034,-1034,-958,-958,-937,-917,-917,-897,-878,-840,-825,-786,-759,-722,-697,-658,-658,-658,-658,-577,-577,-558,-543,-543,-543,-543,-507,-488,-455,-429,-429,-429,-409,-409,-369,-369,-364,-359,-359,-359,-359,-318,-318],"floor_reached":57,"playtime":4623,"items_purged":[],"score":3943,"play_id":"757b32f8-4d1f-443a-a704-318ed3c5017e","local_time":"20201217125707","is_ascension_mode":true,"campfire_choices":[{"data":"Strike_R","floor":10.0,"key":"PURGE"},{"data":"Strike_R","floor":13.0,"key":"PURGE"},{"data":"Strike_R","floor":15.0,"key":"PURGE"},{"data":"Strike_R","floor":30.0,"key":"PURGE"},{"data":"Strike_R","floor":32.0,"key":"PURGE"},{"data":"MostiFishMod:FlyOverUtopia","floor":47.0,"key":"SMITH"},{"floor":49.0,"key":"RECALL"},{"data":"Bash+1","floor":53.0,"key":"PURGE"}],"circlet_count":0,"master_deck":["AscendersBane","Defend_R","Defend_R","Defend_R","Defend_R","Dark Embrace+1","Second Wind","Sword Boomerang+1","MostiFishMod:DarkDeal","Shockwave","Power Through","Corruption","MostiFishMod:RacingGame","Pommel Strike+1","Shrug It Off","Barricade","MostiFishMod:FlyOverUtopia+1","Burning Pact","Feel No Pain+1"],"relics":["DaveBox","testmod-TestBox","testmod-Recursion","SynthV:MejaisSoulstealer","testmod-NegativeEmotionEnhancer","Question Card","testmod-OneHitWonder","Prayer Wheel","Paper Frog","Centennial Puzzle","Dream Catcher","ImportantClient","testmod-BatchProcessingSystem","Regal Pillow","Tiny Chest","Ancient Tea Set","SynthV:C4","Mummified Hand","Black Star","Red Mask","Peace Pipe","Lantern","Happy Flower","Omamori","Juzu Bracelet","Frozen Egg 2","Pantograph","Whetstone","Self Forming Clay","Bag of Preparation"],"acts_visited":["Exordium","TheCity","TheBeyond","TheEnding"],"potions_floor_usage":[56,56,56],"damage_taken":[{"damage":0.0,"enemies":"Jaw Worm","floor":1.0,"turns":3.0},{"damage":0.0,"enemies":"Gremlin Nob","floor":6.0,"turns":3.0},{"damage":0.0,"enemies":"3 Sentries","floor":8.0,"turns":4.0},{"damage":0.0,"enemies":"Lagavulin","floor":11.0,"turns":2.0},{"damage":0.0,"enemies":"2 Louse","floor":12.0,"turns":1.0},{"damage":0.0,"enemies":"Lagavulin Event","floor":14.0,"turns":2.0},{"damage":0.0,"enemies":"Slime Boss","floor":16.0,"turns":2.0},{"damage":0.0,"enemies":"Chosen","floor":18.0,"turns":2.0},{"damage":0.0,"enemies":"2 Thieves","floor":19.0,"turns":1.0},{"damage":0.0,"enemies":"Snake Plant","floor":21.0,"turns":1.0},{"damage":0.0,"enemies":"Cultist and Chosen","floor":22.0,"turns":1.0},{"damage":0.0,"enemies":"Gremlin Leader","floor":23.0,"turns":1.0},{"damage":0.0,"enemies":"Snecko","floor":24.0,"turns":1.0},{"damage":0.0,"enemies":"Slavers","floor":25.0,"turns":2.0},{"damage":0.0,"enemies":"Book of Stabbing","floor":27.0,"turns":2.0},{"damage":0.0,"enemies":"3 Cultists","floor":28.0,"turns":2.0},{"damage":0.0,"enemies":"Slavers","floor":29.0,"turns":2.0},{"damage":0.0,"enemies":"Automaton","floor":33.0,"turns":1.0},{"damage":0.0,"enemies":"Orb Walker","floor":35.0,"turns":1.0},{"damage":4.0,"enemies":"3 Shapes","floor":36.0,"turns":1.0},{"damage":4.0,"enemies":"Reptomancer","floor":40.0,"turns":1.0},{"damage":4.0,"enemies":"Jaw Worm Horde","floor":41.0,"turns":1.0},{"damage":4.0,"enemies":"Giant Head","floor":42.0,"turns":1.0},{"damage":4.0,"enemies":"4 Shapes","floor":46.0,"turns":1.0},{"damage":4.0,"enemies":"Nemesis","floor":48.0,"turns":1.0},{"damage":4.0,"enemies":"Awakened One","floor":50.0,"turns":2.0},{"damage":4.0,"enemies":"Donu and Deca","floor":51.0,"turns":1.0},{"damage":4.0,"enemies":"Shield and Spear","floor":55.0,"turns":1.0},{"damage":4,"enemies":"The Heart","floor":56,"turns":5}],"seed_played":"-3448719214496549072","potions_obtained":[{"floor":1.0,"key":"SkillPotion"},{"floor":6.0,"key":"testmod-SpacePotion"},{"floor":12.0,"key":"SteroidPotion"},{"floor":19.0,"key":"Dexterity Potion"}],"is_trial":false,"path_per_floor":["M","?","?","?","$","E","?","E","T","R","E","M","R","?","R","B",null,"M","M","?","M","M","E","M","E","T","E","M","E","R","?","R","B",null,"M","M","$","$","?","E","M","E","T","T","$","M","R","E","R","B","B",null,"R","$","E","B",null],"character_chosen":"IRONCLAD","items_purchased":[],"campfire_rested":0,"item_purchase_floors":[],"current_hp_per_floor":[70,70,59,48,48,51,51,56,56,56,60,65,65,69,69,71,79,81,84,84,85,86,87,88,89,89,90,91,92,92,92,92,93,93,94,94,94,94,94,95,96,95,95,95,95,98,98,97,97,101,100,102,102,102,101,101],"gold":-318,"neow_bonus":"BOSS_RELIC","is_daily":false,"chose_seed":false,"campfire_upgraded":1,"win_rate":0.0,"timestamp":1608181027,"path_taken":["M","?","?","?","$","E","?","E","T","R","E","?","R","?","R","BOSS","M","M","?","M","M","E","?","E","T","E","M","E","R","?","R","BOSS","M","M","?","$","?","E","M","E","T","?","?","M","R","E","R","BOSS","BOSS","R","$","E","BOSS"],"items_purchased_type":[],"build_version":"2020-12-13","purchased_purges":0,"victory":true,"max_hp_per_floor":[76,76,76,76,76,77,77,78,78,78,79,80,80,81,81,82,82,83,84,84,85,86,87,88,89,89,90,91,92,92,92,92,93,93,94,95,95,95,95,96,97,98,98,98,98,99,99,100,100,101,102,102,102,102,103,104],"card_choices":[{"not_picked":["Cleave","Infernal Blade"],"picked":"Dark Embrace","floor":1.0},{"not_picked":["Armaments","Iron Wave","Battle Trance"],"picked":"Second Wind","floor":2.0},{"not_picked":["Carnage","Body Slam","Double Tap"],"picked":"Sword Boomerang","floor":2.0},{"not_picked":["Sword Boomerang","Anger","Fiend Fire","Carnage"],"picked":"SKIP","floor":6.0},{"not_picked":["Clash","True Grit","Dual Wield"],"picked":"Power Through","floor":8.0},{"not_picked":["Bloodletting","Perfected Strike","Wild Strike"],"picked":"Corruption","floor":11.0},{"not_picked":["Heavy Blade","Metallicize","Armaments","Flex"],"picked":"SKIP","floor":12.0},{"not_picked":["Flame Barrier","Armaments","Perfected Strike","Ghostly Armor"],"picked":"SKIP","floor":12.0},{"not_picked":["MostiFishMod:DarkDeal","Bludgeon","MostiFishMod:UltimateDefense"],"picked":"MostiFishMod:RacingGame","floor":16.0},{"not_picked":["Iron Wave","Clothesline","Body Slam","Twin Strike"],"picked":"SKIP","floor":18.0},{"not_picked":["Rage","Wild Strike","Bloodletting","Rampage"],"picked":"SKIP","floor":18.0},{"not_picked":["Blood for Blood+1","Second Wind","Havoc"],"picked":"Pommel Strike+1","floor":19.0},{"not_picked":["Havoc","Searing Blow","MostiFishMod:DarkDeal"],"picked":"Shrug It Off","floor":19.0},{"not_picked":["Metallicize","Warcry","Cleave","Shrug It Off"],"picked":"SKIP","floor":21.0},{"not_picked":["Sever Soul","Armaments","Body Slam","Pommel Strike+1"],"picked":"SKIP","floor":21.0},{"not_picked":["Armaments","Sever Soul","Dark Embrace"],"picked":"Barricade","floor":22.0},{"not_picked":["Havoc","Infernal Blade","Anger","Cleave"],"picked":"SKIP","floor":22.0},{"not_picked":["Blood for Blood","Rage","Headbutt","MostiFishMod:NewArrival"],"picked":"SKIP","floor":23.0},{"not_picked":["Power Through","Ghostly Armor","Havoc","Sword Boomerang"],"picked":"SKIP","floor":24.0},{"not_picked":["Infernal Blade","Pommel Strike","Clash","Flex"],"picked":"SKIP","floor":24.0},{"not_picked":["Clash","Warcry","Havoc","Perfected Strike"],"picked":"SKIP","floor":25.0},{"not_picked":["MostiFishMod:ChineseTea","Cleave+1","Dual Wield","Sword Boomerang"],"picked":"SKIP","floor":27.0},{"not_picked":["Pommel Strike","Reckless Charge","Iron Wave","Havoc"],"picked":"SKIP","floor":28.0},{"not_picked":["Spot Weakness","Twin Strike+1","Thunderclap","Uppercut"],"picked":"SKIP","floor":28.0},{"not_picked":["Warcry","Twin Strike","Armaments","Cleave"],"picked":"SKIP","floor":29.0},{"not_picked":["Limit Break","Corruption","Feed"],"picked":"MostiFishMod:FlyOverUtopia","floor":33.0},{"not_picked":["Searing Blow","Wild Strike+1","Bloodletting","Thunderclap"],"picked":"SKIP","floor":35.0},{"not_picked":["Pummel","Headbutt","Dark Embrace","Anger"],"picked":"SKIP","floor":35.0},{"not_picked":["Perfected Strike","Anger","Twin Strike"],"picked":"Burning Pact","floor":36.0},{"not_picked":["Armaments","Perfected Strike","Shrug It Off","Infernal Blade+1"],"picked":"SKIP","floor":36.0},{"not_picked":["Battle Trance+1","Thunderclap","Shrug It Off","Burning Pact"],"picked":"SKIP","floor":40.0},{"not_picked":["True Grit","MostiFishMod:#F4004","Havoc","Perfected Strike+1"],"picked":"SKIP","floor":41.0},{"not_picked":["Thunderclap","Havoc","Blood for Blood","Infernal Blade"],"picked":"SKIP","floor":41.0},{"not_picked":["Warcry","Pummel","Twin Strike+1","Pommel Strike"],"picked":"SKIP","floor":42.0},{"not_picked":["Whirlwind","Reckless Charge","Pummel+1","Warcry+1"],"picked":"SKIP","floor":46.0},{"not_picked":["Clash","Seeing Red","Warcry+1","Perfected Strike"],"picked":"SKIP","floor":46.0},{"not_picked":["Dual Wield","Shrug It Off","Burning Pact","Clash"],"picked":"SKIP","floor":48.0},{"not_picked":["Havoc","Spot Weakness","Inflame+1"],"picked":"Feel No Pain+1","floor":55.0}],"player_experience":1301309,"relics_obtained":[{"floor":1.0,"key":"Question Card"},{"floor":6.0,"key":"Prayer Wheel"},{"floor":8.0,"key":"Paper Frog"},{"floor":11.0,"key":"Centennial Puzzle"},{"floor":14.0,"key":"Dream Catcher"},{"floor":16.0,"key":"ImportantClient"},{"floor":23.0,"key":"Regal Pillow"},{"floor":25.0,"key":"Tiny Chest"},{"floor":26.0,"key":"Ancient Tea Set"},{"floor":27.0,"key":"SynthV:C4"},{"floor":29.0,"key":"Mummified Hand"},{"floor":40.0,"key":"Peace Pipe"},{"floor":40.0,"key":"Lantern"},{"floor":42.0,"key":"Happy Flower"},{"floor":42.0,"key":"Omamori"},{"floor":43.0,"key":"Juzu Bracelet"},{"floor":44.0,"key":"Frozen Egg 2"},{"floor":48.0,"key":"Pantograph"},{"floor":48.0,"key":"Whetstone"},{"floor":55.0,"key":"Self Forming Clay"},{"floor":55.0,"key":"Bag of Preparation"}],"event_choices":[{"damage_healed":0.0,"max_hp_gain":0.0,"max_hp_loss":0.0,"gold_gain":0.0,"event_name":"给自己的盒子","player_choice":"Swap Relic","floor":2.0,"relics_lost":["Orrery"],"gold_loss":0.0,"damage_taken":0.0,"relics_obtained":["Orrery"]},{"damage_healed":0.0,"max_hp_gain":0.0,"max_hp_loss":0.0,"gold_gain":0.0,"event_name":"Scrap Ooze","player_choice":"Success","floor":3.0,"gold_loss":0.0,"damage_taken":11.0,"relics_obtained":["testmod-OneHitWonder"]},{"damage_healed":0.0,"max_hp_gain":0.0,"max_hp_loss":0.0,"gold_gain":75.0,"event_name":"World of Goop","player_choice":"Gather Gold","floor":4.0,"gold_loss":0.0,"damage_taken":11.0},{"damage_healed":0.0,"max_hp_gain":0.0,"max_hp_loss":0.0,"gold_gain":0.0,"event_name":"Match and Keep!","player_choice":"2 cards matched","floor":7.0,"gold_loss":0.0,"damage_taken":0.0,"cards_obtained":["MostiFishMod:DarkDeal","Shockwave"]},{"damage_healed":0.0,"max_hp_gain":0.0,"max_hp_loss":0.0,"gold_gain":0.0,"event_name":"Dead Adventurer","player_choice":"Searched \u00271\u0027 times","floor":14.0,"gold_loss":0.0,"damage_taken":0.0},{"damage_healed":0.0,"max_hp_gain":0.0,"max_hp_loss":0.0,"gold_gain":0.0,"event_name":"Duplicator","player_choice":"Ignored","floor":20.0,"gold_loss":0.0,"damage_taken":0.0},{"damage_healed":0.0,"max_hp_gain":0.0,"max_hp_loss":0.0,"gold_gain":0.0,"event_name":"Upgrade Shrine","player_choice":"Upgraded","floor":31.0,"gold_loss":0.0,"damage_taken":0.0,"cards_upgraded":["Dark Embrace"]},{"damage_healed":0.0,"max_hp_gain":0.0,"max_hp_loss":0.0,"gold_gain":0.0,"event_name":"Tomb of Lord Red Mask","player_choice":"Paid","floor":39.0,"gold_loss":-543.0,"damage_taken":0.0,"relics_obtained":["Red Mask"]}],"is_beta":false,"boss_relics":[{"not_picked":["BloodWine","BirthdayGift-Tetrahedron"],"picked":"testmod-BatchProcessingSystem"},{"not_picked":["xbg","testmod-EnergyCheck"],"picked":"Black Star"}],"items_purged_floors":[],"is_endless":false,"potions_floor_spawned":[1,6,12,19,23,24,25,27,33,40,41,55],"ascension_level":20}}