{"host":"esx1hwjnbftf3eqj","time":1608173579,"event":{"mods":["BaseMod","Colored Map","Minty Spire (QoL Compilation)","StSLib","Wandering Minibosses"],"gold_per_floor":[116,136,155,173,173,173,12,12,12,12,187,212,29,47,47,170,170,131,97,115,115,124,124,160,160,160,186,940,973,989,1025,1025,1151,1151,1169,873,896,896,443,443,443,210,280,280,46,84,102,121,121,121,121,121,51,94,94],"floor_reached":56,"playtime":9503,"items_purged":["Strike_B","Strike_B","Doubt","Strike_B","Strike_B"],"score":1463,"play_id":"b8f58319-e711-4661-b7b4-043b493b5edc","local_time":"20201216185259","is_ascension_mode":true,"campfire_choices":[{"data":"Zap","floor":6,"key":"SMITH"},{"data":"Storm","floor":8,"key":"SMITH"},{"data":"Hello World","floor":10,"key":"SMITH"},{"data":"Tempest","floor":15,"key":"SMITH"},{"data":"Fission","floor":23,"key":"SMITH"},{"data":"Storm","floor":25,"key":"SMITH"},{"data":"Fission","floor":32,"key":"SMITH"},{"data":"Fission","floor":41,"key":"SMITH"},{"floor":49,"key":"RECALL"},{"data":"Storm","floor":52,"key":"SMITH"}],"circlet_count":0,"master_deck":["Defend_B","Defend_B","Defend_B","Zap+1","Dualcast","Hello World+1","Hello World","Go for the Eyes","BootSequence","Storm+1","Ball Lightning","Tempest+1","Capacitor","Hologram","Fission+1","Loop","Storm+1","Leap+1","Impatience","Self Repair","Steam+1","Conserve Battery+1","Consume+1","Fission+1","Streamline+1","Self Repair+1","Seek","Steam","Tempest","Capacitor","Defragment+1","Storm+1","Leap+1","Loop","Fission+1","Capacitor","Defragment+1","Mayhem","Loop","Storm+1","Echo Form","Armaments+1","Capacitor","Heatsinks+1"],"relics":["Cracked Core","Golden Idol","HornCleat","Odd Mushroom","Chemical X","Sozu","Eternal Feather","Pantograph","Smiling Mask","wanderingMiniBosses:MasterThiefsPresence","Cables","Juzu Bracelet","SlaversCollar","Orrery","Strange Spoon","Membership Card","Oddly Smooth Stone","PrismaticShard","Orichalcum","InkBottle"],"acts_visited":["Exordium","TheCity","TheBeyond","TheEnding"],"potions_floor_usage":[29,50,55],"damage_taken":[{"damage":0,"enemies":"2 Louse","floor":1,"turns":2},{"damage":7,"enemies":"Small Slimes","floor":2,"turns":3},{"damage":7,"enemies":"Jaw Worm","floor":3,"turns":4},{"damage":0,"enemies":"Exordium Wildlife","floor":4,"turns":3},{"damage":11,"enemies":"The Mushroom Lair","floor":12,"turns":4},{"damage":0,"enemies":"Large Slime","floor":14,"turns":4},{"damage":18,"enemies":"Slime Boss","floor":16,"turns":7},{"damage":7,"enemies":"Shell Parasite","floor":18,"turns":7},{"damage":0,"enemies":"Spheric Guardian","floor":20,"turns":3},{"damage":11,"enemies":"Snake Plant","floor":22,"turns":4},{"damage":17,"enemies":"Book of Stabbing","floor":24,"turns":4},{"damage":10,"enemies":"Gremlin Leader","floor":27,"turns":3},{"damage":12,"enemies":"Centurion and Healer","floor":28,"turns":6},{"damage":11,"enemies":"Slavers","floor":29,"turns":3},{"damage":0,"enemies":"Chosen and Byrds","floor":30,"turns":4},{"damage":0,"enemies":"Book of Stabbing","floor":31,"turns":3},{"damage":9,"enemies":"Champ","floor":33,"turns":7},{"damage":2,"enemies":"Orb Walker","floor":35,"turns":2},{"damage":16,"enemies":"3 Darklings","floor":37,"turns":3},{"damage":0,"enemies":"Giant Head","floor":46,"turns":4},{"damage":9,"enemies":"Jaw Worm Horde","floor":47,"turns":3},{"damage":2,"enemies":"Spire Growth","floor":48,"turns":3},{"damage":19,"enemies":"Donu and Deca","floor":50,"turns":5},{"damage":48,"enemies":"Shield and Spear","floor":54,"turns":4},{"damage":26,"enemies":"The Heart","floor":55,"turns":4}],"seed_played":"-5075202576091075167","potions_obtained":[{"floor":4,"key":"FocusPotion"},{"floor":14,"key":"PotionOfCapacity"},{"floor":16,"key":"Explosive Potion"}],"is_trial":false,"path_per_floor":["M","M","M","M","?","R","$","R","T","R","?","?","$","M","R","B",null,"M","$","M","?","M","R","E","R","T","E","M","E","M","E","R","B",null,"M","$","M","?","$","?","R","$","T","?","$","E","M","M","R","B",null,"R","$","E","B",null],"character_chosen":"DEFECT","items_purchased":["Storm","Ball Lightning","Chemical X","Capacitor","Storm","Tempest","Capacitor","Orrery","Defragment","Strange Spoon","Mayhem","Membership Card","Loop","Oddly Smooth Stone","Storm","PrismaticShard","Capacitor"],"campfire_rested":0,"item_purchase_floors":[7,7,13,13,19,36,36,36,39,39,39,42,42,45,45,45,53],"current_hp_per_floor":[82,75,68,68,48,48,48,48,48,48,48,37,37,37,37,19,82,75,75,75,75,71,71,61,76,76,73,68,57,64,64,82,82,82,82,82,66,66,66,66,82,82,82,82,82,82,80,82,82,80,82,82,82,44,43],"gold":94,"neow_bonus":"TEN_PERCENT_HP_BONUS","is_daily":false,"chose_seed":false,"campfire_upgraded":9,"win_rate":0.0,"timestamp":1608173579,"path_taken":["M","M","M","M","?","R","$","R","T","R","?","?","?","?","R","BOSS","M","$","M","?","?","R","E","R","T","E","M","E","M","E","R","BOSS","M","$","M","?","?","?","R","?","T","?","$","E","M","M","R","BOSS","R","$","E","BOSS"],"items_purchased_type":["Card","Card","Relic","Card","Card","Card","Card","Relic","Card","Relic","Card","Relic","Card","Relic","Card","Relic","Card"],"build_version":"2020-12-13","purchased_purges":5,"victory":true,"max_hp_per_floor":[82,82,82,82,82,82,82,82,82,82,82,82,82,82,82,82,82,82,82,82,82,82,82,82,82,82,82,82,82,82,82,82,82,82,82,82,82,82,82,82,82,82,82,82,82,82,82,82,82,82,82,82,82,82,82],"card_choices":[{"not_picked":["Stack","Hologram"],"picked":"Hello World","floor":1},{"not_picked":["Redo","Undo"],"picked":"Hello World","floor":2},{"not_picked":["Coolheaded","Streamline"],"picked":"Go for the Eyes","floor":3},{"not_picked":["Barrage","Capacitor"],"picked":"BootSequence","floor":4},{"not_picked":["Beam Cell","Cold Snap"],"picked":"Tempest","floor":12},{"not_picked":["Rip and Tear","Sweeping Beam"],"picked":"Hologram","floor":14},{"not_picked":["Machine Learning","Meteor Strike"],"picked":"Fission","floor":16},{"not_picked":["Darkness","Force Field+1"],"picked":"Loop","floor":18},{"not_picked":["Hologram","Undo"],"picked":"Leap+1","floor":20},{"not_picked":["Compile Driver","Streamline"],"picked":"Steam+1","floor":22},{"not_picked":["Lockon+1","Turbo","Recycle+1"],"picked":"SKIP","floor":24},{"not_picked":["Auto Shields+1","Cold Snap"],"picked":"Conserve Battery+1","floor":27},{"not_picked":["Ball Lightning","Lockon+1"],"picked":"Consume+1","floor":28},{"not_picked":["Capacitor","Leap"],"picked":"Fission","floor":29},{"not_picked":["Undo","Turbo"],"picked":"Streamline+1","floor":30},{"not_picked":["Stack","Conserve Battery"],"picked":"Self Repair+1","floor":31},{"not_picked":["Fission","Reboot"],"picked":"Seek","floor":33},{"not_picked":["Turbo","Beam Cell"],"picked":"Steam","floor":35},{"not_picked":["Sweeping Beam+1","Streamline"],"picked":"Defragment+1","floor":36},{"not_picked":["Ball Lightning+1","Gash+1"],"picked":"Storm+1","floor":36},{"not_picked":["Sunder","Compile Driver+1"],"picked":"Leap+1","floor":36},{"not_picked":["Ball Lightning+1","Streamline"],"picked":"Loop","floor":36},{"not_picked":["Turbo","Beam Cell+1"],"picked":"Fission","floor":36},{"not_picked":["Rebound","Steam+1"],"picked":"Capacitor","floor":37},{"not_picked":["Dagger Throw","Fission"],"picked":"Echo Form","floor":46},{"not_picked":["Forethought+1","Clash","Prostrate"],"picked":"SKIP","floor":47},{"not_picked":["Crescendo+1","Headbutt"],"picked":"Armaments+1","floor":48},{"not_picked":["Sentinel","Leap"],"picked":"Heatsinks+1","floor":54}],"player_experience":413263,"relics_obtained":[{"floor":9,"key":"HornCleat"},{"floor":12,"key":"Odd Mushroom"},{"floor":24,"key":"Eternal Feather"},{"floor":26,"key":"Pantograph"},{"floor":27,"key":"Smiling Mask"},{"floor":28,"key":"wanderingMiniBosses:MasterThiefsPresence"},{"floor":29,"key":"Cables"},{"floor":31,"key":"Juzu Bracelet"},{"floor":46,"key":"Orichalcum"},{"floor":54,"key":"InkBottle"}],"event_choices":[{"damage_healed":0,"gold_gain":0,"player_choice":"Take Damage","damage_taken":20,"relics_obtained":["Golden Idol"],"max_hp_gain":0,"max_hp_loss":0,"event_name":"Golden Idol","floor":5,"gold_loss":0},{"damage_healed":0,"gold_gain":175,"player_choice":"AGREE","damage_taken":0,"max_hp_gain":0,"max_hp_loss":0,"event_name":"Liars Game","floor":11,"gold_loss":0,"cards_obtained":["Doubt"]},{"damage_healed":0,"gold_gain":0,"player_choice":"Fought Mushrooms","damage_taken":0,"max_hp_gain":0,"max_hp_loss":0,"event_name":"Mushrooms","floor":12,"gold_loss":0},{"damage_healed":0,"gold_gain":0,"player_choice":"2 cards matched","damage_taken":0,"max_hp_gain":0,"max_hp_loss":0,"event_name":"Match and Keep!","floor":21,"gold_loss":0,"cards_obtained":["Impatience","Self Repair"]},{"damage_healed":0,"gold_gain":0,"player_choice":"Bought 0 Potions","damage_taken":0,"max_hp_gain":0,"max_hp_loss":0,"event_name":"The Woman in Blue","floor":38,"gold_loss":0},{"cards_removed":["Defend_B"],"damage_healed":0,"gold_gain":0,"player_choice":"Removed Skill","damage_taken":0,"max_hp_gain":0,"max_hp_loss":0,"event_name":"Falling","floor":40,"gold_loss":0},{"damage_healed":0,"gold_gain":0,"player_choice":"Upgraded","damage_taken":0,"max_hp_gain":0,"max_hp_loss":0,"event_name":"Upgrade Shrine","floor":44,"gold_loss":0,"cards_upgraded":["Defragment"]}],"is_beta":false,"boss_relics":[{"not_picked":["Runic Dome","Calling Bell"],"picked":"Sozu"},{"not_picked":["Nuclear Battery","Tiny House"],"picked":"SlaversCollar"}],"items_purged_floors":[7,39,42,45,53],"is_endless":false,"potions_floor_spawned":[4,14,16,18,22,24,27,33,35,37],"ascension_level":3}}