{"host":"ipcfr4ajj2jkxvg7","time":1608207603,"event":{"mods":["BaseMod","Colored Powertips","GifTheSpireLib","Marisa（F雨　魔理沙）","Minty Spire (QoL Compilation)","Quick Restart","Remilia（蕾米莉亚）","Replay The Spire","RumiaBox-露米娅的神秘盒子","StSLib"],"gold_per_floor":[119,119,135,197,147,147,174,187,187,213,213,240,240,266,266,370,370,389,287,386,386,326,326,354,398,398,445,455,455,487,541,541,678,678,692,157,215,227,237,237,271,271,296,326,326,409,440,457,457,457],"floor_reached":51,"playtime":3420,"items_purged":["ReplayTheSpireMod:Splinters","Defend_MRS"],"score":1489,"play_id":"d16a7e7a-a547-40d7-b057-2a7b5e744b35","local_time":"20201217202003","is_ascension_mode":true,"campfire_choices":[{"data":"MilkyWay","floor":6.0,"key":"SMITH"},{"floor":11.0,"key":"REST"},{"data":"OrrerysSun","floor":13.0,"key":"SMITH"},{"floor":15.0,"key":"REST"},{"data":"EnergyFlow","floor":23.0,"key":"SMITH"},{"floor":29.0,"key":"REST"},{"floor":32,"key":"REST"},{"data":"MilkyWay","floor":40,"key":"SMITH"},{"data":"PowerUp","floor":42,"key":"SMITH"},{"floor":49,"key":"REST"}],"circlet_count":0,"master_deck":["Strike_MRS","Strike_MRS","Strike_MRS","Defend_MRS","MasterSpark","UpSweep","MilkyWay+1","PowerUp+1","PropBag","PowerUp","PowerUp","OrrerysSun+1","MilkyWay+1","EnergyFlow+1","Acceleration","WitchOfGreed","MagicAbsorber","ShootingEcho+1","MagicAbsorber","WitchLeyline+1","BinaryStars","GalacticHalo","Orbital+1"],"relics":["MiniHakkero","MoreBug","AddBug","SecretRecord","SecretRecord","SecretRecord","SecretRecord","SecretRecord","SecretRecord","SecretRecord","SecretRecord","SecretRecord","SecretRecord","SecretRecord","SecretRecord","SecretRecord","SecretRecord","SecretRecord","SecretRecord"],"acts_visited":["Exordium","TheCity","TheBeyond"],"potions_floor_usage":[30,30],"damage_taken":[{"damage":21.0,"enemies":"Jaw Worm","floor":1.0,"turns":4.0},{"damage":5.0,"enemies":"Small Slimes","floor":3.0,"turns":3.0},{"damage":12.0,"enemies":"3 Sentries","floor":7.0,"turns":8.0},{"damage":6.0,"enemies":"2 Louse","floor":8.0,"turns":2.0},{"damage":19.0,"enemies":"Gremlin Nob","floor":10.0,"turns":4.0},{"damage":2.0,"enemies":"Lagavulin","floor":12.0,"turns":6.0},{"damage":23.0,"enemies":"Gremlin Nob","floor":14.0,"turns":5.0},{"damage":0.0,"enemies":"Hexaghost","floor":16.0,"turns":5.0},{"damage":18.0,"enemies":"Shell Parasite","floor":18.0,"turns":4.0},{"damage":9.0,"enemies":"Book of Stabbing","floor":24.0,"turns":4.0},{"damage":7.0,"enemies":"Chosen","floor":25.0,"turns":3.0},{"damage":7.0,"enemies":"Centurion and Healer","floor":27.0,"turns":3.0},{"damage":7.0,"enemies":"Chosen and Byrds","floor":28.0,"turns":3.0},{"damage":12,"enemies":"Slavers","floor":30,"turns":4},{"damage":5,"enemies":"Cultist and Chosen","floor":31,"turns":3},{"damage":0,"enemies":"Champ","floor":33,"turns":4},{"damage":0,"enemies":"Orb Walker","floor":35,"turns":2},{"damage":2,"enemies":"3 Shapes","floor":37,"turns":4},{"damage":1,"enemies":"Writhing Mass","floor":38,"turns":2},{"damage":1,"enemies":"Transient","floor":39,"turns":4},{"damage":0,"enemies":"Giant Head","floor":41,"turns":4},{"damage":14,"enemies":"R_Hoarder","floor":44,"turns":3},{"damage":0,"enemies":"Spire Growth","floor":46,"turns":2},{"damage":2,"enemies":"Nemesis","floor":47,"turns":3},{"damage":34,"enemies":"Sphere and 2 Shapes","floor":48,"turns":4},{"damage":0,"enemies":"Time Eater","floor":50,"turns":1}],"seed_played":"-4889671030820093849","potions_obtained":[{"floor":1.0,"key":"Swift Potion"},{"floor":3.0,"key":"Cursed Concoction"},{"floor":4.0,"key":"Block Potion"},{"floor":7.0,"key":"EntropicBrew"},{"floor":24.0,"key":"Adrenaline Potion"},{"floor":25.0,"key":"Energy Potion"},{"floor":27.0,"key":"Reflective Coating"},{"floor":28.0,"key":"LiquidMemories"},{"floor":31,"key":"Death Potion"},{"floor":33,"key":"SpeedPotion"},{"floor":38,"key":"AttackPotion"}],"is_trial":false,"path_per_floor":["M","?","M","?","?","R","E","M","T","E","R","E","R","E","R","B",null,"M","$","?","?","?","R","E","M","T","M","M","R","E","M","R","B",null,"M","$","M","M","M","R","E","R","T","E","?","M","E","M","R","B",null],"character_chosen":"MARISA","items_purchased":["Acceleration","Lee\u0027s Waffle","ScarletDevilRocket","DuplicationPotion","GalacticHalo"],"campfire_rested":5,"item_purchase_floors":[19,36,36,36,36],"current_hp_per_floor":[36,36,33,33,33,33,33,27,27,8,30,30,30,10,32,32,64,50,50,50,36,36,36,29,22,22,16,13,37,28,23,47,49,72,72,72,75,76,76,76,76,76,76,62,62,62,64,30,54,54],"gold":457,"neow_bonus":"ONE_RARE_RELIC","is_daily":false,"chose_seed":false,"campfire_upgraded":5,"win_rate":0.0,"timestamp":1608207603,"path_taken":["M","?","M","?","?","R","E","M","T","E","R","E","R","E","R","BOSS","M","$","?","?","?","R","E","M","T","?","M","R","E","M","R","BOSS","M","$","M","M","?","R","E","R","T","E","?","M","E","M","R","BOSS"],"items_purchased_type":["Card","Relic","Relic","Potion","Card"],"build_version":"2020-12-13","purchased_purges":2,"victory":true,"max_hp_per_floor":[75,75,75,75,75,75,75,75,75,75,75,75,75,75,75,75,75,75,75,75,80,80,80,80,80,80,80,80,80,80,80,80,80,80,80,80,80,80,80,80,80,80,80,80,80,80,80,80,80,80],"card_choices":[{"not_picked":["Robbery","DarkMatter","DoubleSpark"],"picked":"SKIP","floor":1.0},{"not_picked":["MysteriousBeam","OneTimeOff"],"picked":"MilkyWay","floor":3.0},{"not_picked":["MilkyWay","AlicesGift"],"picked":"PowerUp","floor":4.0},{"not_picked":["DoubleSpark","AlicesGift"],"picked":"PropBag","floor":4.0},{"not_picked":["CasketOfStar","DarkSpark"],"picked":"PowerUp","floor":7.0},{"not_picked":["DoubleSpark","StarlightTyphoon"],"picked":"PowerUp","floor":8.0},{"not_picked":["WitchLeyline","GravityBeat"],"picked":"OrrerysSun","floor":10.0},{"not_picked":["GravityBeat","EnergyRecoil","SporeBomb"],"picked":"SKIP","floor":12.0},{"not_picked":["AsteroidBelt","FinalSpark"],"picked":"MilkyWay","floor":14.0},{"not_picked":["WitchOfGreed+1","GravityBeat"],"picked":"EnergyFlow","floor":18.0},{"not_picked":["AsteroidBelt+1","EscapeVelocity"],"picked":"ShootingEcho+1","floor":24.0},{"not_picked":["Acceleration","MysteriousBeam"],"picked":"MagicAbsorber","floor":25.0},{"not_picked":["ShootingEcho","StarlightTyphoon+1","Robbery"],"picked":"SKIP","floor":27.0},{"not_picked":["Orbital","SporeBomb","BigCrunch"],"picked":"SKIP","floor":28.0},{"not_picked":["DC+1","NonDirectionalLaser","LuminesStrike"],"picked":"SKIP","floor":30},{"not_picked":["Acceleration","GravityBeat"],"picked":"WitchLeyline+1","floor":31},{"not_picked":["EscapeVelocity","SatelliteIllusion"],"picked":"BinaryStars","floor":33},{"not_picked":["EventHorizon+1","LuminesStrike","OpenUniverse"],"picked":"SKIP","floor":35},{"not_picked":["GravityBeat","SprinkleStarSeal+1","IllusionStar"],"picked":"SKIP","floor":37},{"not_picked":["AsteroidBelt","DoubleSpark+1","SprinkleStarSeal+1"],"picked":"SKIP","floor":38},{"not_picked":["DarkSpark+1","SporeBomb","6A+1"],"picked":"SKIP","floor":39},{"not_picked":["DarkSpark","DragonMeteor"],"picked":"Orbital+1","floor":41},{"not_picked":["DragonMeteor","DoubleSpark","NonDirectionalLaser+1"],"picked":"SKIP","floor":44},{"not_picked":["DC+1","GrandCross+1","MysteriousBeam"],"picked":"SKIP","floor":46},{"not_picked":["EnergyRecoil","EventHorizon","DC"],"picked":"SKIP","floor":47},{"not_picked":["AsteroidBelt","SporeBomb","GasGiant"],"picked":"SKIP","floor":48}],"player_experience":394504,"relics_obtained":[{"floor":1.0,"key":"AddBug"},{"floor":2.0,"key":"Ring of Searing"},{"floor":2.0,"key":"Ring of Panic"},{"floor":4.0,"key":"Juzu Bracelet"},{"floor":7.0,"key":"Durian"},{"floor":8.0,"key":"SecretRecord"},{"floor":9.0,"key":"Replay:WaspNest"},{"floor":10.0,"key":"Orichalcum"},{"floor":12.0,"key":"SecretRecord"},{"floor":12.0,"key":"Unceasing Top"},{"floor":14.0,"key":"SecretRecord"},{"floor":14.0,"key":"Centennial Puzzle"},{"floor":18.0,"key":"SecretRecord"},{"floor":24.0,"key":"Whetstone"},{"floor":25.0,"key":"SecretRecord"},{"floor":26.0,"key":"Iron Hammer"},{"floor":27.0,"key":"SecretRecord"},{"floor":30,"key":"SecretRecord"},{"floor":30,"key":"SumBook"},{"floor":33,"key":"SecretRecord"},{"floor":37,"key":"SecretRecord"},{"floor":38,"key":"SecretRecord"},{"floor":41,"key":"SecretRecord"},{"floor":41,"key":"Simple Rune"},{"floor":43,"key":"Blue Doll"},{"floor":44,"key":"SecretRecord"},{"floor":44,"key":"Old Coin"},{"floor":46,"key":"SecretRecord"},{"floor":47,"key":"SecretRecord"},{"floor":47,"key":"ReplayTheSpireMod:TigerMarble"},{"floor":48,"key":"SecretRecord"}],"event_choices":[{"cards_removed":["Spreading Infection"],"damage_healed":0.0,"max_hp_gain":0.0,"max_hp_loss":0.0,"gold_gain":0.0,"event_name":"The Cleric","player_choice":"Card Removal","floor":5.0,"gold_loss":50.0,"damage_taken":0.0},{"damage_healed":0.0,"max_hp_gain":0.0,"max_hp_loss":0.0,"gold_gain":99.0,"event_name":"Nest","player_choice":"Stole From Cult","floor":20.0,"gold_loss":0.0,"damage_taken":0.0},{"damage_healed":0.0,"max_hp_gain":5.0,"max_hp_loss":0.0,"gold_gain":0.0,"event_name":"Forgotten Altar","player_choice":"Shed Blood","floor":21.0,"gold_loss":0.0,"damage_taken":19.0},{"damage_healed":0.0,"max_hp_gain":0.0,"max_hp_loss":0.0,"gold_gain":0.0,"cards_transformed":["Defend_MRS","Defend_MRS"],"event_name":"Designer","player_choice":"Transformed Cards","floor":22.0,"gold_loss":60.0,"damage_taken":0.0,"cards_obtained":["WitchOfGreed","MagicAbsorber"]},{"cards_removed":["Strike_MRS"],"damage_healed":0,"gold_gain":0,"player_choice":"Removed Attack","damage_taken":0,"max_hp_gain":0,"max_hp_loss":0,"event_name":"Falling","floor":45,"gold_loss":0}],"is_beta":false,"boss_relics":[{"not_picked":["Tiny House","SoulBox"],"picked":"Fusion Hammer"},{"not_picked":["Runic Pyramid","ReplayTheSpireMod:DimensionalGlitch"],"picked":"Ring of Chaos"}],"items_purged_floors":[19,36],"is_endless":false,"potions_floor_spawned":[1,3,7,24,25,28,33,38,41,47],"ascension_level":8}}