{"host":"ab2s6ezjqdgtrlyf","time":1608214889,"event":{"mods":["BaseMod","Colored Map","Highlight Path","Marked Mod","Minty Spire (QoL Compilation)","Quick Restart","Relic Stats","StSLib","Waifu the Spire","vexMod"],"gold_per_floor":[117,117,117,162,87,114,132,132,132,146,146,46,57,71,71,71,71,143,143,161,161,161],"floor_reached":21,"playtime":622,"items_purged":["Strike_B","Strike_B"],"score":394,"play_id":"a03b6661-b299-4e19-9dc1-76f690434566","local_time":"20201217222129","is_ascension_mode":true,"campfire_choices":[{"data":"Rainbow","floor":11.0,"key":"SMITH"},{"data":"Chaos","floor":17.0,"key":"SMITH"}],"circlet_count":1,"master_deck":["AscendersBane","Defend_B","Defend_B","Defend_B","Defend_B","Zap","Dualcast","Chaos+1","Chill","Cold Snap","Rainbow+1","Madness","Sweeping Beam","Loop","Leap","Rip and Tear"],"relics":["Cracked Core","NeowsBlessing","Blue Candle","Circlet","vexMod:RedPlottingStone","vexMod:CursedCompass"],"acts_visited":["Exordium","TheCity"],"potions_floor_usage":[],"damage_taken":[{"damage":0.0,"enemies":"2 Louse","floor":1.0,"turns":1.0},{"damage":0.0,"enemies":"Gremlin Nob","floor":6.0,"turns":1.0},{"damage":0.0,"enemies":"Small Slimes","floor":7.0,"turns":1.0},{"damage":0.0,"enemies":"Cultist","floor":10.0,"turns":4.0},{"damage":9.0,"enemies":"Exordium Thugs","floor":13.0,"turns":6.0},{"damage":0.0,"enemies":"2 Fungi Beasts","floor":14.0,"turns":4.0},{"damage":24.0,"enemies":"The Guardian","floor":18.0,"turns":10.0},{"damage":25,"enemies":"Shell Parasite","floor":20,"turns":5},{"damage":0,"enemies":"2 Thieves","floor":21,"turns":1}],"seed_played":"3918751924278762028","potions_obtained":[{"floor":7.0,"key":"Dexterity Potion"},{"floor":13.0,"key":"PowerPotion"}],"is_trial":false,"path_per_floor":["M","?","?","?","$","E","M","?","T","M","R","$","M","M","PTL","PTL","R","B",null,"M","M"],"character_chosen":"DEFECT","items_purchased":[],"campfire_rested":0,"item_purchase_floors":[],"current_hp_per_floor":[64,64,64,41,41,41,41,41,41,41,41,41,32,32,32,32,32,8,55,30,30,30],"gold":161,"neow_bonus":"THREE_ENEMY_KILL","is_daily":false,"chose_seed":false,"campfire_upgraded":2,"win_rate":0.0,"timestamp":1608214889,"path_taken":["M","?","?","?","$","E","M","?","T","?","R","?","M","M","PTL","PTL","R","BOSS","M","M"],"items_purchased_type":[],"build_version":"2020-12-13","purchased_purges":2,"victory":false,"max_hp_per_floor":[71,71,71,71,71,71,71,71,71,71,71,71,71,71,71,71,71,71,71,71,71,71],"relic_stats":{"counters":[9,33],"Blue Candle":[0],"obtain_stats":[{"NeowsBlessing":0,"Blue Candle":4,"vexMod:RedPlottingStone":9,"Circlet":0,"vexMod:CursedCompass":19,"Cracked Core":0,"ReplayTheSpireMod:Lightbulb":6},{"NeowsBlessing":0,"Blue Candle":1,"vexMod:RedPlottingStone":3,"Circlet":0,"vexMod:CursedCompass":7,"Cracked Core":0,"ReplayTheSpireMod:Lightbulb":2},{"NeowsBlessing":0,"Blue Candle":1,"vexMod:RedPlottingStone":3,"Circlet":0,"vexMod:CursedCompass":27,"Cracked Core":0,"ReplayTheSpireMod:Lightbulb":2}]},"card_choices":[{"not_picked":["Leap","Panic Button"],"picked":"Chaos","floor":1.0},{"not_picked":["Streamline","Go for the Eyes"],"picked":"Chill","floor":4.0},{"not_picked":["Streamline","Steam"],"picked":"Cold Snap","floor":4.0},{"not_picked":["Panic Button","BasicCrystalCard"],"picked":"Rainbow","floor":6.0},{"not_picked":["Gash","Panic Button"],"picked":"BasicCrystalCard","floor":7.0},{"not_picked":["Go for the Eyes","Ball Lightning"],"picked":"Loop","floor":10.0},{"not_picked":["Storm","Turbo"],"picked":"Leap","floor":13.0},{"not_picked":["Panic Button","BasicCrystalCard","Cold Snap"],"picked":"SKIP","floor":14.0},{"not_picked":["Go for the Eyes","Lockon"],"picked":"Rip and Tear","floor":20}],"player_experience":623058,"relics_obtained":[{"floor":4.0,"key":"Blue Candle"},{"floor":6.0,"key":"ReplayTheSpireMod:Lightbulb"},{"floor":9.0,"key":"vexMod:RedPlottingStone"}],"event_choices":[{"cards_removed":["Strike_B"],"damage_healed":0.0,"max_hp_gain":0.0,"max_hp_loss":0.0,"gold_gain":0.0,"event_name":"Living Wall","player_choice":"Forget","floor":2.0,"gold_loss":0.0,"damage_taken":0.0},{"damage_healed":0.0,"max_hp_gain":0.0,"max_hp_loss":0.0,"gold_gain":0.0,"cards_transformed":["Strike_B"],"event_name":"Transmorgrifier","player_choice":"Transformed","floor":8.0,"gold_loss":0.0,"damage_taken":0.0,"cards_obtained":["Sweeping Beam"]}],"is_beta":false,"boss_relics":[{"not_picked":["vexMod:RockOfEvil","Circlet"],"picked":"vexMod:CursedCompass"}],"items_purged_floors":[5,12],"is_endless":false,"potions_floor_spawned":[7,13,14],"killed_by":"2 Thieves","ascension_level":19}}