{"host":"b6iqmq74l2bwzb3l","time":1608193041,"event":{"mods":["Astrologer","BaseMod","Colored Map","Colored Powertips","Googly Eyes","MarisaÅiñ∂âJÅ@ñÇóùçπÅj","Minty Spire (QoL Compilation)","Quick Restart","StSLib","The Cursed"],"gold_per_floor":[115,132,151,182,198,198,226,226],"floor_reached":7,"playtime":297,"items_purged":[],"score":80,"play_id":"ae1a787c-f4a0-4688-9534-43240c045983","local_time":"20201217171721","is_ascension_mode":false,"campfire_choices":[{"data":"Wireheading","floor":6,"key":"SMITH"}],"circlet_count":0,"master_deck":["Strike_P","Defend_P","Defend_P","Defend_P","Defend_P","Eruption","Vigilance","Swivel+1","ForeignInfluence+1","Fasting2+1","ThirdEye","ReachHeaven","SandsOfTime","Perseverance","Wireheading+1"],"relics":["Astrolabe","Lizard Tail"],"acts_visited":["Exordium"],"potions_floor_usage":[7],"damage_taken":[{"damage":0,"enemies":"Cultist","floor":1,"turns":3},{"damage":0,"enemies":"Jaw Worm","floor":2,"turns":2},{"damage":0,"enemies":"Small Slimes","floor":3,"turns":2},{"damage":0,"enemies":"Looter","floor":4,"turns":2},{"damage":26,"enemies":"2 Fungi Beasts","floor":5,"turns":3},{"damage":0,"enemies":"Gremlin Nob","floor":7,"turns":2}],"seed_played":"9004819960648023140","potions_obtained":[{"floor":2,"key":"AttackPotion"},{"floor":3,"key":"EssenceOfSteel"},{"floor":7,"key":"AttackPotion"}],"is_trial":false,"path_per_floor":["M","M","M","M","M","R","E"],"character_chosen":"WATCHER","items_purchased":[],"campfire_rested":0,"item_purchase_floors":[],"current_hp_per_floor":[72,72,72,72,46,46,46,46],"gold":226,"neow_bonus":"BOSS_RELIC","is_daily":false,"chose_seed":false,"campfire_upgraded":1,"win_rate":0.0,"timestamp":1608193041,"path_taken":["M","M","M","M","M","R","E"],"items_purchased_type":[],"build_version":"2020-12-13","purchased_purges":0,"victory":false,"max_hp_per_floor":[72,72,72,72,72,72,72,72],"card_choices":[{"not_picked":["Consecrate","JustLucky"],"picked":"ThirdEye","floor":1},{"not_picked":["Evaluate","WheelKick"],"picked":"ReachHeaven","floor":2},{"not_picked":["Tantrum","CutThroughFate"],"picked":"SandsOfTime","floor":3},{"not_picked":["Study","Consecrate"],"picked":"Perseverance","floor":4},{"not_picked":["Conclude","CutThroughFate"],"picked":"Wireheading","floor":5}],"player_experience":315944,"relics_obtained":[{"floor":7,"key":"Lizard Tail"}],"event_choices":[],"is_beta":false,"boss_relics":[],"items_purged_floors":[],"is_endless":false,"potions_floor_spawned":[2,3,7],"killed_by":"Gremlin Nob","ascension_level":0}}