{"host":"szbnbddwah33j004","time":1608190378,"event":{"mods":["2.2 Compatiblity","AchievementEnabler","Act Like it!","BaseMod","BetterRewards","Colored Map","Energized Spire","Hubris","Minty Spire (QoL Compilation)","StSLib","Strawberry Spire"],"gold_per_floor":[119,134,20,35,54,83,83,83,83,100,114,139,40,74,74,177,177,192,192,204,216,229,256,256,13,86,103,103,113,113,113,113],"floor_reached":31,"playtime":3384,"items_purged":[],"score":304,"play_id":"0cfe49a0-3fb2-4a2e-9d90-1b0e4c085397","local_time":"20201217013258","is_ascension_mode":false,"campfire_choices":[{"data":"Crescendo","floor":8,"key":"SMITH"},{"floor":15,"key":"REST"},{"floor":24,"key":"DIG"},{"floor":28,"key":"DIG"}],"circlet_count":0,"master_deck":["Strike_P","Strike_P","Strike_P","Strike_P","Defend_P","Defend_P+1","Defend_P+1","Defend_P","Eruption+1","Vigilance+1","LessonLearned","Perseverance","Prostrate","FlurryOfBlows","Halt+1","SashWhip","FlyingSleeves+1","Crescendo+1","Omniscience","Collect","FlurryOfBlows+1","InnerPeace+1","ClearTheMind","Blasphemy","Devotion","SandsOfTime","FlyingSleeves","FearNoEvil+1","FearNoEvil","Adaptation","BattleHymn","Pray+1","Turbo"],"relics":["PureWater","Bag of Preparation","Mummified Hand","Matryoshka","Bottled Flame","Bronze Scales","strawberrySpire:Dictionifier","Shovel","Pocketwatch","Membership Card","MealTicket","hubris:DisguiseKit","Ice Cream"],"acts_visited":["Exordium","TheCity"],"potions_floor_usage":[11,12,14,16,21,22,23,27,31,31,31,31,31],"damage_taken":[{"damage":2,"enemies":"Cultist","floor":1,"turns":3},{"damage":0,"enemies":"2 Louse","floor":2,"turns":3},{"damage":0,"enemies":"Jaw Worm","floor":4,"turns":5},{"damage":0,"enemies":"2 Fungi Beasts","floor":5,"turns":4},{"damage":20,"enemies":"Gremlin Nob","floor":6,"turns":5},{"damage":0,"enemies":"Looter","floor":10,"turns":2},{"damage":0,"enemies":"Gremlin Gang","floor":11,"turns":3},{"damage":16,"enemies":"Lagavulin","floor":12,"turns":5},{"damage":0,"enemies":"Gremlin Nob","floor":14,"turns":2},{"damage":62,"enemies":"Slime Boss","floor":16,"turns":14},{"damage":4,"enemies":"Chosen","floor":18,"turns":6},{"damage":0,"enemies":"2 Thieves","floor":20,"turns":3},{"damage":20,"enemies":"Snecko","floor":21,"turns":4},{"damage":17,"enemies":"Snake Plant","floor":22,"turns":5},{"damage":6,"enemies":"Slavers","floor":23,"turns":3},{"damage":2,"enemies":"Cultist and Chosen","floor":27,"turns":4},{"damage":9,"enemies":"Centurion and Healer","floor":29,"turns":5},{"damage":4,"enemies":"Shelled Parasite and Fungi","floor":31,"turns":2}],"seed_played":"-3452958912195343490","potions_obtained":[{"floor":2,"key":"Swift Potion"},{"floor":4,"key":"FairyPotion"},{"floor":6,"key":"Explosive Potion"},{"floor":14,"key":"LiquidMemories"},{"floor":18,"key":"PowerPotion"},{"floor":19,"key":"Swift Potion"},{"floor":19,"key":"Weak Potion"},{"floor":20,"key":"LiquidMemories"},{"floor":22,"key":"DistilledChaos"},{"floor":23,"key":"ColorlessPotion"}],"is_trial":false,"path_per_floor":["M","M","$","M","M","E","?","R","T","M","M","E","$","E","R","B",null,"M","?","M","M","M","E","R","$","T","M","R","M","?","M"],"character_chosen":"WATCHER","items_purchased":["FlurryOfBlows","Halt","SashWhip","ClearTheMind","LiquidMemories","Membership Card","BattleHymn","EntropicBrew"],"campfire_rested":1,"item_purchase_floors":[3,3,3,13,13,25,25,25],"current_hp_per_floor":[70,70,70,70,70,50,32,32,32,32,32,16,16,16,37,4,72,68,68,68,48,31,25,25,25,25,23,23,14,1,0,0],"gold":113,"neow_bonus":"ONE_RANDOM_RARE_CARD","is_daily":false,"chose_seed":false,"campfire_upgraded":1,"win_rate":0.0,"timestamp":1608190378,"path_taken":["M","?","$","M","?","E","?","R","T","M","M","E","?","E","R","BOSS","M","?","M","M","?","E","R","$","T","M","R","?","?","M"],"items_purchased_type":["Card","Card","Card","Card","Potion","Relic","Card","Potion"],"build_version":"2020-12-13","purchased_purges":0,"victory":false,"max_hp_per_floor":[72,72,72,72,72,72,72,72,72,72,72,72,72,72,72,72,72,72,72,72,72,72,72,72,72,72,72,72,72,77,77,77],"card_choices":[{"not_picked":["CrushJoints","SashWhip"],"picked":"Perseverance","floor":1},{"not_picked":["FlyingSleeves","Consecrate"],"picked":"Prostrate","floor":2},{"not_picked":["CutThroughFate","PathToVictory"],"picked":"FlyingSleeves","floor":4},{"not_picked":["Study","Consecrate"],"picked":"Crescendo","floor":5},{"not_picked":["Evaluate","Prostrate"],"picked":"Omniscience","floor":6},{"not_picked":["EmptyBody","CarveReality"],"picked":"Collect","floor":10},{"not_picked":["BowlingBash","JustLucky"],"picked":"FlurryOfBlows","floor":11},{"not_picked":["FlurryOfBlows","Conclude"],"picked":"InnerPeace","floor":12},{"not_picked":["ThirdEye","Halt"],"picked":"Blasphemy","floor":14},{"not_picked":["Vault","ConjureBlade"],"picked":"Devotion","floor":16},{"not_picked":["FollowUp","FlyingSleeves"],"picked":"SandsOfTime","floor":18},{"not_picked":["CarveReality","SashWhip"],"picked":"FlyingSleeves","floor":20},{"not_picked":["FlyingSleeves+1","ThirdEye"],"picked":"FearNoEvil+1","floor":21},{"not_picked":["JustLucky","CutThroughFate"],"picked":"FearNoEvil","floor":22},{"not_picked":["Protect","Collect"],"picked":"Adaptation","floor":23},{"not_picked":["EmptyFist+1","EmptyMind","Redo"],"picked":"Pray+1","floor":27},{"not_picked":["Prostrate","Evaluate","ThirdEye+1"],"picked":"Turbo","floor":29}],"player_experience":57684,"relics_obtained":[{"floor":6,"key":"Bag of Preparation"},{"floor":9,"key":"Matryoshka"},{"floor":12,"key":"Bottled Flame"},{"floor":14,"key":"Bronze Scales"},{"floor":23,"key":"Shovel"},{"floor":24,"key":"Pocketwatch"},{"floor":26,"key":"MealTicket"},{"floor":26,"key":"hubris:DisguiseKit"},{"floor":28,"key":"Ice Cream"}],"event_choices":[{"damage_healed":0,"gold_gain":0,"player_choice":"Success","damage_taken":18,"relics_obtained":["Mummified Hand"],"max_hp_gain":0,"max_hp_loss":0,"event_name":"Scrap Ooze","floor":7,"gold_loss":0},{"damage_healed":0,"gold_gain":0,"player_choice":"Got Potions","damage_taken":0,"max_hp_gain":0,"max_hp_loss":0,"event_name":"Lab","floor":19,"gold_loss":0},{"damage_healed":0,"gold_gain":0,"player_choice":"Shed Blood","damage_taken":18,"max_hp_gain":5,"max_hp_loss":0,"event_name":"Forgotten Altar","floor":30,"gold_loss":0}],"is_beta":false,"boss_relics":[{"not_picked":["hubris:VirtuousBlindfold","Cursed Key"],"picked":"strawberrySpire:Dictionifier"}],"items_purged_floors":[],"is_endless":false,"potions_floor_spawned":[2,4,6,10,14,18,20,22,23],"killed_by":"Shelled Parasite and Fungi","ascension_level":0}}