{"host":"eav5i5w47nlnv2l1","time":1608236385,"event":{"mods":["BaseMod","Minty Spire (QoL Compilation)"],"gold_per_floor":[113,126,142,154,173,199,210,229,229,241,241,166,194,94,94,196,246,257,271,36,50,12,12,31,44,44,44,70,70,81,6,6,106,106,117,133,8,8,18,44,44,72,72,90,110,110,110,20,20,20,20],"floor_reached":50,"playtime":6216,"items_purged":["Strike_P","Strike_P","ReachHeaven"],"score":540,"play_id":"239015a0-2eff-4697-b50f-5a4bc5775871","local_time":"20201217151945","is_ascension_mode":false,"campfire_choices":[{"floor":11.0,"key":"REST"},{"floor":15.0,"key":"REST"},{"data":"Establishment","floor":23.0,"key":"SMITH"},{"data":"Eruption","floor":27.0,"key":"SMITH"},{"floor":32.0,"key":"REST"},{"floor":41.0,"key":"REST"},{"floor":46,"key":"REST"},{"floor":49,"key":"REST"}],"circlet_count":0,"master_deck":["Defend_P","Defend_P+1","Defend_P","Eruption+1","Vigilance","Halt","InnerPeace","Crescendo","Pray","Scrawl","EmptyBody","Conclude","Prostrate","Establishment+1","SpiritShield","Devotion","Perseverance+1","BattleHymn","Crescendo+1","SandsOfTime+1","FearNoEvil","Brilliance","SashWhip+1","Protect","ClearTheMind","MentalFortress","SandsOfTime"],"relics":["PureWater","Bottled Lightning","Darkstone Periapt","FossilizedHelix","Tiny House","Pear","Centennial Puzzle","Empty Cage","Orichalcum","Question Card","Dead Branch"],"acts_visited":["Exordium","TheCity","TheBeyond"],"potions_floor_usage":[45,45],"damage_taken":[{"damage":2.0,"enemies":"Small Slimes","floor":1.0,"turns":4.0},{"damage":0.0,"enemies":"Cultist","floor":2.0,"turns":3.0},{"damage":0.0,"enemies":"2 Louse","floor":3.0,"turns":3.0},{"damage":3.0,"enemies":"Lots of Slimes","floor":4.0,"turns":3.0},{"damage":2.0,"enemies":"2 Fungi Beasts","floor":5.0,"turns":3.0},{"damage":23.0,"enemies":"3 Sentries","floor":6.0,"turns":8.0},{"damage":2.0,"enemies":"Large Slime","floor":7.0,"turns":3.0},{"damage":0.0,"enemies":"Blue Slaver","floor":8.0,"turns":1.0},{"damage":20.0,"enemies":"Exordium Thugs","floor":10.0,"turns":10.0},{"damage":24.0,"enemies":"Lagavulin","floor":13.0,"turns":3.0},{"damage":20.0,"enemies":"The Guardian","floor":16.0,"turns":9.0},{"damage":0.0,"enemies":"Shell Parasite","floor":18.0,"turns":8.0},{"damage":10.0,"enemies":"2 Thieves","floor":19.0,"turns":2.0},{"damage":14.0,"enemies":"Centurion and Healer","floor":21.0,"turns":6.0},{"damage":6.0,"enemies":"Shelled Parasite and Fungi","floor":24.0,"turns":4.0},{"damage":0.0,"enemies":"Snake Plant","floor":25.0,"turns":4.0},{"damage":30.0,"enemies":"Gremlin Leader","floor":28.0,"turns":5.0},{"damage":0.0,"enemies":"3 Cultists","floor":29.0,"turns":2.0},{"damage":7.0,"enemies":"Shelled Parasite and Fungi","floor":30.0,"turns":4.0},{"damage":14.0,"enemies":"Champ","floor":33.0,"turns":7.0},{"damage":0.0,"enemies":"3 Shapes","floor":35.0,"turns":3.0},{"damage":16.0,"enemies":"Orb Walker","floor":36.0,"turns":4.0},{"damage":0.0,"enemies":"Sphere and 2 Shapes","floor":39.0,"turns":9.0},{"damage":21.0,"enemies":"Reptomancer","floor":40.0,"turns":7.0},{"damage":27.0,"enemies":"Giant Head","floor":42.0,"turns":8.0},{"damage":7.0,"enemies":"Maw","floor":44.0,"turns":6.0},{"damage":15,"enemies":"3 Darklings","floor":45,"turns":6},{"damage":94,"enemies":"Awakened One","floor":50,"turns":9}],"seed_played":"3235172717795967067","potions_obtained":[{"floor":1.0,"key":"Explosive Potion"},{"floor":2.0,"key":"SmokeBomb"},{"floor":6.0,"key":"Dexterity Potion"},{"floor":13.0,"key":"PowerPotion"},{"floor":17.0,"key":"LiquidMemories"},{"floor":24.0,"key":"PowerPotion"},{"floor":25.0,"key":"SpeedPotion"},{"floor":28.0,"key":"GamblersBrew"},{"floor":30.0,"key":"Regen Potion"},{"floor":36.0,"key":"Dexterity Potion"},{"floor":39.0,"key":"AttackPotion"},{"floor":40.0,"key":"Regen Potion"},{"floor":42.0,"key":"GamblersBrew"}],"is_trial":false,"path_per_floor":["M","M","M","M","M","E","M","M","T","M","R","$","E","$","R","B",null,"M","M","$","M","$","R","M","M","T","R","E","M","M","?","R","B",null,"M","M","$","?","M","E","R","E","T","M","M","R","?","?","R","B"],"character_chosen":"WATCHER","items_purchased":["Devotion","Perseverance","LikeWater"],"campfire_rested":6,"item_purchase_floors":[20,20,22],"current_hp_per_floor":[70,70,70,67,65,42,40,40,40,20,41,41,17,17,38,18,77,77,67,67,53,53,53,47,47,57,57,27,27,20,20,46,47,87,87,71,71,71,71,50,74,47,47,40,37,61,61,61,83,0,0],"gold":20,"neow_bonus":"THREE_CARDS","is_daily":false,"chose_seed":false,"campfire_upgraded":2,"win_rate":0.0,"timestamp":1608236385,"path_taken":["M","M","M","M","M","E","M","M","T","M","R","$","E","$","R","BOSS","M","M","$","M","$","R","M","M","T","R","E","M","M","?","R","BOSS","M","M","$","?","M","E","R","E","T","M","M","R","?","?","R","BOSS"],"items_purchased_type":["Card","Card","Card"],"build_version":"2020-12-13","purchased_purges":3,"victory":false,"max_hp_per_floor":[72,72,72,72,72,72,72,72,72,72,72,72,72,72,72,72,77,77,77,77,77,77,77,77,77,87,87,87,87,87,87,87,87,87,87,87,87,83,83,83,83,83,83,83,83,83,83,83,83,83,83],"card_choices":[{"not_picked":["BowlingBash","FlurryOfBlows"],"picked":"Halt","floor":0.0},{"not_picked":["Fasting2","Halt"],"picked":"InnerPeace","floor":1.0},{"not_picked":["FlurryOfBlows","CutThroughFate"],"picked":"ReachHeaven","floor":2.0},{"not_picked":["Meditate","PathToVictory"],"picked":"Crescendo","floor":3.0},{"not_picked":["FlurryOfBlows","JustLucky"],"picked":"Pray","floor":4.0},{"not_picked":["CrushJoints","CutThroughFate","InnerPeace"],"picked":"SKIP","floor":5.0},{"not_picked":["JustLucky","WheelKick"],"picked":"Scrawl","floor":6.0},{"not_picked":["Protect","ReachHeaven"],"picked":"EmptyBody","floor":7.0},{"not_picked":["BowlingBash","EmptyFist","ReachHeaven"],"picked":"SKIP","floor":8.0},{"not_picked":["SignatureMove","BattleHymn"],"picked":"Conclude","floor":10.0},{"not_picked":["Omniscience","Pray"],"picked":"Prostrate","floor":13.0},{"not_picked":["Alpha","ConjureBlade"],"picked":"Establishment","floor":16.0},{"not_picked":["PathToVictory","Vengeance+1"],"picked":"SpiritShield","floor":18.0},{"not_picked":["Crescendo","Pray+1","Consecrate"],"picked":"SKIP","floor":19.0},{"not_picked":["WreathOfFlame","Swivel"],"picked":"BattleHymn","floor":21.0},{"not_picked":["Study","Halt"],"picked":"Crescendo+1","floor":24.0},{"not_picked":["Study","Adaptation"],"picked":"SandsOfTime+1","floor":25.0},{"not_picked":["Adaptation","SashWhip","JustLucky+1"],"picked":"SKIP","floor":28.0},{"not_picked":["CarveReality","LikeWater+1"],"picked":"FearNoEvil","floor":30.0},{"not_picked":["Blasphemy","Establishment"],"picked":"Brilliance","floor":33.0},{"not_picked":["CrushJoints+1","BattleHymn"],"picked":"SashWhip+1","floor":35.0},{"not_picked":["PathToVictory","EmptyMind+1"],"picked":"Protect","floor":36.0},{"not_picked":["FlurryOfBlows","JustLucky+1"],"picked":"ClearTheMind","floor":39.0},{"not_picked":["FlyingSleeves","Adaptation+1"],"picked":"MentalFortress","floor":40.0},{"not_picked":["Study+1","Tantrum+1"],"picked":"SandsOfTime","floor":42.0},{"not_picked":["FollowUp","BowlingBash","ThirdEye","Crescendo"],"picked":"SKIP","floor":44.0},{"not_picked":["EmptyFist+1","Wish","FollowUp+1","JustLucky+1"],"picked":"SKIP","floor":45}],"player_experience":1388878,"relics_obtained":[{"floor":6.0,"key":"Bottled Lightning"},{"floor":9.0,"key":"Darkstone Periapt"},{"floor":13.0,"key":"FossilizedHelix"},{"floor":26.0,"key":"Pear"},{"floor":28.0,"key":"Centennial Puzzle"},{"floor":40.0,"key":"Orichalcum"},{"floor":42.0,"key":"Question Card"},{"floor":43.0,"key":"Dead Branch"}],"event_choices":[{"cards_removed":["Strike_P"],"damage_healed":0.0,"max_hp_gain":0.0,"max_hp_loss":0.0,"gold_gain":0.0,"event_name":"Beggar","player_choice":"Gave Gold","floor":31.0,"gold_loss":75.0,"damage_taken":0.0},{"damage_healed":0.0,"max_hp_gain":0.0,"max_hp_loss":4.0,"gold_gain":0.0,"event_name":"Winding Halls","player_choice":"Max HP","floor":38.0,"gold_loss":0.0,"damage_taken":0.0},{"damage_healed":0,"gold_gain":0,"player_choice":"Ignored","damage_taken":0,"max_hp_gain":0,"max_hp_loss":0,"event_name":"Mysterious Sphere","floor":47,"gold_loss":0},{"cards_removed":["LikeWater"],"damage_healed":0,"gold_gain":0,"player_choice":"Upgrade and Remove","damage_taken":0,"max_hp_gain":0,"max_hp_loss":0,"event_name":"Designer","floor":48,"gold_loss":90,"cards_upgraded":["Perseverance"]}],"is_beta":false,"boss_relics":[{"not_picked":["Ectoplasm","SacredBark"],"picked":"Tiny House"},{"not_picked":["Runic Pyramid","Pandora\u0027s Box"],"picked":"Empty Cage"}],"items_purged_floors":[12,14,37],"is_endless":false,"potions_floor_spawned":[1,2,6,13,24,25,28,29,30,36,39,40,42],"killed_by":"Awakened One","ascension_level":0}}