{"host":"61ejhfsushs0xmcl","time":1608201945,"event":{"mods":["Act Like it!","BaseMod","Colored Map","Gold Saver","Marisa（F雨　魔理沙）","Minty Spire (QoL Compilation)","MostiFishMod","Replay The Spire","Robot Space Explorer","Spicy Shops","StSLib","TestMod","The Alterego","The Dragon Tamer","Waifu the Spire","[地精首领爬塔]The Maniac","篝火指南"],"gold_per_floor":[1526,1538,1550,1550,1567,1593,853,884,907,921,367,378,401,423,423,520,520,538,351,351,364,374,407,407,437,510,522,532,155,190,128,128,232,232,242,261,274,294,311,311,338,338,338,178,191,219,219,39,39,39,39,39,5,31,31],"floor_reached":56,"playtime":6168,"items_purged":["alterego_mod:Impale","alterego_mod:Lingerie","alterego_mod:Defend","alterego_mod:Strike","Doubt","alterego_mod:BrynhildrsRune","alterego_mod:BigMeatyClaws"],"score":2080,"play_id":"79069144-bdd0-4d56-a9da-a41133d38daa","local_time":"20201217184545","is_ascension_mode":true,"campfire_choices":[{"data":"alterego_mod:DiscoLights","floor":15.0,"key":"SMITH"},{"data":"alterego_mod:Venus","floor":24.0,"key":"SMITH"},{"data":"alterego_mod:Tantrum","floor":32,"key":"SMITH"},{"data":"alterego_mod:Palingenesis+1","floor":40,"key":"SMITH"},{"data":"alterego_mod:Palingenesis+2","floor":42,"key":"SMITH"},{"data":"alterego_mod:Palingenesis+3","floor":47,"key":"SMITH"},{"floor":49,"key":"RECALL"},{"data":"alterego_mod:Palingenesis+4","floor":52,"key":"SMITH"}],"circlet_count":0,"master_deck":["alterego_mod:Strike","alterego_mod:Defend","alterego_mod:BreastValley+1","alterego_mod:DiscoLights+1","alterego_mod:TrashNCrash+1","alterego_mod:Pet","alterego_mod:Venus+1","alterego_mod:DiscoLights+1","alterego_mod:Valkyrie","alterego_mod:Tantrum+1","alterego_mod:Palingenesis+5","alterego_mod:GachaTicket+1"],"relics":["alterego_mod:MasochisticConstitution","testmod-TestBox","DaveBox","testmod-Temperance","RhineCircuit","Question Card","Singing Bowl","Bag of Preparation","Strawberry","Sling","Anchor","testmod-Hope","Technique","Odd Mushroom","testmod-CrystalShield","ImportantClient","Coffee Dripper","Orrery","Boot","ReplayTheSpireMod:Lightbulb","Bottled Tornado","Membership Card","Replay:Rubber Ducky","BrkXgEgg","testmod-ObsoleteBoomerang","Frozen Egg 2","Dead Branch","Chemical X","GreenFoldingFan","Blood Vial","Sundial","Dream Catcher","Replay:Wax Seal"],"acts_visited":["Exordium","TheCity","TheBeyond","TheEnding"],"potions_floor_usage":[55,55],"damage_taken":[{"damage":6.0,"enemies":"Cultist","floor":1.0,"turns":4.0},{"damage":14.0,"enemies":"Jaw Worm","floor":2.0,"turns":3.0},{"damage":2.0,"enemies":"2 Louse","floor":3.0,"turns":3.0},{"damage":16.0,"enemies":"Looter","floor":5.0,"turns":3.0},{"damage":16.0,"enemies":"Lagavulin","floor":6.0,"turns":7.0},{"damage":8.0,"enemies":"Gremlin Nob","floor":8.0,"turns":5.0},{"damage":3.0,"enemies":"Large Slime","floor":10.0,"turns":6.0},{"damage":0.0,"enemies":"Red Slaver","floor":12.0,"turns":4.0},{"damage":4.0,"enemies":"The Mushroom Lair","floor":13.0,"turns":3.0},{"damage":0.0,"enemies":"Fading Forest","floor":16.0,"turns":11.0},{"damage":0.0,"enemies":"2 Thieves","floor":18.0,"turns":3.0},{"damage":0.0,"enemies":"Chosen","floor":21.0,"turns":3.0},{"damage":0.0,"enemies":"Snecko","floor":22.0,"turns":4.0},{"damage":0.0,"enemies":"Gremlin Leader","floor":23.0,"turns":6.0},{"damage":4.0,"enemies":"Book of Stabbing","floor":25.0,"turns":2.0},{"damage":0.0,"enemies":"Centurion and Healer","floor":27.0,"turns":3.0},{"damage":12.0,"enemies":"Shelled Parasite and Fungi","floor":28.0,"turns":3.0},{"damage":22.0,"enemies":"Gremlin Leader","floor":30.0,"turns":4.0},{"damage":0,"enemies":"Pondfish","floor":33,"turns":4},{"damage":6,"enemies":"3 Shapes","floor":35,"turns":3},{"damage":6,"enemies":"3 Darklings","floor":36,"turns":3},{"damage":6,"enemies":"Sphere and 2 Shapes","floor":37,"turns":2},{"damage":9,"enemies":"Spire Growth","floor":38,"turns":3},{"damage":10,"enemies":"3 Darklings","floor":39,"turns":5},{"damage":10,"enemies":"R_Hoarder","floor":41,"turns":3},{"damage":10,"enemies":"Sphere and 2 Shapes","floor":45,"turns":3},{"damage":12,"enemies":"Giant Head","floor":46,"turns":4},{"damage":31,"enemies":"Donu and Deca","floor":50,"turns":5},{"damage":32,"enemies":"Shield and Spear","floor":54,"turns":3},{"damage":20,"enemies":"The Heart","floor":55,"turns":5}],"seed_played":"2772983920595215587","potions_obtained":[{"floor":6.0,"key":"Languid Potion"},{"floor":10.0,"key":"Reflective Coating"},{"floor":12.0,"key":"PowerPotion"},{"floor":16.0,"key":"Block Potion"},{"floor":37,"key":"DuplicationPotion"}],"is_trial":false,"path_per_floor":["M","M","M","?","M","E","R","E","T","M","$","M","?","?","R","B",null,"M","$","?","M","M","E","R","E","T","M","M","$","E","$","R","B",null,"M","M","M","M","M","R","E","R","T","$","M","E","R","$","R","B",null,"R","$","E","B",null],"character_chosen":"The_Alterego","items_purchased":["Bag of Preparation","Strawberry","Sling","Fire Potion","Adrenaline Potion","testmod-Hope","Technique","Orrery","Membership Card","Replay:Rubber Ducky","BrkXgEgg","testmod-ObsoleteBoomerang","Frozen Egg 2","Chemical X","Replay:Wax Seal"],"campfire_rested":0,"item_purchase_floors":[7,7,7,7,7,11,11,19,29,29,29,29,29,31,53],"current_hp_per_floor":[44,31,30,35,20,5,12,5,5,5,5,12,11,13,13,29,96,98,106,106,108,110,112,112,109,109,115,106,106,101,101,101,121,121,124,125,128,131,134,134,137,137,137,137,140,143,143,143,143,127,144,144,144,125,118],"gold":31,"neow_bonus":"REMOVE_TWO","is_daily":false,"chose_seed":false,"campfire_upgraded":7,"win_rate":0.0,"timestamp":1608201945,"path_taken":["M","M","?","?","M","E","R","E","T","M","$","M","?","?","R","BOSS","M","$","?","M","M","E","R","E","T","?","M","$","E","?","R","BOSS","M","?","M","M","M","R","E","R","T","$","?","E","R","$","R","BOSS","R","$","E","BOSS"],"items_purchased_type":["Relic","Relic","Relic","Potion","Potion","Relic","Relic","Relic","Relic","Relic","Relic","Relic","Relic","Relic","Relic"],"build_version":"2020-12-13","purchased_purges":7,"victory":true,"max_hp_per_floor":[71,72,73,78,79,80,87,88,88,91,91,91,94,96,96,96,96,98,106,106,108,110,112,112,113,113,115,118,118,121,121,121,121,121,124,125,128,131,134,134,137,137,137,137,140,143,143,143,143,144,144,144,144,147,148],"card_choices":[{"not_picked":["alterego_mod:BiFurious","alterego_mod:MagicResistance"],"picked":"alterego_mod:Lingerie","floor":1.0},{"not_picked":["alterego_mod:Pet","alterego_mod:Mirror","alterego_mod:Cooking"],"picked":"alterego_mod:BreastValley","floor":2.0},{"not_picked":["alterego_mod:IndependentAction","alterego_mod:Clones","alterego_mod:Complex"],"picked":"alterego_mod:AlterEgo","floor":3.0},{"not_picked":["alterego_mod:Smother","alterego_mod:Rip","alterego_mod:Complex","alterego_mod:Skirt"],"picked":"SKIP","floor":5.0},{"not_picked":["alterego_mod:Smother","alterego_mod:MagicResistance","alterego_mod:Schoolgirl"],"picked":"alterego_mod:DiscoLights","floor":6.0},{"not_picked":["alterego_mod:Cooking","alterego_mod:Skirt","alterego_mod:RocketPunch"],"picked":"alterego_mod:TrashNCrash","floor":8.0},{"not_picked":["alterego_mod:Cycle","alterego_mod:DeftHands","alterego_mod:InsideBaseball","alterego_mod:DestructionOfProperty"],"picked":"Singing Bowl","floor":10.0},{"not_picked":["alterego_mod:Complex","alterego_mod:Birthday","alterego_mod:1TonWallop"],"picked":"alterego_mod:Pet","floor":12.0},{"not_picked":["alterego_mod:Maid","alterego_mod:RingBreak","alterego_mod:Undulate","alterego_mod:Punishment"],"picked":"Singing Bowl","floor":13.0},{"not_picked":["alterego_mod:Undulate","alterego_mod:Rip","alterego_mod:SuperDuperMasochism","alterego_mod:DeftHands"],"picked":"Singing Bowl","floor":14.0},{"not_picked":["alterego_mod:STier","alterego_mod:Tantrum","alterego_mod:ClassAdvantage"],"picked":"alterego_mod:Venus","floor":16.0},{"not_picked":["alterego_mod:GoddessCore","alterego_mod:MagicResistance+1","alterego_mod:DiscoLights","alterego_mod:Bounce+1"],"picked":"Singing Bowl","floor":18.0},{"not_picked":["alterego_mod:RingBreak","alterego_mod:Valentines","alterego_mod:PresenceConcealment+1"],"picked":"alterego_mod:DiscoLights+1","floor":19.0},{"not_picked":["alterego_mod:PurpleHair","alterego_mod:DiscoLights","alterego_mod:Exercise","alterego_mod:1TonWallop"],"picked":"Singing Bowl","floor":19.0},{"not_picked":["alterego_mod:SakuraPetals","alterego_mod:Nekomimi","alterego_mod:Rip+1","alterego_mod:Jiggle"],"picked":"Singing Bowl","floor":19.0},{"not_picked":["alterego_mod:BiFurious","alterego_mod:Maid","alterego_mod:Rip+1","alterego_mod:Exercise"],"picked":"Singing Bowl","floor":19.0},{"not_picked":["alterego_mod:Smother","alterego_mod:Cycle+1","alterego_mod:PerceptionDisorder","alterego_mod:Nekomimi+1"],"picked":"Singing Bowl","floor":19.0},{"not_picked":["alterego_mod:Pet+1","alterego_mod:DiscoLights","alterego_mod:SakuraLabyrinth","alterego_mod:BeGentle"],"picked":"Singing Bowl","floor":21.0},{"not_picked":["alterego_mod:Vow","alterego_mod:Bounce","alterego_mod:GoddessCore+1","alterego_mod:HighServant"],"picked":"Singing Bowl","floor":22.0},{"not_picked":["alterego_mod:Nekomimi","alterego_mod:SakuraLabyrinth","alterego_mod:HighServant","alterego_mod:1TonWallop"],"picked":"Singing Bowl","floor":23.0},{"not_picked":["alterego_mod:MaintainEyeContact","alterego_mod:Punishment","alterego_mod:DeftHands"],"picked":"alterego_mod:Tantrum","floor":25.0},{"not_picked":["alterego_mod:BiFurious","alterego_mod:RocketPunch","alterego_mod:Santa","alterego_mod:Bloomers"],"picked":"Singing Bowl","floor":27.0},{"not_picked":["alterego_mod:SakuraLabyrinth","alterego_mod:Clap+1","alterego_mod:Rip+1","alterego_mod:Complex"],"picked":"Singing Bowl","floor":28.0},{"not_picked":["alterego_mod:Birthday","alterego_mod:Antipathy+1","alterego_mod:Santa","alterego_mod:Bounce+1"],"picked":"Singing Bowl","floor":30.0},{"not_picked":["alterego_mod:BrynhildrRomantia+1","alterego_mod:AlterEgo+1","alterego_mod:RingBreak+1"],"picked":"alterego_mod:Palingenesis+1","floor":33},{"not_picked":["alterego_mod:BiFurious+1","alterego_mod:Maid+1","alterego_mod:Table+1","alterego_mod:Mirror"],"picked":"Singing Bowl","floor":35},{"not_picked":["alterego_mod:Lingerie","alterego_mod:Cycle+1","alterego_mod:Mirror+1"],"picked":"alterego_mod:GachaTicket+1","floor":36},{"not_picked":["alterego_mod:PerceptionDisorder+1","alterego_mod:DiscoLights+1","alterego_mod:Bounce+1","alterego_mod:Cooking"],"picked":"Singing Bowl","floor":37},{"not_picked":["alterego_mod:Cooking+1","alterego_mod:GoddessCore","alterego_mod:Pet+1","alterego_mod:Maid"],"picked":"Singing Bowl","floor":38},{"not_picked":["alterego_mod:Birthday+1","alterego_mod:Mirror+1","alterego_mod:HighServant+1","alterego_mod:Bounce+1"],"picked":"Singing Bowl","floor":39},{"not_picked":["alterego_mod:Support+1","alterego_mod:PainIsPleasure+1","alterego_mod:PurpleHair+1","alterego_mod:DeftHands"],"picked":"Singing Bowl","floor":41},{"not_picked":["alterego_mod:Swimsuit","alterego_mod:DiscoLights+1","alterego_mod:Pet+1","alterego_mod:1TonWallop+1"],"picked":"Singing Bowl","floor":45},{"not_picked":["alterego_mod:GachaTicket+1","alterego_mod:Schoolgirl","alterego_mod:DeftHands+1","alterego_mod:Mirror+1"],"picked":"Singing Bowl","floor":46},{"not_picked":["alterego_mod:Undulate+1","alterego_mod:Bunnysuit+1","alterego_mod:Santa","alterego_mod:1TonWallop+1"],"picked":"Singing Bowl","floor":54}],"player_experience":808373,"relics_obtained":[{"floor":1.0,"key":"Question Card"},{"floor":6.0,"key":"Singing Bowl"},{"floor":8.0,"key":"Anchor"},{"floor":13.0,"key":"Odd Mushroom"},{"floor":14.0,"key":"testmod-CrystalShield"},{"floor":16.0,"key":"ImportantClient"},{"floor":23.0,"key":"Boot"},{"floor":25.0,"key":"ReplayTheSpireMod:Lightbulb"},{"floor":26.0,"key":"Bottled Tornado"},{"floor":30.0,"key":"Dead Branch"},{"floor":41,"key":"Blood Vial"},{"floor":43,"key":"Sundial"},{"floor":46,"key":"Dream Catcher"}],"event_choices":[{"damage_healed":0.0,"max_hp_gain":5.0,"max_hp_loss":0.0,"gold_gain":0.0,"event_name":"Big Fish","player_choice":"Donut","floor":4.0,"gold_loss":0.0,"damage_taken":0.0},{"damage_healed":0.0,"max_hp_gain":0.0,"max_hp_loss":0.0,"gold_gain":0.0,"event_name":"Mushrooms","player_choice":"Fought Mushrooms","floor":13.0,"gold_loss":0.0,"damage_taken":0.0},{"damage_healed":0.0,"max_hp_gain":0.0,"max_hp_loss":0.0,"gold_gain":0.0,"event_name":"Match and Keep!","player_choice":"1 cards matched","floor":20.0,"gold_loss":0.0,"damage_taken":0.0,"cards_obtained":["alterego_mod:Valkyrie"]}],"is_beta":false,"boss_relics":[{"not_picked":["testmod-KeyOfTheVoid","xbg"],"picked":"Coffee Dripper"},{"not_picked":["TakeMeEscape","testmod-Fanaticism"],"picked":"GreenFoldingFan"}],"items_purged_floors":[7,7,11,11,19,44,48],"is_endless":false,"potions_floor_spawned":[6,10,12,16,23,28,30,33,37,39,45],"ascension_level":3}}