{"host":"wg33yb1rgt3nbe17","time":1608190333,"event":{"mods":["AchievementEnabler","BaseMod","Block Reminder","Colored Map","Highlight Path","Minty Spire (QoL Compilation)","Permanent Neow","StSLib"],"gold_per_floor":[111,36,46,56,71,71,98,98,98,123,134,199,199,199,199,295,295,306,329,344,443,123,149,160,160,235,235,260,277,277,287,287,287,287],"floor_reached":33,"playtime":1245,"items_purged":["Pain"],"score":371,"play_id":"3b955335-6f94-4333-b846-689cb3ba1281","local_time":"20201217023213","is_ascension_mode":true,"campfire_choices":[{"data":"Mayhem","floor":6,"key":"SMITH"},{"floor":8,"key":"REST"},{"floor":13,"key":"REST"},{"floor":15,"key":"REST"},{"data":"Wraith Form v2","floor":25,"key":"SMITH"},{"data":"Wraith Form v2","floor":27,"key":"SMITH"},{"data":"1","floor":30,"key":"LIFT"},{"floor":32,"key":"REST"}],"circlet_count":0,"master_deck":["Strike_G","Strike_G","Strike_G","Strike_G","Strike_G","Defend_G","Defend_G","Defend_G","Defend_G","Defend_G+1","Survivor","Neutralize","Mayhem+1","Blade Dance","Cloak And Dagger","Crippling Poison+1","Malaise","Dash","Blade Dance+1","Adrenaline+1","CurseOfTheBell","Deadly Poison+1","Acrobatics+1","Wraith Form v2+1","Acrobatics+1","Wraith Form v2+1","Dodge and Roll+1","Escape Plan+1","Footwork","Leg Sweep+1","Cloak And Dagger+1"],"relics":["Ring of the Snake","Darkstone Periapt","Toxic Egg 2","Tiny Chest","Mercury Hourglass","Calling Bell","Boot","Molten Egg 2","Girya","Ancient Tea Set","Pen Nib","Ornamental Fan","Dream Catcher"],"acts_visited":["Exordium","TheCity"],"potions_floor_usage":[12,12,12,23,24,33,33],"damage_taken":[{"damage":9,"enemies":"Cultist","floor":1,"turns":5},{"damage":4,"enemies":"Jaw Worm","floor":3,"turns":4},{"damage":7,"enemies":"Small Slimes","floor":4,"turns":4},{"damage":23,"enemies":"Exordium Wildlife","floor":5,"turns":6},{"damage":16,"enemies":"3 Sentries","floor":7,"turns":10},{"damage":10,"enemies":"Looter","floor":11,"turns":3},{"damage":9,"enemies":"3 Sentries","floor":12,"turns":8},{"damage":18,"enemies":"The Guardian","floor":16,"turns":12},{"damage":26,"enemies":"2 Thieves","floor":18,"turns":4},{"damage":0,"enemies":"Chosen","floor":20,"turns":3},{"damage":12,"enemies":"Gremlin Leader","floor":23,"turns":6},{"damage":5,"enemies":"Snecko","floor":24,"turns":4},{"damage":3,"enemies":"Book of Stabbing","floor":28,"turns":6},{"damage":2,"enemies":"Centurion and Healer","floor":29,"turns":7},{"damage":2,"enemies":"3 Cultists","floor":31,"turns":4},{"damage":48,"enemies":"Champ","floor":33,"turns":12}],"seed_played":"-4907110060734535110","potions_obtained":[{"floor":4,"key":"Energy Potion"},{"floor":5,"key":"LiquidMemories"},{"floor":7,"key":"FearPotion"},{"floor":18,"key":"Poison Potion"},{"floor":24,"key":"Swift Potion"},{"floor":31,"key":"BlessingOfTheForge"}],"is_trial":false,"path_per_floor":["M","$","M","M","M","R","E","R","T","T","M","?","R","?","R","B",null,"M","T","M","?","$","E","M","R","T","R","E","M","R","M","R","B"],"character_chosen":"THE_SILENT","items_purchased":["Wraith Form v2","Acrobatics+1","Ancient Potion","Ancient Potion"],"campfire_rested":4,"item_purchase_floors":[22,22,22,22],"current_hp_per_floor":[54,54,50,43,20,20,4,25,25,25,15,6,27,13,34,16,63,37,37,37,37,37,25,20,20,20,20,17,15,15,13,35,0,0],"gold":287,"neow_bonus":"RANDOM_COLORLESS_2","is_daily":false,"chose_seed":false,"campfire_upgraded":3,"win_rate":0.0,"timestamp":1608190333,"path_taken":["M","$","M","M","M","R","E","R","T","?","?","?","R","?","R","BOSS","M","?","M","?","$","E","M","R","T","R","E","M","R","M","R","BOSS"],"items_purchased_type":["Card","Card","Potion","Potion"],"build_version":"2020-12-13","purchased_purges":1,"victory":false,"max_hp_per_floor":[70,70,70,70,70,70,70,70,70,70,70,70,70,70,70,70,76,76,76,76,76,76,76,76,76,76,76,76,76,76,76,76,76,76],"card_choices":[{"not_picked":["Magnetism","Secret Technique"],"picked":"Mayhem","floor":0},{"not_picked":["Caltrops","Calculated Gamble"],"picked":"Blade Dance","floor":1},{"not_picked":["Deflect","Outmaneuver","Prepared"],"picked":"SKIP","floor":3},{"not_picked":["Sucker Punch","Deadly Poison"],"picked":"Cloak And Dagger","floor":4},{"not_picked":["Slice","Distraction"],"picked":"Crippling Poison","floor":5},{"not_picked":["Well Laid Plans","Caltrops"],"picked":"Malaise","floor":7},{"not_picked":["Setup+1","Infinite Blades"],"picked":"Dash","floor":11},{"not_picked":["Sucker Punch","Dagger Spray"],"picked":"Blade Dance+1","floor":12},{"not_picked":["Wraith Form v2","Die Die Die"],"picked":"Adrenaline+1","floor":16},{"not_picked":["Skewer+1","Reflex+1"],"picked":"Deadly Poison+1","floor":18},{"not_picked":["Outmaneuver+1","Bane+1"],"picked":"Acrobatics+1","floor":20},{"not_picked":["Flying Knee+1","Prepared+1"],"picked":"Wraith Form v2","floor":23},{"not_picked":["Outmaneuver+1","Deflect+1"],"picked":"Dodge and Roll+1","floor":24},{"not_picked":["Calculated Gamble+1","Choke+1"],"picked":"Escape Plan+1","floor":28},{"not_picked":["Flying Knee+1","Cloak And Dagger+1"],"picked":"Footwork","floor":29},{"not_picked":["Dash+1","Dagger Spray+1"],"picked":"Leg Sweep+1","floor":31},{"not_picked":["Deflect+1","Heel Hook+1"],"picked":"Cloak And Dagger+1","floor":32}],"player_experience":508438,"relics_obtained":[{"floor":7,"key":"Darkstone Periapt"},{"floor":9,"key":"Toxic Egg 2"},{"floor":10,"key":"Tiny Chest"},{"floor":12,"key":"Mercury Hourglass"},{"floor":17,"key":"Boot"},{"floor":17,"key":"Molten Egg 2"},{"floor":17,"key":"Girya"},{"floor":19,"key":"Ancient Tea Set"},{"floor":23,"key":"Pen Nib"},{"floor":26,"key":"Ornamental Fan"},{"floor":28,"key":"Dream Catcher"}],"event_choices":[{"damage_healed":0,"gold_gain":0,"player_choice":"Searched \u00271\u0027 times","damage_taken":0,"max_hp_gain":0,"max_hp_loss":0,"event_name":"Dead Adventurer","floor":12,"gold_loss":0},{"damage_healed":0,"gold_gain":0,"player_choice":"Entered Light","damage_taken":14,"max_hp_gain":0,"max_hp_loss":0,"event_name":"Shining Light","floor":14,"gold_loss":0,"cards_upgraded":["Defend_G","Crippling Poison"]},{"damage_healed":0,"gold_gain":99,"player_choice":"Stole From Cult","damage_taken":0,"max_hp_gain":0,"max_hp_loss":0,"event_name":"Nest","floor":21,"gold_loss":0}],"is_beta":false,"boss_relics":[{"not_picked":["Busted Crown","Velvet Choker"],"picked":"Calling Bell"}],"items_purged_floors":[2],"is_endless":false,"potions_floor_spawned":[4,5,7,18,24,31],"killed_by":"Champ","ascension_level":6}}