{"host":"j05tanvorlbs2t7f","time":1608198153,"event":{"mods":["2.2 Compatiblity","AchievementEnabler","BaseMod","BetterRewards","Card Forge","Colored Powertips","Conspire","Downfall","Minty Spire (QoL Compilation)","Permanent Neow","Replay The Spire","Shade Mod","StSLib","The Bug Knight","The Construct","The Cursed","The Forsaken","The Hierophant","The Sage","TheHeartMod"],"gold_per_floor":[99,99,115,130,55,505,528,528,528,557,557,574,586,614,636,747,747,672,698,739,765,99,134,134,134,161,199,218,243,264,264,285,380,380,380,413,413,448,448,448,448,149,74,115,141,126,126,149,160,160],"floor_reached":51,"playtime":5480,"items_purged":[],"score":842,"play_id":"a1891262-5d69-48b6-883d-ae80b7618a1e","local_time":"20201217104233","is_ascension_mode":false,"campfire_choices":[{"floor":1.0,"key":"RECALL"},{"data":"hexamod:PhantomCloak","floor":5.0,"key":"SMITH"},{"data":"hexamod:Sear","floor":8.0,"key":"SMITH"},{"data":"hexamod:ChargedBarrage","floor":18.0,"key":"SMITH"},{"data":"hexamod:PhantomCloak","floor":25.0,"key":"SMITH"},{"data":"hexamod:HexaLevel","floor":35.0,"key":"SMITH"},{"floor":37.0,"key":"REST"},{"floor":39.0,"key":"REST"},{"data":"hexamod:WildfireWeapon","floor":43.0,"key":"SMITH"}],"circlet_count":0,"master_deck":["hexamod:Strike+1","hexamod:Strike+1","hexamod:Strike+1","hexamod:Strike+1","hexamod:Defend+1","hexamod:Defend+1","hexamod:Defend+1","hexamod:Defend+1","hexamod:Sear+1","hexamod:Float+1","hexamod:GhostShield+1","hexamod:PhantomCloak+1","Slimebound:Icky","Slimebound:Icky","Slimebound:Icky","hexamod:FourthSeal","hexamod:ChargedBarrage+1","hexamod:SecondSeal","hexamod:InspiringFlames+1","hexamod:GhostLash+1","hexamod:SixthSeal","hexamod:PhantomFireball+1","hexamod:NightmareGuise+1","hexamod:ExtraCrispy+1","hexamod:ThirdSeal","hexamod:EtherealExpedition+1","hexamod:PhantomCloak+1","hexamod:AdvancingGuard+1","hexamod:Firestarter+1","hexamod:ExtraCrispy+1","hexamod:GhostShield+1","hexamod:FirstSeal","hexamod:GhostLash+1","hexamod:ChargedBarrage+1","hexamod:BurningTouch+1","hexamod:ExtraCrispy+1","theForsaken:PlagueCurse","hexamod:HeatMetal+1","hexamod:ChargedBarrage+1","hexamod:HexaLevel+1","hexamod:WildfireWeapon+1","hexamod:AdvancingGuard+1","hexamod:FirstSeal","hexamod:DynamicBlow+1","hexamod:SpectersWail+1","hexamod:DynamicBlow+1","hexamod:Firestarter+1","hexamod:EtherealExpedition+1","hexamod:GhostLash+1","hexamod:EmpoweringStance"],"relics":["hexamod:SpiritBrand","Hammer of Thor","Seething Fire","Anvil of the Gods","Ring of Peace","downfall:HeartBlessingRed","HollowMod:PaleOreRelic","Bronze Scales","hexamod:IceCube","downfall:HeartBlessingGreen","White Beast Statue","Snack Pack","hexamod:InflammatoryLetter","Mummified Hand","Boot","theForsaken:PlagueMask","Replay:Accelerometer","Pantograph","Thread and Needle","downfall:HeartBlessingBlue","conspire:TopHat","downfall:TeleportStone"],"acts_visited":["Exordium","TheCity","TheBeyond"],"potions_floor_usage":[44],"damage_taken":[{"damage":0.0,"enemies":"Small Slimes","floor":3.0,"turns":3.0},{"damage":0.0,"enemies":"conspire:RoseBush","floor":4.0,"turns":4.0},{"damage":21.0,"enemies":"Gremlin Nob","floor":10.0,"turns":6.0},{"damage":0.0,"enemies":"2 Louse","floor":12.0,"turns":3.0},{"damage":3.0,"enemies":"Gremlin Gang","floor":13.0,"turns":7.0},{"damage":0.0,"enemies":"Large Slime","floor":14.0,"turns":6.0},{"damage":3.0,"enemies":"Exordium Wildlife","floor":15.0,"turns":4.0},{"damage":12.0,"enemies":"downfall:Watcher","floor":16.0,"turns":13.0},{"damage":0.0,"enemies":"conspire:FuzzyDice","floor":19.0,"turns":9.0},{"damage":15.0,"enemies":"conspire:SneckoGhost","floor":20.0,"turns":8.0},{"damage":0.0,"enemies":"Chosen and Byrds","floor":21.0,"turns":6.0},{"damage":0.0,"enemies":"downfall:FleeingMerchant","floor":22.0,"turns":4.0},{"damage":1.0,"enemies":"HollowMod:Nosk","floor":23.0,"turns":11.0},{"damage":14.0,"enemies":"Sentry and Sphere","floor":26.0,"turns":6.0},{"damage":13.0,"enemies":"Slavers","floor":27.0,"turns":7.0},{"damage":0.0,"enemies":"conspire:HollyBat","floor":28.0,"turns":10.0},{"damage":0.0,"enemies":"Snake Plant","floor":29.0,"turns":4.0},{"damage":10.0,"enemies":"Cultist and Chosen","floor":30.0,"turns":7.0},{"damage":14.0,"enemies":"Centurion and Healer","floor":32.0,"turns":7.0},{"damage":33.0,"enemies":"downfall:Silent","floor":33.0,"turns":7.0},{"damage":57.0,"enemies":"Reptomancer","floor":36.0,"turns":7.0},{"damage":11.0,"enemies":"conspire:MimicChest","floor":38.0,"turns":9.0},{"damage":0.0,"enemies":"downfall:FleeingMerchant","floor":42.0,"turns":4.0},{"damage":44,"enemies":"Giant Head","floor":44,"turns":9},{"damage":3,"enemies":"3 Shapes","floor":45,"turns":7},{"damage":0,"enemies":"downfall:FleeingMerchant","floor":46,"turns":4},{"damage":29,"enemies":"3 Darklings","floor":48,"turns":6},{"damage":3,"enemies":"4 Shapes","floor":49,"turns":6},{"damage":6,"enemies":"downfall:Defect","floor":50,"turns":9}],"seed_played":"-5690060818550544301","potions_obtained":[{"floor":3.0,"key":"Elixir"},{"floor":10.0,"key":"GamblersBrew"},{"floor":13.0,"key":"DistilledChaos"},{"floor":14.0,"key":"ColorlessPotion"},{"floor":15.0,"key":"hexamod:DoubleChargePotion"},{"floor":19.0,"key":"AttackPotion"},{"floor":20.0,"key":"Adrenaline Potion"},{"floor":22.0,"key":"PowerPotion"},{"floor":26.0,"key":"DuplicationPotion"},{"floor":26.0,"key":"LifebloodPotion"},{"floor":30.0,"key":"EssenceOfSteel"},{"floor":33.0,"key":"hexamod:DoubleChargePotion"},{"floor":33.0,"key":"Fire Potion"},{"floor":36.0,"key":"EssenceOfSteel"},{"floor":38.0,"key":"hexamod:DoubleChargePotion"},{"floor":44,"key":"FairyPotion"}],"is_trial":false,"path_per_floor":["R","?","M","M","R","?","T","R","?","E","?","M","M","M","M","B",null,"R","M","E","M","$","E","T","R","M","E","M","M","M","?","M","B",null,"R","E","R","?","R","?","T","$","R","E","M","$","?","M","M","B",null],"character_chosen":"THE_SPIRIT","items_purchased":["Snack Pack","hexamod:InflammatoryLetter","hexamod:EtherealExpedition","hexamod:PhantomCloak","Thread and Needle"],"campfire_rested":2,"item_purchase_floors":[22,22,22,22,42],"current_hp_per_floor":[77,77,77,77,77,77,77,77,82,61,61,61,58,58,55,43,82,82,82,67,67,67,70,70,70,58,45,54,61,51,51,37,11,82,82,34,58,56,80,80,80,82,92,62,66,73,73,55,68,92],"gold":160,"neow_bonus":"TEN_PERCENT_HP_BONUS","is_daily":false,"chose_seed":false,"campfire_upgraded":6,"win_rate":0.0,"timestamp":1608198153,"path_taken":["R","?","M","M","R","?","T","R","?","E","?","M","?","M","M","BOSS","R","M","E","M","$","E","T","R","M","E","M","M","M","?","M","BOSS","R","E","R","?","R","?","T","?","R","E","?","?","?","?","M","BOSS"],"items_purchased_type":["Relic","Relic","Card","Card","Relic"],"build_version":"2020-12-13","purchased_purges":0,"victory":true,"max_hp_per_floor":[77,77,77,77,77,77,77,77,82,82,82,82,82,82,82,82,82,82,82,82,82,82,82,82,82,82,82,82,82,82,82,82,82,82,82,82,82,82,82,82,82,82,92,92,92,92,92,92,92,92],"card_choices":[{"not_picked":["hexamod:ShieldOfDarkness","hexamod:RainOfEmbers"],"picked":"hexamod:GhostShield","floor":3.0},{"not_picked":["hexamod:NightmareGuise","hexamod:GhostOfSpireFuture"],"picked":"hexamod:PhantomCloak","floor":4.0},{"not_picked":["hexamod:SearingWound","hexamod:RadiantFlame"],"picked":"hexamod:FourthSeal","floor":10.0},{"not_picked":["hexamod:SwordOfDarkness","hexamod:BacktrackSmack"],"picked":"hexamod:ChargedBarrage","floor":12.0},{"not_picked":["hexamod:Hexaguard","hexamod:RetreatToShadows"],"picked":"hexamod:SecondSeal","floor":13.0},{"not_picked":["hexamod:RainOfEmbers","hexamod:RecurringNightmare"],"picked":"hexamod:InspiringFlames","floor":14.0},{"not_picked":["hexamod:ChargedBarrage","hexamod:ShieldOfDarkness"],"picked":"hexamod:GhostLash","floor":15.0},{"not_picked":["hexamod:GhostflameInferno","hexamod:HexaLevel"],"picked":"hexamod:SixthSeal","floor":16.0},{"not_picked":["hexamod:GhostShield+1","hexamod:SwordOfDarkness+1"],"picked":"hexamod:PhantomFireball","floor":19.0},{"not_picked":["hexamod:SpectersWail","hexamod:GhostOfSpirePast"],"picked":"hexamod:NightmareGuise","floor":20.0},{"not_picked":["hexamod:GhostLash","hexamod:StepThrough"],"picked":"hexamod:ExtraCrispy","floor":21.0},{"not_picked":["hexamod:AdvancingGuard","hexamod:HauntingEcho"],"picked":"hexamod:ThirdSeal","floor":22.0},{"not_picked":["hexamod:GhostLash+1","hexamod:SpectersWail"],"picked":"hexamod:AdvancingGuard","floor":23.0},{"not_picked":["hexamod:SearingWound","hexamod:SwordOfDarkness","hexamod:RetreatToShadows"],"picked":"SKIP","floor":23.0},{"not_picked":["hexamod:SpectersWail+1","hexamod:GhostShield+1"],"picked":"hexamod:Firestarter","floor":26.0},{"not_picked":["hexamod:ThirdSeal","hexamod:SkipABeat+1"],"picked":"hexamod:ExtraCrispy","floor":26.0},{"not_picked":["hexamod:SecondSeal","hexamod:NightmareGuise"],"picked":"hexamod:GhostShield","floor":27.0},{"not_picked":["hexamod:VolcanoVisage","hexamod:InspiringFlames"],"picked":"hexamod:FirstSeal","floor":27.0},{"not_picked":["hexamod:CatchUp","hexamod:GhostflameBarrier"],"picked":"hexamod:GhostLash+1","floor":28.0},{"not_picked":["hexamod:GhostLash","hexamod:Firestarter","hexamod:SwordOfDarkness+1"],"picked":"SKIP","floor":28.0},{"not_picked":["hexamod:Hexaguard","hexamod:Firestarter"],"picked":"hexamod:ChargedBarrage+1","floor":29.0},{"not_picked":["hexamod:Rewind","hexamod:Again","hexamod:Haunt"],"picked":"SKIP","floor":29.0},{"not_picked":["hexamod:InspiringFlames","hexamod:SpectersWail"],"picked":"hexamod:BurningTouch","floor":30.0},{"not_picked":["hexamod:SwordOfDarkness","hexamod:ChargedBarrage"],"picked":"hexamod:ExtraCrispy+1","floor":30.0},{"not_picked":["hexamod:Rewind","hexamod:RainOfEmbers+1"],"picked":"hexamod:HeatMetal","floor":32.0},{"not_picked":["hexamod:PhantomCloak","hexamod:Again+1"],"picked":"hexamod:ChargedBarrage","floor":32.0},{"not_picked":["hexamod:EmpoweringStance","hexamod:GhostflameInferno"],"picked":"hexamod:HexaLevel","floor":33.0},{"not_picked":["hexamod:SearingWound","hexamod:ParanormalForm"],"picked":"hexamod:WildfireWeapon","floor":33.0},{"not_picked":["hexamod:GhostOfSpireFuture","hexamod:GhostOfSpirePast"],"picked":"hexamod:AdvancingGuard+1","floor":36.0},{"not_picked":["hexamod:TurnItUp","hexamod:BacktrackSmack","hexamod:InspiringFlames"],"picked":"SKIP","floor":36.0},{"not_picked":["hexamod:Firestarter+1","hexamod:Hexaguard"],"picked":"hexamod:FirstSeal","floor":38.0},{"not_picked":["hexamod:HexaLevel","hexamod:SwordOfDarkness"],"picked":"hexamod:DynamicBlow+1","floor":38.0},{"not_picked":["hexamod:NightmareGuise","hexamod:BacktrackSmack","hexamod:RetreatToShadows+1"],"picked":"SKIP","floor":42.0},{"not_picked":["hexamod:NightmareStrike+1","hexamod:RetreatToShadows+1"],"picked":"hexamod:SpectersWail+1","floor":44},{"not_picked":["hexamod:SkipABeat","hexamod:GhostflameInferno"],"picked":"hexamod:DynamicBlow+1","floor":44},{"not_picked":["hexamod:Again+1","hexamod:GhostOfSpireFuture+1"],"picked":"hexamod:Firestarter+1","floor":45},{"not_picked":["hexamod:BacktrackSmack+1","hexamod:PhantomCloak"],"picked":"hexamod:EtherealExpedition","floor":46},{"not_picked":["hexamod:RecurringNightmare","hexamod:InspiringFlames+1"],"picked":"hexamod:GhostLash+1","floor":48},{"not_picked":["hexamod:AdvancingGuard","hexamod:BacktrackSmack","hexamod:GhostOfSpirePast"],"picked":"SKIP","floor":48},{"not_picked":["hexamod:SecondSeal","hexamod:RetreatToShadows+1"],"picked":"hexamod:EmpoweringStance","floor":49}],"player_experience":456139,"relics_obtained":[{"floor":2.0,"key":"Ring of Peace"},{"floor":7.0,"key":"HollowMod:PaleOreRelic"},{"floor":10.0,"key":"Bronze Scales"},{"floor":20.0,"key":"White Beast Statue"},{"floor":24.0,"key":"Mummified Hand"},{"floor":27.0,"key":"Boot"},{"floor":36.0,"key":"Replay:Accelerometer"},{"floor":38.0,"key":"Pantograph"},{"floor":44,"key":"conspire:TopHat"}],"event_choices":[{"damage_healed":0.0,"max_hp_gain":5.0,"max_hp_loss":0.0,"gold_gain":0.0,"event_name":"Big Fish","player_choice":"Donut","floor":9.0,"gold_loss":0.0,"damage_taken":0.0},{"damage_healed":0.0,"max_hp_gain":0.0,"max_hp_loss":0.0,"gold_gain":0.0,"event_name":"Accursed Blacksmith","player_choice":"Forge","floor":11.0,"gold_loss":0.0,"damage_taken":0.0,"cards_upgraded":["hexamod:GhostShield"]},{"damage_healed":0.0,"max_hp_gain":0.0,"max_hp_loss":0.0,"gold_gain":0.0,"event_name":"Plague Doctor","player_choice":"Obtain Plague Curse","floor":31.0,"gold_loss":0.0,"damage_taken":0.0,"cards_obtained":["theForsaken:PlagueCurse"]}],"is_beta":false,"boss_relics":[{"not_picked":["Busted Crown","construct:WeddingRing"],"picked":"hexamod:IceCube"},{"not_picked":["Honey Jar","Pandora\u0027s Box","Kintsugi"]}],"items_purged_floors":[],"is_endless":false,"potions_floor_spawned":[3,10,15,16,20,21,22,26,28,29,30,32,33,42,45,46,48,49],"ascension_level":0}}