{"host":"ci7ivtocgfxh0ueo","time":1608182620,"event":{"mods":["BaseMod","GifTheSpireLib","Minty Spire (QoL Compilation)","StSLib"],"gold_per_floor":[113,113,113,24,42,42,56,56,108,124,41,41,67,85,85,161,161,175,175,175,14,14,14,14],"floor_reached":23,"playtime":533,"items_purged":[],"score":531,"play_id":"63a80cb6-975b-4718-b198-758001d11e03","local_time":"20201217132340","is_ascension_mode":true,"campfire_choices":[{"data":"Noxious Fumes","floor":6,"key":"SMITH"},{"data":"Survivor","floor":8,"key":"SMITH"},{"floor":15,"key":"REST"}],"circlet_count":0,"master_deck":["AscendersBane","Strike_G","Strike_G","Strike_G","Strike_G","Defend_G","Defend_G","Defend_G+1","Defend_G","Defend_G","Survivor+1","Neutralize+1","Reflex","Noxious Fumes+1","Poisoned Stab","Heel Hook","Tactician","Unload","Poisoned Stab","Blur","Adrenaline","Distraction+1","Writhe"],"relics":["HoveringKite","Orichalcum","Torii","Empty Cage","War Paint","Prayer Wheel"],"acts_visited":["Exordium","TheCity"],"potions_floor_usage":[5,18,23],"damage_taken":[{"damage":7,"enemies":"Small Slimes","floor":1,"turns":5},{"damage":8,"enemies":"2 Louse","floor":5,"turns":4},{"damage":14,"enemies":"Jaw Worm","floor":7,"turns":4},{"damage":3,"enemies":"2 Fungi Beasts","floor":10,"turns":4},{"damage":28,"enemies":"Gremlin Nob","floor":13,"turns":5},{"damage":3,"enemies":"Large Slime","floor":14,"turns":6},{"damage":16,"enemies":"Hexaghost","floor":16,"turns":10},{"damage":30,"enemies":"Spheric Guardian","floor":18,"turns":6},{"damage":33,"enemies":"Book of Stabbing","floor":23,"turns":6}],"seed_played":"-2532785090114372863","potions_obtained":[{"floor":1,"key":"ColorlessPotion"},{"floor":16,"key":"ColorlessPotion"},{"floor":18,"key":"SkillPotion"}],"is_trial":false,"path_per_floor":["M","?","?","$","M","R","M","R","T","M","$","?","E","M","R","B",null,"M","?","?","$","?","E"],"character_chosen":"THE_SILENT","items_purchased":["Noxious Fumes","Unload","War Paint"],"campfire_rested":1,"item_purchase_floors":[4,11,21],"current_hp_per_floor":[52,57,57,57,49,49,35,35,35,32,32,49,21,18,39,23,57,27,27,27,27,27,0,0],"gold":14,"neow_bonus":"BOSS_RELIC","is_daily":false,"chose_seed":false,"campfire_upgraded":2,"win_rate":0.0,"timestamp":1608182620,"path_taken":["M","?","?","$","M","R","M","R","T","M","$","?","E","M","R","BOSS","M","?","?","$","?","E"],"items_purchased_type":["Card","Card","Relic"],"build_version":"2020-12-13","purchased_purges":0,"victory":false,"max_hp_per_floor":[66,71,71,71,71,71,71,71,71,71,71,71,71,71,71,71,68,68,68,68,68,68,68,68],"card_choices":[{"not_picked":["Infinite Blades","Outmaneuver"],"picked":"Reflex","floor":1},{"not_picked":["Deflect","Underhanded Strike"],"picked":"Poisoned Stab","floor":5},{"not_picked":["Well Laid Plans","All Out Attack"],"picked":"Heel Hook","floor":7},{"not_picked":["Reflex","Expertise"],"picked":"Tactician","floor":10},{"not_picked":["Acrobatics","Outmaneuver"],"picked":"Poisoned Stab","floor":13},{"not_picked":["Dagger Throw","Accuracy"],"picked":"Blur","floor":14},{"not_picked":["Grand Finale","Storm of Steel"],"picked":"Adrenaline","floor":16},{"not_picked":["Catalyst","Flying Knee+1"],"picked":"Distraction","floor":18}],"player_experience":1265153,"relics_obtained":[{"floor":9,"key":"Orichalcum"},{"floor":13,"key":"Torii"}],"event_choices":[{"damage_healed":0,"gold_gain":0,"player_choice":"Donut","damage_taken":0,"max_hp_gain":5,"max_hp_loss":0,"event_name":"Big Fish","floor":2,"gold_loss":0},{"damage_healed":0,"gold_gain":0,"player_choice":"Grow","damage_taken":0,"max_hp_gain":0,"max_hp_loss":0,"event_name":"Living Wall","floor":3,"gold_loss":0,"cards_upgraded":["Neutralize"]},{"damage_healed":17,"gold_gain":0,"player_choice":"Healed and dodged fight","damage_taken":0,"max_hp_gain":0,"max_hp_loss":0,"event_name":"Mushrooms","floor":12,"gold_loss":0,"cards_obtained":["Parasite"]},{"damage_healed":0,"gold_gain":0,"player_choice":"Ignored","damage_taken":0,"max_hp_gain":0,"max_hp_loss":0,"event_name":"Vampires","floor":19,"gold_loss":0},{"damage_healed":0,"gold_gain":0,"player_choice":"Ignored","damage_taken":0,"max_hp_gain":0,"max_hp_loss":0,"event_name":"Ghosts","floor":20,"gold_loss":0},{"damage_healed":0,"gold_gain":0,"player_choice":"Opened","damage_taken":0,"relics_obtained":["Prayer Wheel"],"max_hp_gain":0,"max_hp_loss":0,"event_name":"The Mausoleum","floor":22,"gold_loss":0,"cards_obtained":["Writhe"]}],"is_beta":false,"boss_relics":[{"not_picked":["WristBlade","Philosopher\u0027s Stone"],"picked":"Empty Cage"}],"items_purged_floors":[],"is_endless":false,"potions_floor_spawned":[1,16,18],"killed_by":"Book of Stabbing","ascension_level":17}}