{"host":"94aus4jnk6thj94q","time":1608229273,"event":{"mods":["BaseMod","Minty Spire (QoL Compilation)","Quick Restart","StSLib"],"gold_per_floor":[117,117,132,22,36,36,75,75,75,75,94,112,132,146,146,265,265,259,272,119,119,142,142,142,142,142,154,182,237,249,66,66,66,66],"floor_reached":33,"playtime":4526,"items_purged":["Injury"],"score":267,"play_id":"0a11d02c-75f4-43a5-baa3-a772420c96e7","local_time":"20201217202113","is_ascension_mode":false,"campfire_choices":[{"data":"Self Repair","floor":6,"key":"SMITH"},{"floor":8,"key":"REST"},{"floor":10,"key":"REST"},{"data":"Consume","floor":15,"key":"SMITH"},{"floor":23,"key":"REST"},{"data":"Zap","floor":25,"key":"SMITH"},{"data":"White Noise","floor":27,"key":"SMITH"},{"data":"Blizzard","floor":32,"key":"SMITH"}],"circlet_count":0,"master_deck":["Strike_B","Strike_B","Strike_B","Strike_B","Defend_B+1","Defend_B+1","Defend_B","Defend_B","Zap+1","Dualcast","Compile Driver","Self Repair+1","Blizzard+1","Consume+1","Conserve Battery","Leap","Conserve Battery","White Noise+1","Cold Snap","Electrodynamics","Coolheaded+1","Darkness","Chill+1","Ball Lightning+1"],"relics":["FrozenCore","Golden Idol","Matryoshka","War Paint","Blue Candle","ClockworkSouvenir","MawBank","Kunai","Molten Egg 2","Sling"],"acts_visited":["Exordium","TheCity"],"potions_floor_usage":[7,16,16,29,30,33],"damage_taken":[{"damage":5.0,"enemies":"Jaw Worm","floor":1.0,"turns":4.0},{"damage":0,"enemies":"2 Louse","floor":3,"turns":2},{"damage":10,"enemies":"Small Slimes","floor":5,"turns":3},{"damage":47,"enemies":"3 Sentries","floor":7,"turns":8},{"damage":5,"enemies":"Looter","floor":11,"turns":3},{"damage":9,"enemies":"3 Louse","floor":12,"turns":3},{"damage":13,"enemies":"2 Fungi Beasts","floor":13,"turns":5},{"damage":9,"enemies":"Exordium Wildlife","floor":14,"turns":5},{"damage":1,"enemies":"The Guardian","floor":16,"turns":10},{"damage":11,"enemies":"2 Thieves","floor":18,"turns":5},{"damage":19,"enemies":"Spheric Guardian","floor":19,"turns":8},{"damage":25,"enemies":"Shelled Parasite and Fungi","floor":22,"turns":10},{"damage":12,"enemies":"Snake Plant","floor":28,"turns":6},{"damage":19,"enemies":"Book of Stabbing","floor":29,"turns":7},{"damage":6,"enemies":"Colosseum Slavers","floor":30,"turns":5},{"damage":77,"enemies":"Champ","floor":33,"turns":14}],"seed_played":"9108965626213146573","potions_obtained":[{"floor":5,"key":"FocusPotion"},{"floor":7,"key":"AttackPotion"},{"floor":13,"key":"PowerPotion"},{"floor":16,"key":"DuplicationPotion"},{"floor":19,"key":"Energy Potion"},{"floor":28,"key":"LiquidMemories"}],"is_trial":false,"path_per_floor":["M","?","M","$","M","R","E","R","T","R","M","M","M","M","R","B",null,"M","M","$","?","M","R","?","R","T","R","M","E","?","$","R","B"],"character_chosen":"DEFECT","items_purchased":["Blizzard","ClockworkSouvenir","Sling","Ball Lightning+1"],"campfire_rested":3,"item_purchase_floors":[4,20,31,31],"current_hp_per_floor":[77,77,77,77,74,74,37,61,61,82,77,78,75,76,76,82,82,71,62,62,62,47,71,82,82,82,82,80,71,75,75,75,0,0],"gold":66,"neow_bonus":"TEN_PERCENT_HP_BONUS","is_daily":false,"chose_seed":false,"campfire_upgraded":5,"win_rate":0.0,"timestamp":1608229273,"path_taken":["M","?","M","$","M","R","E","R","T","R","M","M","M","M","R","BOSS","M","M","$","?","M","R","?","R","T","R","M","E","?","?","R","BOSS"],"items_purchased_type":["Card","Relic","Relic","Card"],"build_version":"2020-12-13","purchased_purges":1,"victory":false,"max_hp_per_floor":[82,82,82,82,82,82,82,82,82,82,82,82,82,82,82,82,82,82,82,82,82,82,82,82,82,82,82,82,82,82,82,82,82,82],"card_choices":[{"not_picked":["Hello World","Force Field"],"picked":"Compile Driver","floor":1.0},{"not_picked":["Capacitor","Heatsinks"],"picked":"Self Repair","floor":3},{"not_picked":["Scrape","Rebound"],"picked":"Consume","floor":5},{"not_picked":["Heatsinks","Hologram"],"picked":"Conserve Battery","floor":7},{"not_picked":["Double Energy","Rebound"],"picked":"Leap","floor":11},{"not_picked":["Auto Shields","Gash"],"picked":"Conserve Battery","floor":12},{"not_picked":["Fusion","Steam"],"picked":"White Noise","floor":13},{"not_picked":["Leap","Compile Driver"],"picked":"Cold Snap","floor":14},{"not_picked":["Buffer","Biased Cognition"],"picked":"Electrodynamics","floor":16},{"not_picked":["Rebound","Gash+1"],"picked":"Coolheaded+1","floor":18},{"not_picked":["Storm","Recycle","Turbo+1"],"picked":"SKIP","floor":19},{"not_picked":["Gash+1","Compile Driver+1","Conserve Battery"],"picked":"SKIP","floor":22},{"not_picked":["Reinforced Body","Go for the Eyes"],"picked":"Darkness","floor":28},{"not_picked":["Force Field","Darkness"],"picked":"Chill+1","floor":29}],"player_experience":5606145,"relics_obtained":[{"floor":7,"key":"Matryoshka"},{"floor":9,"key":"War Paint"},{"floor":9,"key":"Blue Candle"},{"floor":26,"key":"MawBank"},{"floor":26,"key":"Kunai"},{"floor":29,"key":"Molten Egg 2"}],"event_choices":[{"damage_healed":0.0,"max_hp_gain":0.0,"max_hp_loss":0.0,"gold_gain":0.0,"event_name":"Golden Idol","player_choice":"Take Wound","floor":2.0,"gold_loss":0.0,"damage_taken":0.0,"relics_obtained":["Golden Idol"],"cards_obtained":["Injury"]},{"damage_healed":0,"gold_gain":0,"player_choice":"Ignored","damage_taken":0,"max_hp_gain":0,"max_hp_loss":0,"event_name":"Cursed Tome","floor":21,"gold_loss":0},{"damage_healed":27,"gold_gain":0,"player_choice":"Heal","damage_taken":0,"max_hp_gain":0,"max_hp_loss":0,"event_name":"The Library","floor":24,"gold_loss":0},{"damage_healed":0,"gold_gain":0,"player_choice":"Fight","damage_taken":0,"max_hp_gain":0,"max_hp_loss":0,"event_name":"Colosseum","floor":30,"gold_loss":0},{"damage_healed":0,"gold_gain":0,"player_choice":"Fled From Nobs","damage_taken":0,"max_hp_gain":0,"max_hp_loss":0,"event_name":"Colosseum","floor":30,"gold_loss":0}],"is_beta":false,"boss_relics":[{"not_picked":["Fusion Hammer","Inserter"],"picked":"FrozenCore"}],"items_purged_floors":[4],"is_endless":false,"potions_floor_spawned":[5,7,13,16,19,28,30],"killed_by":"Champ","ascension_level":0}}