{"host":"imzpmvgmiwu2pn30","time":1608217596,"event":{"mods":["BaseMod","Better Third Choice","Colored Powertips","Minty Spire (QoL Compilation)","Relic Stats","StSLib"],"gold_per_floor":[113,113,113,124,124,124,140,140,164,184,184,202,215,215,215,316,316,359,359,138,138,179,217,274,29,54,54,89,49,97,107,107,211,211,252,306,76,126,141,190,190,230,230,249,249,249,249,47,47,47],"floor_reached":51,"playtime":7203,"items_purged":["Decay","Pain"],"score":641,"play_id":"abf9780e-89b3-4e3a-8d0a-30eb8d020908","local_time":"20201217130636","is_ascension_mode":false,"campfire_choices":[{"data":"Prostrate","floor":6,"key":"SMITH"},{"data":"Pray","floor":8,"key":"SMITH"},{"data":"Eruption","floor":11,"key":"SMITH"},{"floor":15,"key":"REST"},{"floor":27,"key":"REST"},{"floor":32,"key":"REST"},{"data":"BattleHymn","floor":41,"key":"SMITH"},{"data":"Pray","floor":45,"key":"SMITH"},{"data":"Prostrate","floor":49,"key":"SMITH"}],"circlet_count":0,"master_deck":["Strike_P","Strike_P","Strike_P","Strike_P","Defend_P","Defend_P","Defend_P","Defend_P","Eruption+1","Vigilance","WheelKick+1","Prostrate+1","Pray+1","Perseverance","DeceiveReality+1","Wish+1","Pray+1","BattleHymn+1","Prostrate+1","ConjureBlade","Sanctity","Writhe"],"relics":["PureWater","Regal Pillow","Busted Crown","Damaru","Red Mask","Matryoshka","Nunchaku","Bronze Scales","Cursed Key","Question Card","Dream Catcher","Lee\u0027s Waffle","Potion Belt"],"acts_visited":["Exordium","TheCity","TheBeyond"],"potions_floor_usage":[12,16,18,30,31,31,33,35,39,50],"damage_taken":[{"damage":0,"enemies":"2 Louse","floor":1,"turns":2},{"damage":0,"enemies":"Cultist","floor":4,"turns":2},{"damage":7,"enemies":"Jaw Worm","floor":7,"turns":2},{"damage":30,"enemies":"Exordium Thugs","floor":10,"turns":7},{"damage":0,"enemies":"2 Fungi Beasts","floor":12,"turns":2},{"damage":3,"enemies":"Exordium Wildlife","floor":13,"turns":3},{"damage":23,"enemies":"The Guardian","floor":16,"turns":13},{"damage":7,"enemies":"Shell Parasite","floor":18,"turns":4},{"damage":0,"enemies":"Spheric Guardian","floor":22,"turns":3},{"damage":16,"enemies":"Snake Plant","floor":23,"turns":5},{"damage":18,"enemies":"Masked Bandits","floor":24,"turns":4},{"damage":22,"enemies":"Shelled Parasite and Fungi","floor":28,"turns":6},{"damage":20,"enemies":"Cultist and Chosen","floor":30,"turns":5},{"damage":6,"enemies":"3 Cultists","floor":31,"turns":3},{"damage":18,"enemies":"Automaton","floor":33,"turns":8},{"damage":11,"enemies":"Orb Walker","floor":35,"turns":4},{"damage":0,"enemies":"3 Shapes","floor":38,"turns":4},{"damage":10,"enemies":"Transient","floor":39,"turns":5},{"damage":0,"enemies":"Jaw Worm Horde","floor":40,"turns":4},{"damage":6,"enemies":"3 Darklings","floor":42,"turns":4},{"damage":12,"enemies":"Spire Growth","floor":44,"turns":4},{"damage":80,"enemies":"Awakened One","floor":50,"turns":8}],"seed_played":"4748272868203486958","potions_obtained":[{"floor":1,"key":"Explosive Potion"},{"floor":7,"key":"Weak Potion"},{"floor":16,"key":"DistilledChaos"},{"floor":18,"key":"SteroidPotion"},{"floor":28,"key":"Ancient Potion"},{"floor":30,"key":"EntropicBrew"},{"floor":35,"key":"Explosive Potion"},{"floor":40,"key":"StancePotion"}],"is_trial":false,"path_per_floor":["M","?","?","M","?","R","M","R","T","M","R","M","M","$","R","B",null,"M","?","$","$","M","M","?","$","T","R","M","?","M","M","R","B",null,"M","T","$","M","M","M","R","M","T","M","R","?","?","$","R","B",null],"character_chosen":"WATCHER","items_purchased":["Damaru","Pray","Matryoshka","Lee\u0027s Waffle","FairyPotion"],"campfire_rested":3,"item_purchase_floors":[20,20,25,37,48],"current_hp_per_floor":[72,72,82,82,87,87,80,80,80,50,50,50,47,47,87,64,87,80,80,80,80,80,64,46,46,46,87,65,65,45,39,80,70,87,76,76,94,94,84,84,84,78,78,66,66,66,90,90,90,10],"gold":47,"neow_bonus":"ONE_RANDOM_RARE_CARD","is_daily":false,"chose_seed":false,"campfire_upgraded":6,"win_rate":0.0,"timestamp":1608217596,"path_taken":["M","?","?","?","?","R","M","R","T","M","R","M","M","$","R","BOSS","M","?","?","$","M","M","?","$","T","R","?","?","?","M","R","BOSS","M","?","$","M","?","M","R","?","T","M","R","?","?","$","R","BOSS"],"items_purchased_type":["Relic","Card","Relic","Relic","Potion"],"build_version":"2020-12-13","purchased_purges":2,"victory":true,"max_hp_per_floor":[72,72,82,82,87,87,87,87,87,87,87,87,87,87,87,87,87,87,87,87,87,87,87,87,87,87,87,87,87,87,87,87,87,87,87,87,94,94,94,94,94,94,94,94,94,94,94,94,94,94],"relic_stats":{"Regal Pillow":44,"Nunchaku":[9],"Dream Catcher":0,"Lee\u0027s Waffle":18,"Busted Crown":28,"counters":[22,102],"Bronze Scales":[150],"Cursed Key":2,"Question Card":5,"obtain_stats":[{"Potion Belt":43,"Regal Pillow":9,"Lee\u0027s Waffle":37,"Damaru":20,"Cursed Key":34,"Question Card":36,"Nunchaku":26,"Dream Catcher":36,"Busted Crown":17,"Matryoshka":25,"Bronze Scales":26,"Red Mask":24,"PureWater":0},{"Potion Belt":20,"Regal Pillow":3,"Lee\u0027s Waffle":16,"Damaru":8,"Cursed Key":15,"Question Card":16,"Nunchaku":11,"Dream Catcher":16,"Busted Crown":7,"Matryoshka":11,"Bronze Scales":11,"Red Mask":11,"PureWater":0},{"Potion Belt":90,"Regal Pillow":6,"Lee\u0027s Waffle":73,"Damaru":35,"Cursed Key":69,"Question Card":73,"Nunchaku":47,"Dream Catcher":73,"Busted Crown":31,"Matryoshka":47,"Bronze Scales":47,"Red Mask":47,"PureWater":0}]},"card_choices":[{"not_picked":["WreathOfFlame","MentalFortress"],"picked":"WheelKick","floor":1},{"not_picked":["BowlingBash","Wireheading"],"picked":"Prostrate","floor":4},{"not_picked":["SashWhip","DeceiveReality"],"picked":"Pray","floor":7},{"not_picked":["SashWhip","Omniscience","ThirdEye"],"picked":"SKIP","floor":10},{"not_picked":["Evaluate","Indignation"],"picked":"Perseverance","floor":12},{"not_picked":["PathToVictory","FlurryOfBlows"],"picked":"DeceiveReality","floor":13},{"not_picked":["LessonLearned","DevaForm"],"picked":"Wish","floor":16},{"not_picked":["JustLucky"],"picked":"SKIP","floor":18},{"not_picked":["SandsOfTime"],"picked":"SKIP","floor":22},{"not_picked":["CutThroughFate"],"picked":"SKIP","floor":23},{"not_picked":[],"picked":"BattleHymn","floor":24},{"not_picked":[],"picked":"Prostrate","floor":28},{"not_picked":["CutThroughFate+1"],"picked":"SKIP","floor":30},{"not_picked":["Study+1"],"picked":"SKIP","floor":31},{"not_picked":[],"picked":"ConjureBlade","floor":33},{"not_picked":[],"picked":"Sanctity","floor":35},{"not_picked":["EmptyFist+1","Crescendo"],"picked":"SKIP","floor":38},{"not_picked":["Crescendo","Wireheading+1"],"picked":"SKIP","floor":39},{"not_picked":["Evaluate","Indignation"],"picked":"SKIP","floor":40},{"not_picked":["Indignation+1","FlyingSleeves"],"picked":"SKIP","floor":42},{"not_picked":["Crescendo+1","ThirdEye+1"],"picked":"SKIP","floor":44}],"player_experience":412214,"relics_obtained":[{"floor":9,"key":"Regal Pillow"},{"floor":24,"key":"Red Mask"},{"floor":26,"key":"Nunchaku"},{"floor":26,"key":"Bronze Scales"},{"floor":36,"key":"Question Card"},{"floor":36,"key":"Dream Catcher"},{"floor":43,"key":"Potion Belt"}],"event_choices":[{"damage_healed":0,"gold_gain":0,"player_choice":"Grow","damage_taken":0,"max_hp_gain":0,"max_hp_loss":0,"event_name":"Living Wall","floor":2,"gold_loss":0,"cards_upgraded":["WheelKick"]},{"cards_removed":["SpiritShield"],"damage_healed":0,"gold_gain":0,"player_choice":"Offered Rare","damage_taken":0,"max_hp_gain":10,"max_hp_loss":0,"event_name":"Bonfire Elementals","floor":3,"gold_loss":0},{"damage_healed":0,"gold_gain":0,"player_choice":"Donut","damage_taken":0,"max_hp_gain":5,"max_hp_loss":0,"event_name":"Big Fish","floor":5,"gold_loss":0},{"damage_healed":0,"gold_gain":0,"player_choice":"Bought 0 Potions","damage_taken":0,"max_hp_gain":0,"max_hp_loss":0,"event_name":"The Woman in Blue","floor":19,"gold_loss":0},{"damage_healed":0,"gold_gain":0,"player_choice":"Fought Bandits","damage_taken":0,"max_hp_gain":0,"max_hp_loss":0,"event_name":"Masked Bandits","floor":24,"gold_loss":0},{"damage_healed":0,"gold_gain":0,"player_choice":"Upgraded Two","damage_taken":0,"max_hp_gain":0,"max_hp_loss":0,"event_name":"Designer","floor":29,"gold_loss":40,"cards_upgraded":["DeceiveReality","Wish"]},{"damage_healed":0,"gold_gain":0,"player_choice":"Ignored","damage_taken":0,"max_hp_gain":0,"max_hp_loss":0,"event_name":"Mysterious Sphere","floor":46,"gold_loss":0},{"damage_healed":24,"gold_gain":0,"player_choice":"Writhe","damage_taken":0,"max_hp_gain":0,"max_hp_loss":0,"event_name":"Winding Halls","floor":47,"gold_loss":0,"cards_obtained":["Writhe"]}],"is_beta":false,"boss_relics":[{"not_picked":["Fusion Hammer","Coffee Dripper"],"picked":"Busted Crown"},{"not_picked":["Runic Dome","Runic Pyramid"],"picked":"Cursed Key"}],"items_purged_floors":[37,48],"is_endless":false,"potions_floor_spawned":[1,7,16,18,28,30,35,40],"ascension_level":0}}