{"host":"xtbydbn8sse6bwcb","time":1608230626,"event":{"mods":["2.2 Compatiblity","BaseMod","Better Note","Better Skull","Colored Powertips","Downfall","Hermit","Hubris","Infinite Spire","Jorbs\u0027s Wanderer Trilogy","Minty Spire (QoL Compilation)","Replay The Spire","StSLib","SuperFastMode","The Bug Knight","The Construct","The Disciple","The Mystic"],"gold_per_floor":[109,119,119,129,146,176,176,176,203,227,227,70,70,84,84,213,213,231,149,174,174,174],"floor_reached":21,"playtime":1151,"items_purged":[],"score":190,"play_id":"f2b0a4f6-2217-471b-9fb1-2dee3e5bd530","local_time":"20201217124346","is_ascension_mode":true,"campfire_choices":[{"floor":7.0,"key":"REST"},{"floor":11.0,"key":"REST"},{"data":"Entrench","floor":15.0,"key":"SMITH"}],"circlet_count":0,"master_deck":["Strike_R","Strike_R","Strike_R","Strike_R","Strike_R","Defend_R","Defend_R","Defend_R","Bash","expansioncontent:PrepareCrush","Perfected Strike","Feel No Pain","Entrench+1","Body Slam","Corruption","Injury","Headbutt","Static Discharge","stsjorbsmod:PartingBlow","Slimebound:SlimeTap+1","BowlingBash"],"relics":["Burning Blood","hubris:ChampionShield","Golden Idol","Pet Ghost","PrismaticShard","Runic Pyramid","Oddly Smooth Stone"],"acts_visited":["Exordium","TheCity"],"potions_floor_usage":[20,21,21],"damage_taken":[{"damage":0.0,"enemies":"Cultist","floor":1.0,"turns":3.0},{"damage":0.0,"enemies":"Small Slimes","floor":2.0,"turns":3.0},{"damage":8.0,"enemies":"Jaw Worm","floor":4.0,"turns":4.0},{"damage":14.0,"enemies":"Large Slime","floor":5.0,"turns":5.0},{"damage":31.0,"enemies":"HollowMod:MossKnight","floor":6.0,"turns":12.0},{"damage":9.0,"enemies":"Blue Slaver","floor":10.0,"turns":4.0},{"damage":20.0,"enemies":"Exordium Thugs","floor":14.0,"turns":8.0},{"damage":39.0,"enemies":"Slime Boss","floor":16.0,"turns":11.0},{"damage":10,"enemies":"Chosen","floor":18,"turns":6},{"damage":62,"enemies":"3 Byrds","floor":20,"turns":12},{"damage":20,"enemies":"Sentry and Sphere","floor":21,"turns":7}],"seed_played":"-2479310741236539610","potions_obtained":[{"floor":5.0,"key":"Adrenaline Potion"},{"floor":14.0,"key":"LiquidBronze"},{"floor":16.0,"key":"Guardian:BlockOnCardUsePotion"},{"floor":18,"key":"Weak Potion"},{"floor":20,"key":"Languid Potion"}],"is_trial":false,"path_per_floor":["M","M","?","M","M","E","R","?","T","M","R","$","?","M","R","B",null,"M","?","M","M"],"character_chosen":"IRONCLAD","items_purchased":["PrismaticShard"],"campfire_rested":2,"item_purchase_floors":[12],"current_hp_per_floor":[80,80,80,78,70,45,69,69,69,66,80,80,80,66,66,33,80,76,76,20,0,0],"gold":174,"neow_bonus":"RANDOM_COLORLESS","is_daily":false,"chose_seed":false,"campfire_upgraded":1,"win_rate":0.0,"timestamp":1608230626,"path_taken":["M","M","?","M","M","E","R","?","T","M","R","?","?","M","R","BOSS","M","?","M","?"],"items_purchased_type":["Relic"],"build_version":"2020-12-13","purchased_purges":0,"victory":false,"max_hp_per_floor":[80,80,80,80,80,80,80,80,80,80,80,80,80,80,80,80,80,80,80,80,80,80],"card_choices":[{"not_picked":["expansioncontent:Collect","expansioncontent:FaceSlap"],"picked":"expansioncontent:PrepareCrush","floor":0.0},{"not_picked":["Blood for Blood","True Grit"],"picked":"Perfected Strike","floor":1.0},{"not_picked":["Twin Strike","Metallicize"],"picked":"Feel No Pain","floor":2.0},{"not_picked":["ReplayTheSpireMod:Limb From Limb","Evolve"],"picked":"Entrench","floor":4.0},{"not_picked":["Run Through","True Grit"],"picked":"Body Slam","floor":5.0},{"not_picked":["Sever Soul","Massacre"],"picked":"Corruption","floor":6.0},{"not_picked":["Carnage","Sever Soul"],"picked":"Headbutt","floor":10.0},{"not_picked":["LockedBlood","HollowMod:NewJinnsSoul"],"picked":"Static Discharge","floor":14.0},{"not_picked":["Omniscience","Biased Cognition"],"picked":"stsjorbsmod:PartingBlow","floor":16.0},{"not_picked":["champ:Haymaker","Clash"],"picked":"Slimebound:SlimeTap+1","floor":18},{"not_picked":["construct:Stasis","Guardian:TemporalShield"],"picked":"BowlingBash","floor":20}],"player_experience":611900,"relics_obtained":[{"floor":6.0,"key":"hubris:ChampionShield"},{"floor":9.0,"key":"Pet Ghost"}],"event_choices":[{"damage_healed":0.0,"max_hp_gain":0.0,"max_hp_loss":0.0,"gold_gain":0.0,"event_name":"Golden Idol","player_choice":"Take Wound","floor":8.0,"gold_loss":0.0,"damage_taken":0.0,"relics_obtained":["Golden Idol"],"cards_obtained":["Injury"]},{"damage_healed":0,"gold_gain":0,"player_choice":"Paid Gold","damage_taken":0,"relics_obtained":["Oddly Smooth Stone"],"max_hp_gain":0,"max_hp_loss":0,"event_name":"WeMeetAgain","floor":19,"gold_loss":82}],"is_beta":false,"boss_relics":[{"not_picked":["Runic Cube","Replay:Wanted Poster"],"picked":"Runic Pyramid"}],"items_purged_floors":[],"is_endless":false,"potions_floor_spawned":[4,5,14,16,18,20],"killed_by":"Sentry and Sphere","ascension_level":1}}