{"host":"97bfbul5vt0mksxl","time":1608246509,"event":{"mods":["BaseMod","Colored Powertips","Highlight Path","Infinite Spire","Minty Spire (QoL Compilation)","Replay The Spire","Shop Mod","StSLib","SuperFastMode"],"gold_per_floor":[110,146,146,159,171,346,375,66,119,150,150,168,196,206,206,206,206],"floor_reached":16,"playtime":754,"items_purged":["Doubt"],"score":122,"play_id":"0ebd2198-dd93-41c6-80cd-a9af1c39be49","local_time":"20201217200829","is_ascension_mode":false,"campfire_choices":[{"floor":15,"key":"REST"}],"circlet_count":0,"master_deck":["Strike_P","Strike_P","Strike_P","Strike_P","Defend_P","Defend_P","Eruption","Vigilance","Wallop","Wish","SandsOfTime","Consecrate","BowlingBash","Devotion","Replay:LoomingThreat","Nirvana","FlurryOfBlows","Pot Of Greed","Pot Of Greed","EmptyMind","Parasite","InnerPeace","Perseverance","ThirdEye","SandsOfTime"],"relics":["PureWater","infinitespire:Bottled Soul","MerchantsRug","Tiny Chest","Grinning Jar","Dream Catcher"],"acts_visited":["Exordium"],"potions_floor_usage":[7,13,13,13],"damage_taken":[{"damage":0,"enemies":"Cultist","floor":1,"turns":3},{"damage":6,"enemies":"2 Louse","floor":2,"turns":4},{"damage":3,"enemies":"Small Slimes","floor":4,"turns":2},{"damage":7,"enemies":"Looter","floor":5,"turns":3},{"damage":25,"enemies":"3 Sentries","floor":7,"turns":7},{"damage":15,"enemies":"Gremlin Nob","floor":10,"turns":4},{"damage":5,"enemies":"3 Louse","floor":12,"turns":2},{"damage":15,"enemies":"Lagavulin","floor":13,"turns":7},{"damage":0,"enemies":"Gremlin Gang","floor":14,"turns":4},{"damage":26,"enemies":"Slime Boss","floor":16,"turns":3}],"seed_played":"5062998289563852991","potions_obtained":[{"floor":2,"key":"Fire Potion"},{"floor":3,"key":"SmokeBomb"},{"floor":3,"key":"LifebloodPotion"},{"floor":4,"key":"Weak Potion"},{"floor":5,"key":"DuplicationPotion"},{"floor":7,"key":"SteroidPotion"},{"floor":12,"key":"Ancient Potion"}],"is_trial":false,"path_per_floor":["M","M","?","M","M","?","E","$","T","E","?","M","E","M","R","B"],"character_chosen":"WATCHER","items_purchased":["MerchantsRug","Nirvana","FlurryOfBlows"],"campfire_rested":1,"item_purchase_floors":[8,8,8],"current_hp_per_floor":[65,59,59,56,49,49,24,24,24,9,25,20,5,5,24,0,0],"gold":206,"neow_bonus":"TRANSFORM_TWO_CARDS","is_daily":false,"chose_seed":false,"campfire_upgraded":0,"win_rate":0.0,"timestamp":1608246509,"path_taken":["M","?","?","?","M","?","E","$","T","E","?","M","E","M","R","BOSS"],"items_purchased_type":["Relic","Card","Card"],"build_version":"2020-12-13","purchased_purges":1,"victory":false,"max_hp_per_floor":[65,65,65,65,65,65,65,65,65,65,65,65,65,65,65,65,65],"card_choices":[{"not_picked":["Sanctity","Replay:Hum"],"picked":"SandsOfTime","floor":1},{"not_picked":["InnerPeace","WindmillStrike"],"picked":"Consecrate","floor":2},{"not_picked":["Replay:Battleflow","Replay:BluntJabs"],"picked":"BowlingBash","floor":4},{"not_picked":["CutThroughFate","Indignation"],"picked":"Devotion","floor":5},{"not_picked":["Indignation","ClearTheMind"],"picked":"Replay:LoomingThreat","floor":7},{"not_picked":["Halt","ClearTheMind"],"picked":"EmptyMind","floor":10},{"not_picked":["CarveReality","Indignation"],"picked":"InnerPeace","floor":12},{"not_picked":["Wish","FlyingSleeves"],"picked":"Perseverance","floor":13},{"not_picked":["WreathOfFlame","BowlingBash"],"picked":"ThirdEye","floor":14},{"not_picked":["Halt","BowlingBash"],"picked":"SandsOfTime","floor":15}],"player_experience":149325,"relics_obtained":[{"floor":7,"key":"infinitespire:Bottled Soul"},{"floor":9,"key":"Tiny Chest"},{"floor":10,"key":"Grinning Jar"},{"floor":13,"key":"Dream Catcher"}],"event_choices":[{"damage_healed":0,"gold_gain":0,"player_choice":"Got Potions","damage_taken":0,"max_hp_gain":0,"max_hp_loss":0,"event_name":"Lab","floor":3,"gold_loss":0},{"damage_healed":0,"gold_gain":175,"player_choice":"AGREE","damage_taken":0,"max_hp_gain":0,"max_hp_loss":0,"event_name":"Liars Game","floor":6,"gold_loss":0,"cards_obtained":["Doubt"]},{"damage_healed":16,"gold_gain":0,"player_choice":"Healed and dodged fight","damage_taken":0,"max_hp_gain":0,"max_hp_loss":0,"event_name":"Mushrooms","floor":11,"gold_loss":0,"cards_obtained":["Parasite"]}],"is_beta":false,"boss_relics":[],"items_purged_floors":[8],"is_endless":false,"potions_floor_spawned":[2,4,5,7,12],"killed_by":"Slime Boss","ascension_level":0}}