{"host":"nh1tx9wty0m9wedw","time":1608195505,"event":{"mods":["BaseMod","Colored Map","Colored Powertips","Minty Spire (QoL Compilation)"],"gold_per_floor":[113,113,38,38,58,88,102,115,115,115,143,174,186,217,229,340,352,379,404,269,285,41,52,52,52],"floor_reached":24,"playtime":1472,"items_purged":["Strike_R"],"score":267,"play_id":"a1f4dc09-61cb-4e46-bdc0-43d47be748d0","local_time":"20201217095825","is_ascension_mode":true,"campfire_choices":[{"floor":13,"key":"REST"},{"floor":15,"key":"REST"}],"circlet_count":0,"master_deck":["Strike_R","Strike_R","Strike_R","Strike_R","Defend_R","Defend_R","Defend_R","Defend_R","Bash","Intimidate+1","Fire Breathing+1","Iron Wave","Flame Barrier","Demon Form","Infernal Blade","Shrug It Off","Barricade","Body Slam","Evolve","Anger","Cleave+1"],"relics":["Black Blood","NeowsBlessing","Tiny Chest","WingedGreaves","Mercury Hourglass","Ginger","MawBank","Orichalcum","Gremlin Horn"],"acts_visited":["Exordium","TheCity"],"potions_floor_usage":[11,12,16,16,16,18,19,19,23],"damage_taken":[{"damage":0,"enemies":"Jaw Worm","floor":1,"turns":1},{"damage":0,"enemies":"Cultist","floor":5,"turns":1},{"damage":0,"enemies":"Lagavulin","floor":6,"turns":2},{"damage":0,"enemies":"Small Slimes","floor":7,"turns":4},{"damage":17,"enemies":"2 Fungi Beasts","floor":8,"turns":6},{"damage":1,"enemies":"3 Sentries","floor":11,"turns":3},{"damage":29,"enemies":"Lagavulin","floor":12,"turns":6},{"damage":11,"enemies":"3 Louse","floor":14,"turns":3},{"damage":41,"enemies":"Hexaghost","floor":16,"turns":10},{"damage":24,"enemies":"Chosen","floor":18,"turns":6},{"damage":6,"enemies":"3 Byrds","floor":19,"turns":3},{"damage":20,"enemies":"Snecko","floor":21,"turns":7},{"damage":38,"enemies":"Centurion and Healer","floor":23,"turns":7},{"damage":41,"enemies":"Book of Stabbing","floor":24,"turns":5}],"seed_played":"9087742674742698755","potions_obtained":[{"floor":7,"key":"CultistPotion"},{"floor":8,"key":"GamblersBrew"},{"floor":11,"key":"SmokeBomb"},{"floor":12,"key":"EntropicBrew"},{"floor":16,"key":"Energy Potion"},{"floor":18,"key":"Swift Potion"},{"floor":21,"key":"BlessingOfTheForge"}],"is_trial":false,"path_per_floor":["M","?","$","?","M","E","M","M","T","?","E","E","R","M","R","B",null,"M","M","$","M","$","M","E"],"character_chosen":"IRONCLAD","items_purchased":["Orichalcum","Gremlin Horn"],"campfire_rested":2,"item_purchase_floors":[20,22],"current_hp_per_floor":[80,47,47,47,53,59,65,54,54,54,59,36,60,55,79,44,80,68,74,74,66,66,40,0,0],"gold":52,"neow_bonus":"THREE_ENEMY_KILL","is_daily":false,"chose_seed":false,"campfire_upgraded":0,"win_rate":0.0,"timestamp":1608195505,"path_taken":["M","?","$","?","M","E","M","?","T","?","E","E","R","M","R","BOSS","M","M","$","M","$","M","E"],"items_purchased_type":["Relic","Relic"],"build_version":"2020-12-13","purchased_purges":1,"victory":false,"max_hp_per_floor":[80,80,80,80,80,80,80,80,80,80,80,80,80,80,80,80,80,80,80,80,80,80,80,80,80],"card_choices":[{"not_picked":["Heavy Blade","Havoc"],"picked":"Intimidate","floor":1},{"not_picked":["Iron Wave","Ghostly Armor"],"picked":"Fire Breathing","floor":5},{"not_picked":["Dropkick","Sword Boomerang","Second Wind"],"picked":"SKIP","floor":6},{"not_picked":["Twin Strike","Clash"],"picked":"Iron Wave","floor":7},{"not_picked":["Body Slam","Shockwave"],"picked":"Flame Barrier","floor":8},{"not_picked":["Inflame","Body Slam"],"picked":"Demon Form","floor":11},{"not_picked":["Clash","Iron Wave"],"picked":"Infernal Blade","floor":12},{"not_picked":["Warcry","True Grit"],"picked":"Shrug It Off","floor":14},{"not_picked":["Impervious","Fiend Fire"],"picked":"Barricade","floor":16},{"not_picked":["Pummel","Wild Strike"],"picked":"Body Slam","floor":18},{"not_picked":["Clothesline","Battle Trance"],"picked":"Evolve","floor":19},{"not_picked":["Havoc","Shrug It Off"],"picked":"Anger","floor":21},{"not_picked":["Twin Strike","Disarm+1"],"picked":"Cleave+1","floor":23}],"player_experience":557798,"relics_obtained":[{"floor":6,"key":"WingedGreaves"},{"floor":9,"key":"Mercury Hourglass"},{"floor":11,"key":"Ginger"},{"floor":12,"key":"MawBank"}],"event_choices":[{"damage_healed":0,"gold_gain":0,"player_choice":"Success","damage_taken":33,"relics_obtained":["Tiny Chest"],"max_hp_gain":0,"max_hp_loss":0,"event_name":"Scrap Ooze","floor":2,"gold_loss":0},{"damage_healed":0,"gold_gain":0,"player_choice":"Upgraded","damage_taken":0,"max_hp_gain":0,"max_hp_loss":0,"event_name":"Upgrade Shrine","floor":4,"gold_loss":0,"cards_upgraded":["Intimidate"]},{"damage_healed":0,"gold_gain":0,"player_choice":"Grow","damage_taken":0,"max_hp_gain":0,"max_hp_loss":0,"event_name":"Living Wall","floor":10,"gold_loss":0,"cards_upgraded":["Fire Breathing"]}],"is_beta":false,"boss_relics":[{"not_picked":["Philosopher\u0027s Stone","Calling Bell"],"picked":"Black Blood"}],"items_purged_floors":[3],"is_endless":false,"potions_floor_spawned":[7,8,11,12,16,18,21],"killed_by":"Book of Stabbing","ascension_level":2}}