{"host":"fdq5pmhluajjrf8d","time":1608247993,"event":{"mods":["BaseMod","Minty Spire (QoL Compilation)"],"gold_per_floor":[113,113,132,132,148,148,159,173,173,188,188,263,279,184,184,184,184],"floor_reached":16,"playtime":489,"items_purged":[],"score":183,"play_id":"fe9c218c-35e2-43de-be56-ec5525b78b49","local_time":"20201217183313","is_ascension_mode":true,"campfire_choices":[{"floor":6,"key":"REST"},{"floor":11,"key":"REST"},{"floor":15,"key":"REST"}],"circlet_count":0,"master_deck":["AscendersBane","Strike_B+1","Strike_B","Strike_B","Defend_B","Defend_B","Defend_B","Defend_B","Zap","Dualcast","Gash+1","Cold Snap","Gash","Chaos","Machine Learning","Beam Cell+1","Go for the Eyes+1","Swift Strike+1"],"relics":["Cracked Core","Calipers","Molten Egg 2"],"acts_visited":["Exordium"],"potions_floor_usage":[10],"damage_taken":[{"damage":5,"enemies":"2 Louse","floor":1,"turns":3},{"damage":2,"enemies":"Cultist","floor":3,"turns":4},{"damage":5,"enemies":"Jaw Worm","floor":5,"turns":3},{"damage":9,"enemies":"3 Louse","floor":7,"turns":3},{"damage":6,"enemies":"Blue Slaver","floor":8,"turns":5},{"damage":2,"enemies":"Exordium Wildlife","floor":10,"turns":4},{"damage":10,"enemies":"3 Louse","floor":13,"turns":3},{"damage":39,"enemies":"The Guardian","floor":16,"turns":5}],"seed_played":"-4567496002103426645","potions_obtained":[{"floor":1,"key":"SneckoOil"},{"floor":8,"key":"SkillPotion"}],"is_trial":false,"path_per_floor":["M","?","M","?","M","R","M","M","T","M","R","?","M","$","R","B"],"character_chosen":"DEFECT","items_purchased":["Swift Strike+1"],"campfire_rested":3,"item_purchase_floors":[14],"current_hp_per_floor":[41,41,39,18,13,34,25,19,19,17,38,27,17,17,38,0,0],"gold":184,"neow_bonus":"ONE_RARE_RELIC","is_daily":false,"chose_seed":false,"campfire_upgraded":0,"win_rate":0.0,"timestamp":1608247993,"path_taken":["M","?","?","?","M","R","M","M","T","M","R","?","M","$","R","BOSS"],"items_purchased_type":["Card"],"build_version":"2020-12-13","purchased_purges":0,"victory":false,"max_hp_per_floor":[71,71,71,71,71,71,71,71,71,71,71,71,71,71,71,71,71],"card_choices":[{"not_picked":["Undo","Coolheaded"],"picked":"Gash","floor":1},{"not_picked":["Compile Driver","Auto Shields"],"picked":"Cold Snap","floor":3},{"not_picked":["Steam","Go for the Eyes"],"picked":"Gash","floor":5},{"not_picked":["Ball Lightning","Fusion"],"picked":"Chaos","floor":7},{"not_picked":["Hologram","Turbo"],"picked":"Machine Learning","floor":8},{"not_picked":["Turbo","Streamline+1"],"picked":"Beam Cell+1","floor":10},{"not_picked":["BootSequence","Loop"],"picked":"Go for the Eyes+1","floor":13}],"player_experience":1875510,"relics_obtained":[{"floor":9,"key":"Molten Egg 2"}],"event_choices":[{"cards_removed":["Strike_B"],"damage_healed":0,"gold_gain":0,"player_choice":"Purged","damage_taken":0,"max_hp_gain":0,"max_hp_loss":0,"event_name":"Purifier","floor":2,"gold_loss":0},{"damage_healed":0,"gold_gain":0,"player_choice":"Entered Light","damage_taken":21,"max_hp_gain":0,"max_hp_loss":0,"event_name":"Shining Light","floor":4,"gold_loss":0,"cards_upgraded":["Gash","Strike_B"]},{"damage_healed":0,"gold_gain":75,"player_choice":"Gather Gold","damage_taken":11,"max_hp_gain":0,"max_hp_loss":0,"event_name":"World of Goop","floor":12,"gold_loss":0}],"is_beta":false,"boss_relics":[],"items_purged_floors":[],"is_endless":false,"potions_floor_spawned":[1,8],"killed_by":"The Guardian","ascension_level":19}}