{"host":"02w9hl92h62kgkzk","time":1608179509,"event":{"mods":["2.2 Compatiblity","AchievementEnabler","Act Like it!","AlwaysNeverKeys","Aspiration","Bard","BaseMod","Beaked The Cultist","Better Altar","Better Match","Better Note","Better Sensory Stone","Better Skull","Better Third Choice","Better Vampires","BetterRewards","Block Reminder","CCEM","ChefMod","Colored Map","Colored Powertips","Conspire","Dio Mod","Downfall","Ekko","Elementarium","Emptier Cage","Energized Spire","Fireblade Mod","Friendly Minions","FruityMod","Gensokyo","GifTheSpireLib","Halation","Hallownest","Hermit","Hubris","Jorbs\u0027s Wanderer Trilogy","Magitek Elite","Marisa????????","Marked Mod","Mimic Mod","Minty Spire (QoL Compilation)","Permanent Neow","QueenMod","Quick Restart","Rare Cards Sparkle","Replay The Spire","Retaliation","Reworked Bosses","Robot Space Explorer","SIMod","Shade Mod","Shop Mod","Somnambulant","Spicy Shops","Spikes Relics","StSLib","Stuff the Spire","Synergy Search","The Administrix","The Alterego","The Animator","The Blackbeard","The Blue Laboratory","The Bug Knight","The Construct","The Cursed","The Death Knight","The Disciple","The Factory","The Fake Hero","The Forsaken","The Gatherer","The Hayseed","The Hierophant","The Judge","The Jungle","The Runesmith","The Valiant","The Vixen","The Wild Card","TheHero","TheVacant","Trackpad","Transform Curses","Unceasing Turn Reminder","Wandering Minibosses","thorton","vexMod"],"gold_per_floor":[115,550,569,126,126,156,156,156,182,25,25,41,41,51,51,147,147,166,9,9,9,0,35,71,71,97,63,80,80,90,104,104,199,199,209,223,233,124,124,124,138,138,163,43,43,43,56,56,56,72,72,72,72],"floor_reached":52,"playtime":1683,"items_purged":["Normality","animeID:Cementoss","Doubt"],"score":545,"play_id":"3e204a4c-7c2d-4bfe-888f-628cf50afeac","local_time":"20201216223149","daily_mods":["Draft","Heirloom"],"is_ascension_mode":false,"campfire_choices":[{"data":"animeID:Deku","floor":8,"key":"SMITH"},{"data":"animeID:DelawareSmash","floor":11,"key":"SMITH"},{"data":"animeID:Kirishima","floor":13,"key":"SMITH"},{"floor":15,"key":"REST"},{"data":"animeID:DetroitSmash","floor":25,"key":"SMITH"},{"data":"animeID:DelawareSmash","floor":32,"key":"SMITH"},{"floor":42,"key":"RECALL"},{"data":"Madness","floor":51,"key":"SMITH"}],"circlet_count":0,"master_deck":["animeID:DelawareSmash+1","animeID:Rei","animeID:DelawareSmash","animeID:Iida+1","animeID:Bakugo","animeID:ToruHagakure","animeID:DelawareSmash","animeID:DelawareSmash+1","animeID:Kirishima","animeID:DelawareSmash+1","animeID:MtLady","animeID:GranTorino+1","animeID:DelawareSmash+1","animeID:Deku+1","animeID:Deku+1","animeID:Kirishima+1","animeID:DetroitSmash+1","animeID:DetroitSmash+1","animeID:Bakugo+1","animeID:AllMight","Madness+1","Madness+1","stsjorbsmod:Procrastination"],"relics":["animeID:HeroCostume","Ring of Chaos","MerchantsRug","trackpad:BiPhaseBiplane","aspiration:ChemicalBlood","Potion Belt","trackpad:Compendium","energizedSpire:CursedPentagram","Tiny Chest","hubris:Icosahedron","trackpad:AdjectivePendant","hubris:SphereOfDissonance","CosmicIsotope","Sling","Akabeko","trackpad:RapidFire","War Paint","conspire:DeflatedDodgeball","ReplayTheSpireMod:Ring of Exchange"],"acts_visited":["Gensokyo:Gensokyo","TheCity","TheBeyond"],"potions_floor_usage":[33,33,33,52],"damage_taken":[{"damage":7,"enemies":"Gensokyo:Python","floor":1,"turns":3},{"damage":0,"enemies":"Gensokyo:3_Fairies","floor":3,"turns":2},{"damage":14,"enemies":"Gensokyo:Mamizou","floor":6,"turns":8},{"damage":0,"enemies":"Gensokyo:Gryphon","floor":12,"turns":1},{"damage":0,"enemies":"Gensokyo:VengefulSpirit","floor":14,"turns":2},{"damage":18,"enemies":"Gensokyo:Yukari","floor":16,"turns":4},{"damage":0,"enemies":"conspire:FuzzyDice","floor":18,"turns":2},{"damage":25,"enemies":"Replay:Snechameleon","floor":23,"turns":2},{"damage":14,"enemies":"Snecko","floor":24,"turns":5},{"damage":0,"enemies":"Snecko","floor":27,"turns":2},{"damage":20,"enemies":"Centurion and Healer","floor":28,"turns":2},{"damage":0,"enemies":"Chosen and Byrds","floor":30,"turns":2},{"damage":0,"enemies":"Snake Plant","floor":31,"turns":1},{"damage":24,"enemies":"hubris:MusketHawk","floor":33,"turns":4},{"damage":20,"enemies":"3 Shapes","floor":35,"turns":3},{"damage":0,"enemies":"3 Darklings","floor":36,"turns":2},{"damage":14,"enemies":"Spire Growth","floor":37,"turns":3},{"damage":5,"enemies":"Maw","floor":41,"turns":4},{"damage":22,"enemies":"Sphere and 2 Shapes","floor":47,"turns":3},{"damage":8,"enemies":"3 Darklings","floor":50,"turns":2},{"damage":18,"enemies":"Time Eater","floor":52,"turns":2}],"seed_played":"-6059142728314733029","potions_obtained":[{"floor":1,"key":"DistilledChaos"},{"floor":16,"key":"Ancient Potion"},{"floor":18,"key":"Energy Potion"},{"floor":28,"key":"blueLaboratory:FrostheartPotion"},{"floor":30,"key":"Regen Potion"},{"floor":33,"key":"blueLaboratory:PyrophylliteBrew"},{"floor":47,"key":"blueLaboratory:AbyssPotion"},{"floor":50,"key":"DistilledChaos"}],"is_trial":true,"path_per_floor":["M","?","M","$","T","E","?","R","T","$","R","M","R","M","R","B",null,"M","$","?","?","?","E","MIM","R","T","M","M","?","M","M","R","B",null,"M","M","M","$","PTL","PTL","M","R","T","$","T","?","M","?","?","M","R","B"],"character_chosen":"THE_HERO","items_purchased":["MerchantsRug","trackpad:BiPhaseBiplane","aspiration:ChemicalBlood","vexMod:PaidLearning","aspiration:Nostalgia","Tiny Chest","Sling","trackpad:RapidFire","War Paint"],"campfire_rested":1,"item_purchase_floors":[4,4,4,10,19,19,38,44,44],"current_hp_per_floor":[68,23,23,23,23,15,15,15,15,15,15,17,17,17,39,27,75,75,75,75,75,75,52,42,42,42,44,26,26,28,30,30,15,75,57,59,47,47,47,47,48,48,48,48,48,39,19,19,19,13,13,0,0],"gold":72,"neow_bonus":"","is_daily":false,"chose_seed":false,"campfire_upgraded":6,"win_rate":0.0,"timestamp":1608179509,"path_taken":["M","?","M","$","?","E","?","R","T","$","R","M","R","?","R","BOSS","M","$","?","?","?","E","?","R","T","?","M","?","M","?","R","BOSS","M","M","M","$","PTL","PTL","M","R","?","$","T","?","M","?","?","M","R","BOSS"],"items_purchased_type":["Relic","Relic","Relic","Relic","Relic","Relic","Relic","Relic","Relic"],"build_version":"2020-12-13","purchased_purges":3,"victory":false,"max_hp_per_floor":[75,75,75,75,75,75,75,75,75,75,75,75,75,75,75,75,75,75,75,75,75,75,75,75,75,75,75,75,75,75,75,75,75,75,75,75,75,75,75,75,75,75,75,75,75,75,75,75,75,75,75,75,75],"card_choices":[{"not_picked":["animeID:NightEye","animeID:Mina"],"picked":"animeID:DelawareSmash","floor":0},{"not_picked":["animeID:Uraraka","animeID:Momo"],"picked":"animeID:HowitzerImpact","floor":0},{"not_picked":["animeID:Kurono","animeID:Mina"],"picked":"animeID:Rei","floor":0},{"not_picked":["animeID:Kurono","animeID:Bakugo"],"picked":"animeID:DelawareSmash","floor":0},{"not_picked":["animeID:TetsuTetsu","animeID:TodorokiShoto"],"picked":"animeID:Iida","floor":0},{"not_picked":["animeID:Uraraka","animeID:Rappa"],"picked":"animeID:Bakugo","floor":0},{"not_picked":["animeID:Tomura","animeID:Mezo"],"picked":"animeID:ToruHagakure","floor":0},{"not_picked":["animeID:TetsuTetsu","animeID:Dabi"],"picked":"animeID:DelawareSmash","floor":0},{"not_picked":["animeID:Crystallize","animeID:Ojiro"],"picked":"animeID:DelawareSmash","floor":0},{"not_picked":["animeID:Mineta","animeID:Uraraka"],"picked":"animeID:Kirishima","floor":0},{"not_picked":["animeID:Mina","animeID:Rappa"],"picked":"animeID:Cementoss","floor":0},{"not_picked":["animeID:Thirteen","animeID:TodorokiShoto"],"picked":"animeID:DelawareSmash","floor":0},{"not_picked":["animeID:Kaminari","animeID:Mineta"],"picked":"animeID:MtLady","floor":0},{"not_picked":["animeID:Crystallize","animeID:Tomura"],"picked":"animeID:GranTorino","floor":0},{"not_picked":["animeID:Momo","animeID:Tomura"],"picked":"animeID:DelawareSmash","floor":0},{"not_picked":["animeID:DetroitDelaware","animeID:Bakugo"],"picked":"animeID:Deku","floor":1},{"not_picked":["animeID:Ojiro","animeID:Uraraka","animeID:DetroitSmash"],"picked":"SKIP","floor":3},{"not_picked":["animeID:Aoyama","animeID:Kaminari"],"picked":"animeID:Deku","floor":6},{"not_picked":["animeID:Mina","animeID:USA_Smash"],"picked":"animeID:Kirishima","floor":12},{"not_picked":["animeID:Kurono","animeID:Bakugo","animeID:TodorokiShoto"],"picked":"SKIP","floor":14},{"not_picked":["animeID:FatGum","animeID:Momo+1","animeID:Tomura"],"picked":"SKIP","floor":18},{"not_picked":["animeID:Stain+1","animeID:NightEye"],"picked":"SKIP","floor":23},{"not_picked":["animeID:Shigaraki","animeID:TodorokiShoto+1"],"picked":"SKIP","floor":23},{"not_picked":["animeID:Cementoss+1"],"picked":"animeID:DetroitSmash","floor":24},{"not_picked":["animeID:DelawareSmash","animeID:ToruHagakure+1"],"picked":"SKIP","floor":27},{"not_picked":["animeID:Muscular","animeID:DelawareSmash+1"],"picked":"SKIP","floor":27},{"not_picked":["animeID:Shigaraki"],"picked":"animeID:DetroitSmash+1","floor":28},{"not_picked":["animeID:Ojiro+1","animeID:MtLady"],"picked":"SKIP","floor":28},{"not_picked":["animeID:Mina"],"picked":"animeID:Bakugo+1","floor":30},{"not_picked":["animeID:Hawks","animeID:MtLady"],"picked":"SKIP","floor":30},{"not_picked":["animeID:Tsuyu+1","animeID:Dabi+1"],"picked":"SKIP","floor":31},{"not_picked":["animeID:Tomura+1","animeID:Mineta+1"],"picked":"SKIP","floor":31},{"not_picked":["animeID:RedRiot"],"picked":"animeID:AllMight","floor":33},{"not_picked":["animeID:ToruHagakure","animeID:Momo"],"picked":"SKIP","floor":35},{"not_picked":["animeID:Muscular","animeID:Kurono+1"],"picked":"SKIP","floor":35},{"not_picked":["animeID:EraserHead+1","animeID:SkinnyGum+1"],"picked":"SKIP","floor":36},{"not_picked":["animeID:Mezo+1","animeID:Bakugo"],"picked":"SKIP","floor":36},{"not_picked":["animeID:Momo","animeID:Ojiro"],"picked":"SKIP","floor":37},{"not_picked":["animeID:GentleCriminal","animeID:Momo+1"],"picked":"SKIP","floor":37},{"not_picked":["animeID:Kirishima+1","animeID:Momo"],"picked":"SKIP","floor":41},{"not_picked":["animeID:Momo+1","animeID:Tomura+1"],"picked":"SKIP","floor":41},{"not_picked":["animeID:Muscular","animeID:Bakugo+1","animeID:Momo"],"picked":"SKIP","floor":47},{"not_picked":["animeID:Muscular+1","animeID:Deku","animeID:Kendo"],"picked":"SKIP","floor":50}],"player_experience":1091611,"relics_obtained":[{"floor":5,"key":"Potion Belt"},{"floor":6,"key":"aspiration:DSix"},{"floor":9,"key":"trackpad:Compendium"},{"floor":23,"key":"trackpad:AdjectivePendant"},{"floor":24,"key":"hubris:SphereOfDissonance"},{"floor":43,"key":"Akabeko"},{"floor":45,"key":"conspire:DeflatedDodgeball"},{"floor":49,"key":"ReplayTheSpireMod:Ring of Exchange"}],"event_choices":[{"damage_healed":0,"gold_gain":435,"player_choice":"GO GO GO GO RE ","damage_taken":51,"relics_obtained":["halation:PrussianBluePaint"],"max_hp_gain":0,"max_hp_loss":0,"event_name":"betterSkull:BetterSkull","floor":2,"gold_loss":0,"cards_upgraded":[]},{"damage_healed":0,"gold_gain":0,"player_choice":"Upgraded","damage_taken":0,"max_hp_gain":0,"max_hp_loss":0,"event_name":"Upgrade Shrine","floor":29,"gold_loss":0,"cards_upgraded":["animeID:DelawareSmash"]},{"damage_healed":0,"gold_gain":0,"player_choice":"Embrace Madness","damage_taken":9,"max_hp_gain":0,"max_hp_loss":0,"event_name":"Winding Halls","floor":46,"gold_loss":0,"cards_obtained":["Madness","Madness"]}],"is_beta":false,"boss_relics":[{"not_picked":["aspiration:RunesmithSkillbook","vexMod:MegatonBomb"],"picked":"energizedSpire:CursedPentagram"},{"not_picked":["vexMod:EndlessSickness","SlaversCollar"],"picked":"CosmicIsotope"}],"items_purged_floors":[4,4,38],"is_endless":false,"potions_floor_spawned":[1,16,18,28,30,31,36,37,47,50],"killed_by":"Time Eater","ascension_level":0}}