{"host":"dvpvhz1t6etneyb3","time":1608226363,"event":{"mods":["AchievementEnabler","BaseMod","Colored Map","Highlight Path","Minty Spire (QoL Compilation)","Permanent Neow","Quick Restart"],"gold_per_floor":[16,34,49,49,68,68,93,18,72,72,92,111,111,136,136,210,210,225,16,27,327,339,373,54,54,125,125,152,152,185,13,13,87,87,101,0,0,19,19,19,46,59,85,112,127,143,143,158,158,158,158],"floor_reached":52,"playtime":4224,"items_purged":["Strike_R","Strike_R"],"score":2060,"play_id":"78fd1e9c-6ec6-4a7e-b83a-151495b58c72","local_time":"20201217123243","is_ascension_mode":true,"campfire_choices":[{"data":"Fiend Fire","floor":6.0,"key":"SMITH"},{"floor":13.0,"key":"REST"},{"data":"Dual Wield","floor":15.0,"key":"SMITH"},{"data":"Feed","floor":25.0,"key":"SMITH"},{"data":"J.A.X.","floor":29.0,"key":"SMITH"},{"data":"Demon Form","floor":32.0,"key":"SMITH"},{"data":"Feel No Pain","floor":40.0,"key":"SMITH"},{"data":"Shockwave","floor":47,"key":"SMITH"},{"data":"Juggernaut","floor":49,"key":"SMITH"}],"circlet_count":0,"master_deck":["AscendersBane","Strike_R","Strike_R","Defend_R","Defend_R","Defend_R","Bash","Wild Strike","Dual Wield+1","Anger+1","Cleave+1","Fiend Fire+1","Impervious","Battle Trance","Feel No Pain+1","Demon Form+1","Shrug It Off","Shame","Feed+1","Fiend Fire+1","J.A.X.+1","Juggernaut+1","Feel No Pain","Impervious","Pommel Strike+1","Rage+1","Shockwave+1","Feel No Pain","Seeing Red","Warcry+1","Offering"],"relics":["Burning Blood","Pear","Akabeko","Art of War","Self Forming Clay","Orichalcum","Runic Pyramid","Old Coin","Dream Catcher","Happy Flower","DollysMirror","White Beast Statue","Eternal Feather","Whetstone","OrangePellets","Velvet Choker","Red Mask","Bird Faced Urn","Boot","Magic Flower"],"acts_visited":["Exordium","TheCity","TheBeyond"],"potions_floor_usage":[50,51],"damage_taken":[{"damage":0.0,"enemies":"2 Louse","floor":1.0,"turns":2.0},{"damage":1.0,"enemies":"Cultist","floor":2.0,"turns":3.0},{"damage":12.0,"enemies":"Jaw Worm","floor":3.0,"turns":2.0},{"damage":16.0,"enemies":"Blue Slaver","floor":5.0,"turns":3.0},{"damage":25.0,"enemies":"Lagavulin","floor":7.0,"turns":6.0},{"damage":0.0,"enemies":"2 Fungi Beasts","floor":11.0,"turns":2.0},{"damage":0.0,"enemies":"Large Slime","floor":12.0,"turns":1.0},{"damage":8.0,"enemies":"Gremlin Nob","floor":14.0,"turns":3.0},{"damage":10.0,"enemies":"The Guardian","floor":16.0,"turns":11.0},{"damage":15.0,"enemies":"Shell Parasite","floor":18.0,"turns":2.0},{"damage":0.0,"enemies":"Spheric Guardian","floor":20.0,"turns":2.0},{"damage":0.0,"enemies":"Snake Plant","floor":22.0,"turns":3.0},{"damage":0.0,"enemies":"Gremlin Leader","floor":23.0,"turns":3.0},{"damage":8.0,"enemies":"Book of Stabbing","floor":28.0,"turns":4.0},{"damage":3.0,"enemies":"Gremlin Leader","floor":30.0,"turns":5.0},{"damage":30.0,"enemies":"Automaton","floor":33.0,"turns":6.0},{"damage":0.0,"enemies":"Orb Walker","floor":35.0,"turns":2.0},{"damage":44.0,"enemies":"3 Shapes","floor":38.0,"turns":4.0},{"damage":0.0,"enemies":"Reptomancer","floor":41.0,"turns":2.0},{"damage":6.0,"enemies":"Jaw Worm Horde","floor":42.0,"turns":5.0},{"damage":6.0,"enemies":"Giant Head","floor":44.0,"turns":5.0},{"damage":7,"enemies":"Sphere and 2 Shapes","floor":45,"turns":3},{"damage":9,"enemies":"Spire Growth","floor":46,"turns":4},{"damage":33,"enemies":"Jaw Worm Horde","floor":48,"turns":4},{"damage":50,"enemies":"Donu and Deca","floor":50,"turns":8},{"damage":26,"enemies":"Time Eater","floor":51,"turns":6}],"seed_played":"-1009864840458245600","potions_obtained":[{"floor":1.0,"key":"SteroidPotion"},{"floor":2.0,"key":"EntropicBrew"},{"floor":7.0,"key":"PowerPotion"},{"floor":28.0,"key":"Block Potion"},{"floor":30.0,"key":"SpeedPotion"},{"floor":33.0,"key":"EntropicBrew"},{"floor":41.0,"key":"Block Potion"},{"floor":42.0,"key":"Strength Potion"}],"is_trial":false,"path_per_floor":["M","M","M","?","M","R","E","$","T","?","M","M","R","E","R","B",null,"M","$","M","?","M","E","$","R","T","?","E","R","E","$","R","B",null,"M","?","$","M","?","R","E","M","T","E","M","M","R","M","R","B","B",null],"character_chosen":"IRONCLAD","items_purchased":["CultistPotion","Happy Flower","DollysMirror","OrangePellets"],"campfire_rested":1,"item_purchase_floors":[19,24,24,31],"current_hp_per_floor":[74,75,69,79,69,69,50,50,50,15,21,27,52,50,50,46,75,66,66,72,72,78,84,84,84,84,84,82,85,89,89,89,65,83,93,93,93,59,59,74,80,90,90,96,96,100,100,79,97,71,69],"gold":158,"neow_bonus":"TRANSFORM_TWO_CARDS","is_daily":false,"chose_seed":false,"campfire_upgraded":8,"win_rate":0.0,"timestamp":1608226363,"path_taken":["M","M","M","?","M","R","E","$","T","?","M","M","R","E","R","BOSS","M","$","M","?","M","E","$","R","T","?","E","R","E","$","R","BOSS","M","?","$","M","?","R","E","M","T","E","M","M","R","M","R","BOSS","BOSS"],"items_purchased_type":["Potion","Relic","Relic","Relic"],"build_version":"2020-12-13","purchased_purges":2,"victory":true,"max_hp_per_floor":[75,75,75,85,85,85,85,85,85,85,85,85,85,85,85,85,85,85,85,85,85,85,85,85,85,85,85,85,85,89,89,89,89,89,93,93,93,97,92,92,92,96,96,96,96,100,100,100,100,100,100],"card_choices":[{"not_picked":["Pommel Strike","Iron Wave"],"picked":"Anger","floor":1.0},{"not_picked":["Clothesline","Heavy Blade"],"picked":"Cleave","floor":2.0},{"not_picked":["Armaments","Infernal Blade","Clash"],"picked":"SKIP","floor":3.0},{"not_picked":["Rampage","Twin Strike"],"picked":"Fiend Fire","floor":5.0},{"not_picked":["Pommel Strike","Wild Strike"],"picked":"Impervious","floor":7.0},{"not_picked":["Thunderclap","Infernal Blade","Iron Wave"],"picked":"SKIP","floor":11.0},{"not_picked":["Iron Wave","Pommel Strike"],"picked":"Battle Trance","floor":12.0},{"not_picked":["Body Slam","Seeing Red"],"picked":"Feel No Pain","floor":14.0},{"not_picked":["Barricade","Exhume"],"picked":"Demon Form","floor":16.0},{"not_picked":["Clash","Iron Wave","Rampage"],"picked":"SKIP","floor":18.0},{"not_picked":["Cleave+1","Metallicize"],"picked":"Shrug It Off","floor":20.0},{"not_picked":["Flex","Headbutt","Pommel Strike"],"picked":"SKIP","floor":22.0},{"not_picked":["Shrug It Off","Headbutt"],"picked":"Feed","floor":23.0},{"not_picked":["Perfected Strike","Entrench"],"picked":"Juggernaut","floor":28.0},{"not_picked":["Entrench","Reckless Charge"],"picked":"Feel No Pain","floor":30.0},{"not_picked":["Demon Form","Feed"],"picked":"Impervious","floor":33.0},{"not_picked":["Twin Strike+1","Havoc"],"picked":"Pommel Strike+1","floor":35.0},{"not_picked":["Dark Embrace","Clash"],"picked":"Rage+1","floor":38.0},{"not_picked":["Rage+1","Headbutt"],"picked":"Shockwave","floor":41.0},{"not_picked":["Armaments","Warcry"],"picked":"Feel No Pain","floor":42.0},{"not_picked":["Ghostly Armor+1","Rupture+1"],"picked":"Seeing Red","floor":44.0},{"not_picked":["Ghostly Armor","Sword Boomerang"],"picked":"Warcry+1","floor":45},{"not_picked":["Flex","Infernal Blade","Uppercut"],"picked":"SKIP","floor":46},{"not_picked":["Flex","Infernal Blade","Uppercut"],"picked":"SKIP","floor":46},{"not_picked":["Ghostly Armor","Wild Strike"],"picked":"Offering","floor":48}],"player_experience":1866416,"relics_obtained":[{"floor":4.0,"key":"Pear"},{"floor":7.0,"key":"Akabeko"},{"floor":9.0,"key":"Art of War"},{"floor":14.0,"key":"Orichalcum"},{"floor":23.0,"key":"Dream Catcher"},{"floor":26.0,"key":"White Beast Statue"},{"floor":28.0,"key":"Eternal Feather"},{"floor":30.0,"key":"Whetstone"},{"floor":41.0,"key":"Bird Faced Urn"},{"floor":43.0,"key":"Boot"},{"floor":44.0,"key":"Magic Flower"}],"event_choices":[{"damage_healed":0.0,"max_hp_gain":0.0,"max_hp_loss":0.0,"gold_gain":0.0,"event_name":"Wheel of Change","player_choice":"Relic","floor":4.0,"gold_loss":0.0,"damage_taken":0.0},{"damage_healed":0.0,"max_hp_gain":0.0,"max_hp_loss":0.0,"gold_gain":0.0,"event_name":"Scrap Ooze","player_choice":"Success","floor":10.0,"gold_loss":0.0,"damage_taken":35.0,"relics_obtained":["Self Forming Clay"]},{"damage_healed":0.0,"max_hp_gain":0.0,"max_hp_loss":0.0,"gold_gain":0.0,"event_name":"Addict","player_choice":"Stole Relic","floor":21.0,"gold_loss":0.0,"damage_taken":0.0,"relics_obtained":["Old Coin"],"cards_obtained":["Shame"]},{"damage_healed":0.0,"max_hp_gain":0.0,"max_hp_loss":0.0,"gold_gain":0.0,"event_name":"Drug Dealer","player_choice":"Obtain J.A.X.","floor":27.0,"gold_loss":0.0,"damage_taken":0.0,"cards_obtained":["J.A.X."]},{"damage_healed":0.0,"max_hp_gain":0.0,"max_hp_loss":0.0,"gold_gain":0.0,"event_name":"Tomb of Lord Red Mask","player_choice":"Paid","floor":36.0,"gold_loss":101.0,"damage_taken":0.0,"relics_obtained":["Red Mask"]},{"damage_healed":0.0,"max_hp_gain":0.0,"max_hp_loss":5.0,"gold_gain":0.0,"event_name":"Winding Halls","player_choice":"Max HP","floor":39.0,"gold_loss":0.0,"damage_taken":0.0}],"is_beta":false,"boss_relics":[{"not_picked":["Astrolabe","Runic Cube"],"picked":"Runic Pyramid"},{"not_picked":["Black Star","Busted Crown"],"picked":"Velvet Choker"}],"items_purged_floors":[8,19],"is_endless":false,"potions_floor_spawned":[1,2,7,28,30,33,35,38,41,42,44,45,46,48],"ascension_level":20}}