{"host":"xz534terrkr331jc","time":1608214505,"event":{"mods":["BaseMod","Better Third Choice","Downfall","Hermit","Jorbs\u0027s Wanderer Trilogy","Marisa????????","Minty Spire (QoL Compilation)","Shade Mod","StSLib","The Cursed","The Hierophant","The Servant 0.9.4","The Wild Card"],"gold_per_floor":[115,290,66,66,83,99,99,134,134,134,144,144,156,180,180,276,276,295,195,215,314,239,254,254,270,270,16,16,30,46,64,64,161,161,178,192,192,192,67,82,82,93,142,142,142,157,88,138,138,138,138],"floor_reached":50,"playtime":3165,"items_purged":["Doubt","Strike_R","Defend_R"],"score":494,"play_id":"8a884809-203b-4f05-8a28-6d8c6c6f86aa","local_time":"20201217151505","is_ascension_mode":false,"campfire_choices":[{"data":"Inflame","floor":7,"key":"SMITH"},{"floor":10,"key":"RECALL"},{"floor":12,"key":"REST"},{"data":"Heavy Blade","floor":15,"key":"SMITH"},{"data":"Defend_R","floor":24,"key":"SMITH"},{"floor":32,"key":"REST"},{"floor":41,"key":"REST"},{"data":"Shrug It Off","floor":45,"key":"SMITH"},{"data":"Defend_R","floor":49,"key":"SMITH"}],"circlet_count":0,"master_deck":["Strike_R","Defend_R","Defend_R+1","Defend_R+1","Bash","Inflame+1","Heavy Blade+1","Barricade+1","Shrug It Off+1","Metallicize+1","Flex+1"],"relics":["Black Blood","Akabeko","Bag of Preparation","Frozen Egg 2","Mummified Hand","Tiny Chest","Busted Crown","Matryoshka","HornCleat","Blood Vial","MealTicket","Juzu Bracelet","White Beast Statue","StoneCalendar"],"acts_visited":["Exordium","TheCity","TheBeyond"],"potions_floor_usage":[13,16,30,33,42,50,50],"damage_taken":[{"damage":3,"enemies":"Small Slimes","floor":1,"turns":3},{"damage":0,"enemies":"2 Louse","floor":5,"turns":2},{"damage":6,"enemies":"Cultist","floor":6,"turns":3},{"damage":47,"enemies":"3 Sentries","floor":8,"turns":12},{"damage":5,"enemies":"Exordium Thugs","floor":11,"turns":4},{"damage":0,"enemies":"Large Slime","floor":13,"turns":4},{"damage":6,"enemies":"Slime Boss","floor":16,"turns":7},{"damage":0,"enemies":"Spheric Guardian","floor":18,"turns":3},{"damage":23,"enemies":"3 Byrds","floor":20,"turns":6},{"damage":21,"enemies":"Centurion and Healer","floor":23,"turns":6},{"damage":41,"enemies":"Sentry and Sphere","floor":25,"turns":8},{"damage":6,"enemies":"Shelled Parasite and Fungi","floor":29,"turns":7},{"damage":0,"enemies":"Centurion and Healer","floor":30,"turns":6},{"damage":6,"enemies":"Snake Plant","floor":31,"turns":4},{"damage":52,"enemies":"Champ","floor":33,"turns":16},{"damage":6,"enemies":"Orb Walker","floor":35,"turns":3},{"damage":50,"enemies":"3 Darklings","floor":36,"turns":11},{"damage":45,"enemies":"Sphere and 2 Shapes","floor":40,"turns":7},{"damage":0,"enemies":"Jaw Worm Horde","floor":42,"turns":4},{"damage":0,"enemies":"4 Shapes","floor":46,"turns":9},{"damage":0,"enemies":"Mind Bloom Boss Battle","floor":48,"turns":13},{"damage":89,"enemies":"Donu and Deca","floor":50,"turns":15}],"seed_played":"7636124437587677463","potions_obtained":[{"floor":5,"key":"SkillPotion"},{"floor":13,"key":"Fruit Juice"},{"floor":16,"key":"EssenceOfSteel"},{"floor":25,"key":"SkillPotion"},{"floor":31,"key":"FearPotion"},{"floor":40,"key":"ColorlessPotion"},{"floor":42,"key":"FearPotion"},{"floor":46,"key":"Dexterity Potion"},{"floor":48,"key":"Fire Potion"}],"is_trial":false,"path_per_floor":["M","?","$","?","M","M","R","E","T","R","M","R","M","T","R","B",null,"M","$","M","?","?","M","R","M","T","$","T","M","M","M","R","B",null,"M","M","?","?","$","M","R","M","T","T","R","M","$","?","R","B"],"character_chosen":"IRONCLAD","items_purchased":["Bag of Preparation","HornCleat","Metallicize+1"],"campfire_rested":3,"item_purchase_floors":[3,27,47],"current_hp_per_floor":[80,80,80,80,80,80,80,39,39,39,40,64,75,75,75,75,85,85,85,68,68,68,53,53,18,18,18,18,20,28,30,55,11,85,85,47,47,47,47,16,41,55,55,55,55,69,84,85,85,0,0],"gold":138,"neow_bonus":"RANDOM_COMMON_RELIC","is_daily":false,"chose_seed":false,"campfire_upgraded":5,"win_rate":0.0,"timestamp":1608214505,"path_taken":["M","?","$","?","?","M","R","E","T","R","M","R","M","?","R","BOSS","M","$","M","?","?","M","R","?","T","$","?","M","M","M","R","BOSS","M","M","?","?","?","M","R","M","T","?","R","M","$","?","R","BOSS"],"items_purchased_type":["Relic","Relic","Card"],"build_version":"2020-12-13","purchased_purges":3,"victory":false,"max_hp_per_floor":[80,80,80,80,80,80,80,80,80,80,80,80,85,85,85,85,85,85,85,85,85,85,85,85,85,85,85,85,85,85,85,85,85,85,85,85,85,85,85,85,85,85,85,85,85,85,85,85,85,85,85],"card_choices":[{"not_picked":["Wild Strike","Armaments","Twin Strike"],"picked":"SKIP","floor":1},{"not_picked":["Sentinel","Thunderclap"],"picked":"Inflame","floor":5},{"not_picked":["Twin Strike","Burning Pact","Sever Soul"],"picked":"SKIP","floor":6},{"not_picked":["Pommel Strike","Armaments","Iron Wave"],"picked":"SKIP","floor":8},{"not_picked":["Seeing Red","Uppercut","Sword Boomerang"],"picked":"SKIP","floor":11},{"not_picked":["Perfected Strike","Flex"],"picked":"Heavy Blade","floor":13},{"not_picked":["Double Tap","Reaper"],"picked":"Barricade+1","floor":16},{"not_picked":["Evolve+1"],"picked":"SKIP","floor":18},{"not_picked":["Infernal Blade"],"picked":"SKIP","floor":20},{"not_picked":["Body Slam"],"picked":"SKIP","floor":23},{"not_picked":["Fire Breathing+1"],"picked":"SKIP","floor":25},{"not_picked":["Anger"],"picked":"SKIP","floor":29},{"not_picked":["Evolve+1"],"picked":"SKIP","floor":30},{"not_picked":["Armaments"],"picked":"SKIP","floor":31},{"not_picked":["Twin Strike+1"],"picked":"SKIP","floor":35},{"not_picked":["Clothesline+1"],"picked":"SKIP","floor":36},{"not_picked":[],"picked":"Shrug It Off","floor":40},{"not_picked":["Sword Boomerang"],"picked":"SKIP","floor":42},{"not_picked":["Sword Boomerang+1"],"picked":"SKIP","floor":46},{"not_picked":[],"picked":"Flex+1","floor":48}],"player_experience":561596,"relics_obtained":[{"floor":8,"key":"Frozen Egg 2"},{"floor":9,"key":"Mummified Hand"},{"floor":14,"key":"Tiny Chest"},{"floor":26,"key":"Matryoshka"},{"floor":28,"key":"Blood Vial"},{"floor":43,"key":"MealTicket"},{"floor":43,"key":"Juzu Bracelet"},{"floor":44,"key":"White Beast Statue"},{"floor":48,"key":"StoneCalendar"}],"event_choices":[{"damage_healed":0,"gold_gain":175,"player_choice":"AGREE","damage_taken":115,"max_hp_gain":0,"max_hp_loss":0,"event_name":"betterThird:BetterSerpent","floor":2,"gold_loss":0},{"cards_removed":["Strike_R"],"damage_healed":0,"gold_gain":0,"player_choice":"Purged","damage_taken":0,"max_hp_gain":0,"max_hp_loss":0,"event_name":"Purifier","floor":4,"gold_loss":0},{"damage_healed":0,"gold_gain":99,"player_choice":"Steal","damage_taken":0,"max_hp_gain":0,"max_hp_loss":0,"event_name":"betterThird:BetterNest","floor":21,"gold_loss":0},{"cards_removed":["Strike_R"],"damage_healed":0,"gold_gain":0,"player_choice":"Gave Gold","damage_taken":0,"max_hp_gain":0,"max_hp_loss":0,"event_name":"Beggar","floor":22,"gold_loss":75},{"cards_removed":["Strike_R"],"damage_healed":0,"gold_gain":0,"player_choice":"Removed Attack","damage_taken":0,"max_hp_gain":0,"max_hp_loss":0,"event_name":"Falling","floor":37,"gold_loss":0},{"damage_healed":0,"gold_gain":0,"player_choice":"Ignored","damage_taken":0,"max_hp_gain":0,"max_hp_loss":0,"event_name":"Mysterious Sphere","floor":38,"gold_loss":0},{"damage_healed":0,"gold_gain":0,"player_choice":"Fight","damage_taken":0,"max_hp_gain":0,"max_hp_loss":0,"event_name":"MindBloom","floor":48,"gold_loss":0}],"is_beta":false,"boss_relics":[{"not_picked":["Runic Cube","Calling Bell"],"picked":"Busted Crown"},{"not_picked":["Pandora\u0027s Box","Mark of Pain"],"picked":"Black Blood"}],"items_purged_floors":[3,19,39],"is_endless":false,"potions_floor_spawned":[5,13,16,20,25,31,40,42,46,48],"killed_by":"Donu and Deca","ascension_level":0}}