{"host":"5ezk7t18wcb10u1o","time":1608235247,"event":{"mods":["BaseMod","Bestiary","Colored Powertips","Minty Spire (QoL Compilation)","Relic Sorter"],"gold_per_floor":[115,115,115,115,133,166,166,199,199,199,211,226,251,264,264,340,340,354,334,353,372,382,382,382,382],"floor_reached":24,"playtime":3601,"items_purged":[],"score":403,"play_id":"4bacfa3a-a646-4177-bc4c-b022b4e6953b","local_time":"20201217200047","is_ascension_mode":true,"campfire_choices":[{"floor":7.0,"key":"REST"},{"floor":15.0,"key":"REST"},{"floor":23,"key":"REST"}],"circlet_count":0,"master_deck":["AscendersBane","Strike_B","Strike_B","Strike_B","Strike_B+1","Defend_B","Defend_B","Defend_B","Zap","Dualcast","Leap+1","Conserve Battery","Sunder+1","Gash","Hologram","Leap","Static Discharge","Chill","Core Surge","Go for the Eyes","Coolheaded","Steam","Chill"],"relics":["Cracked Core","StrikeDummy","Regal Pillow","Pear","Akabeko","Velvet Choker"],"acts_visited":["Exordium","TheCity"],"potions_floor_usage":[20,21,22],"damage_taken":[{"damage":10.0,"enemies":"Small Slimes","floor":1.0,"turns":3.0},{"damage":1.0,"enemies":"2 Louse","floor":5.0,"turns":2.0},{"damage":19.0,"enemies":"Gremlin Nob","floor":6.0,"turns":4.0},{"damage":23.0,"enemies":"3 Sentries","floor":8.0,"turns":7.0},{"damage":0.0,"enemies":"Cultist","floor":11.0,"turns":2.0},{"damage":0.0,"enemies":"Lots of Slimes","floor":12.0,"turns":3.0},{"damage":1.0,"enemies":"Gremlin Nob","floor":13.0,"turns":3.0},{"damage":6.0,"enemies":"3 Louse","floor":14.0,"turns":2.0},{"damage":19.0,"enemies":"Hexaghost","floor":16.0,"turns":9.0},{"damage":12,"enemies":"Shell Parasite","floor":18,"turns":4},{"damage":10,"enemies":"2 Thieves","floor":20,"turns":3},{"damage":19,"enemies":"Cultist and Chosen","floor":21,"turns":6},{"damage":18,"enemies":"Snake Plant","floor":22,"turns":4},{"damage":55,"enemies":"Slavers","floor":24,"turns":4}],"seed_played":"5455789546297349355","potions_obtained":[{"floor":1.0,"key":"Strength Potion"},{"floor":5.0,"key":"DuplicationPotion"},{"floor":6.0,"key":"PowerPotion"},{"floor":12.0,"key":"Fire Potion"},{"floor":18,"key":"Fire Potion"},{"floor":19,"key":"AttackPotion"},{"floor":21,"key":"PowerPotion"}],"is_trial":false,"path_per_floor":["M","?","?","?","M","E","R","E","T","?","M","M","E","M","R","B",null,"M","?","M","M","M","R","E"],"character_chosen":"DEFECT","items_purchased":[],"campfire_rested":3,"item_purchase_floors":[],"current_hp_per_floor":[54,54,59,36,35,16,38,15,25,25,25,25,24,18,58,39,74,62,62,52,33,15,55,0,0],"gold":382,"neow_bonus":"REMOVE_CARD","is_daily":false,"chose_seed":false,"campfire_upgraded":0,"win_rate":0.0,"timestamp":1608235247,"path_taken":["M","?","?","?","M","E","R","E","T","?","M","M","E","M","R","BOSS","M","?","M","M","?","R","E"],"items_purchased_type":[],"build_version":"2020-12-13","purchased_purges":0,"victory":false,"max_hp_per_floor":[71,71,76,76,76,76,76,76,86,86,86,86,86,86,86,86,86,86,86,86,86,86,86,86,86],"card_choices":[{"not_picked":["Heatsinks","Turbo"],"picked":"Leap","floor":1.0},{"not_picked":["Consume","Cold Snap"],"picked":"Conserve Battery","floor":5.0},{"not_picked":["Amplify","Rainbow"],"picked":"Sunder","floor":6.0},{"not_picked":["Double Energy","Consume"],"picked":"Gash","floor":8.0},{"not_picked":["Skim","Ball Lightning"],"picked":"Hologram","floor":11.0},{"not_picked":["Cold Snap","Coolheaded"],"picked":"Leap","floor":12.0},{"not_picked":["Chill","Redo"],"picked":"Static Discharge","floor":13.0},{"not_picked":["Ball Lightning","Redo"],"picked":"Chill","floor":14.0},{"not_picked":["Amplify","Rainbow"],"picked":"Core Surge","floor":16.0},{"not_picked":["Turbo","Steam"],"picked":"Go for the Eyes","floor":18},{"not_picked":["Meteor Strike","Cold Snap"],"picked":"Coolheaded","floor":20},{"not_picked":["Beam Cell","Chill"],"picked":"Steam","floor":21},{"not_picked":["Turbo","Steam Power"],"picked":"Chill","floor":22}],"player_experience":1039040,"relics_obtained":[{"floor":6.0,"key":"StrikeDummy"},{"floor":8.0,"key":"Regal Pillow"},{"floor":9.0,"key":"Pear"},{"floor":13.0,"key":"Akabeko"}],"event_choices":[{"damage_healed":0.0,"max_hp_gain":0.0,"max_hp_loss":0.0,"gold_gain":0.0,"event_name":"Liars Game","player_choice":"Ignored","floor":2.0,"gold_loss":0.0,"damage_taken":0.0},{"damage_healed":0.0,"max_hp_gain":5.0,"max_hp_loss":0.0,"gold_gain":0.0,"event_name":"Big Fish","player_choice":"Donut","floor":3.0,"gold_loss":0.0,"damage_taken":0.0},{"damage_healed":0.0,"max_hp_gain":0.0,"max_hp_loss":0.0,"gold_gain":0.0,"event_name":"Shining Light","player_choice":"Entered Light","floor":4.0,"gold_loss":0.0,"damage_taken":23.0,"cards_upgraded":["Strike_B","Leap"]},{"damage_healed":0.0,"max_hp_gain":0.0,"max_hp_loss":0.0,"gold_gain":0.0,"event_name":"Upgrade Shrine","player_choice":"Upgraded","floor":10.0,"gold_loss":0.0,"damage_taken":0.0,"cards_upgraded":["Sunder"]},{"damage_healed":0,"gold_gain":0,"player_choice":"Bought 1 Potion","damage_taken":0,"max_hp_gain":0,"max_hp_loss":0,"event_name":"The Woman in Blue","floor":19,"gold_loss":0}],"is_beta":false,"boss_relics":[{"not_picked":["Inserter","Sozu"],"picked":"Velvet Choker"}],"items_purged_floors":[],"is_endless":false,"potions_floor_spawned":[1,5,6,12,18,21],"killed_by":"Slavers","ascension_level":17}}