{"host":"mvw7i28zi3kj0eu9","time":1608212818,"event":{"mods":["AchievementEnabler","BaseMod","Better Third Choice","BetterRewards","Block Reminder","Conspire","Custom Start","Downfall","Energized Spire","Halation","Hermit","Hubris","Infinite Spire","Jorbs\u0027s Wanderer Trilogy","Minty Spire (QoL Compilation)","Replay The Spire","Shop Mod","Small Relic Pack","Spikes Relics","StSLib","The Blue Laboratory","The Necromancer","The Servant 0.9.4","Virulent Crown"],"gold_per_floor":[118,138,64,84,84,84,119,133,160,265,278,278,297,316,316,416,416,432,444,136,136,159,188,188,226,226,226,242,242,242],"floor_reached":29,"playtime":837,"items_purged":["Strike_B"],"score":292,"play_id":"0f405d59-4deb-4446-af12-fad3da064fa8","local_time":"20201217144658","is_ascension_mode":false,"campfire_choices":[{"data":"White Noise","floor":6,"key":"SMITH"},{"data":"Zap","floor":6,"key":"SMITH"},{"data":"Dualcast","floor":12,"key":"SMITH"},{"data":"Defend_B","floor":12,"key":"SMITH"},{"data":"Tempest","floor":15,"key":"SMITH"},{"data":"Ball Lightning","floor":15,"key":"SMITH"},{"floor":27,"key":"REST"}],"circlet_count":0,"master_deck":["Strike_B","Strike_B","Strike_B","Defend_B+1","Defend_B","Defend_B","Defend_B","Zap+1","Dualcast+1","FIFO Queue","White Noise+1","Tempest+1","Ball Lightning+1","Auto Shields+1","infinitespire:Oblivion"],"relics":["Cracked Core","conspire:InfiniteJournal","Replay:Arrowhead","Calipers","Orichalcum","expansioncontent:StudyCardRelic","CeramicFish","MerchantsRug","relicPack:DSword","Singing Bowl","halation:QuantumPhysicsTextbook","Replay:Wax Seal","Omamori"],"acts_visited":["Exordium","TheCity"],"potions_floor_usage":[7,13,16,16,18,22],"damage_taken":[{"damage":11,"enemies":"Jaw Worm","floor":1,"turns":3},{"damage":0,"enemies":"Small Slimes","floor":2,"turns":3},{"damage":0,"enemies":"2 Louse","floor":4,"turns":2},{"damage":42,"enemies":"Gremlin Nob","floor":7,"turns":5},{"damage":11,"enemies":"Blue Slaver","floor":8,"turns":4},{"damage":12,"enemies":"Exordium Wildlife","floor":11,"turns":5},{"damage":9,"enemies":"Exordium Thugs","floor":13,"turns":4},{"damage":0,"enemies":"2 Fungi Beasts","floor":14,"turns":3},{"damage":15,"enemies":"Hexaghost","floor":16,"turns":8},{"damage":6,"enemies":"Shell Parasite","floor":18,"turns":4},{"damage":18,"enemies":"2 Thieves","floor":19,"turns":3},{"damage":9,"enemies":"Sentry and Sphere","floor":22,"turns":4},{"damage":7,"enemies":"Book of Stabbing","floor":23,"turns":5},{"damage":0,"enemies":"Nightmare","floor":25,"turns":7},{"damage":23,"enemies":"Snecko","floor":28,"turns":5},{"damage":21,"enemies":"Shelled Parasite and Fungi","floor":29,"turns":2}],"seed_played":"7698948191247788065","potions_obtained":[{"floor":4,"key":"LifebloodPotion"},{"floor":7,"key":"blueLaboratory:BottleOfVodka"},{"floor":11,"key":"Ancient Potion"},{"floor":13,"key":"champ:CounterPotion"},{"floor":14,"key":"PowerPotion"},{"floor":19,"key":"hexamod:EctoCoolerPotion"},{"floor":28,"key":"FearPotion"}],"is_trial":true,"path_per_floor":["M","M","$","M","?","R","E","M","T","?","M","R","M","M","R","B",null,"M","M","$","?","M","E","T","NM","T","R","M","M"],"character_chosen":"DEFECT","items_purchased":["FIFO Queue","CeramicFish","MerchantsRug"],"campfire_rested":1,"item_purchase_floors":[3,20,20],"current_hp_per_floor":[64,64,64,64,64,64,61,50,50,32,20,20,16,16,16,11,75,74,56,56,21,12,7,7,9,9,32,11,0,0],"gold":242,"neow_bonus":"","is_daily":false,"chose_seed":false,"campfire_upgraded":6,"win_rate":0.0,"timestamp":1608212818,"path_taken":["M","M","$","M","?","R","E","M","T","?","M","R","M","M","R","BOSS","M","M","$","?","M","E","?","NM","T","R","?","M"],"items_purchased_type":["Card","Relic","Relic"],"build_version":"2020-12-13","purchased_purges":1,"victory":false,"max_hp_per_floor":[75,75,75,75,75,75,75,75,75,75,75,75,75,75,75,75,75,75,75,75,75,75,77,77,79,79,79,81,81,81],"card_choices":[{"not_picked":["Steam Power","BasicCrystalCard","Turbo"],"picked":"SKIP","floor":1},{"not_picked":["Beam Cell","DiskWipe","ReplaySort"],"picked":"SKIP","floor":2},{"not_picked":["Rebound","Go for the Eyes"],"picked":"White Noise","floor":4},{"not_picked":["Rebound","Steam","Conserve Battery"],"picked":"SKIP","floor":7},{"not_picked":["Panic Button","FIFO Queue","Leap"],"picked":"SKIP","floor":8},{"not_picked":["Auto Shields","Beam Cell","Redo"],"picked":"SKIP","floor":11},{"not_picked":["Core Surge","Gash"],"picked":"Tempest","floor":13},{"not_picked":["Scrape","Reinforced Body"],"picked":"Ball Lightning","floor":14},{"not_picked":["Sunder","Conserve Battery+1","Panic Button"],"picked":"SKIP","floor":18},{"not_picked":["Undo+1","Gash+1","Coolheaded"],"picked":"SKIP","floor":19},{"not_picked":["Streamline","BasicCrystalCard"],"picked":"Auto Shields+1","floor":22},{"not_picked":["ReplayTheSpireMod:GoodbyeWorld","Sunder","Tempest"],"picked":"Singing Bowl","floor":23},{"not_picked":["infinitespire:Execution","hubris:Rewind"],"picked":"infinitespire:Oblivion","floor":25},{"not_picked":["Self Repair","Panic Button","hubris:DoWhile"],"picked":"Singing Bowl","floor":25},{"not_picked":["Compile Driver+1","Steam","Sweeping Beam"],"picked":"Singing Bowl","floor":28}],"player_experience":888708,"relics_obtained":[{"floor":7,"key":"halation:Pancakes"},{"floor":9,"key":"Toy Ornithopter"},{"floor":10,"key":"Orichalcum"},{"floor":23,"key":"Singing Bowl"},{"floor":24,"key":"halation:QuantumPhysicsTextbook"},{"floor":25,"key":"Replay:Wax Seal"},{"floor":26,"key":"Omamori"}],"event_choices":[{"damage_healed":0,"gold_gain":0,"player_choice":"Ignored","damage_taken":84,"max_hp_gain":0,"max_hp_loss":0,"event_name":"betterThird:BetterSerpent","floor":5,"gold_loss":0}],"is_beta":false,"boss_relics":[{"not_picked":["conspire:SeveredTorchhead","Calling Bell"],"picked":"expansioncontent:StudyCardRelic"}],"items_purged_floors":[20],"is_endless":false,"potions_floor_spawned":[4,7,11,13,14,19,28],"killed_by":"Shelled Parasite and Fungi","ascension_level":0}}