{"host":"mcdusr64esz012l0","time":1608212203,"event":{"mods":["BaseMod","Minty Spire (QoL Compilation)","Relic Stats"],"gold_per_floor":[117,135,148,148,161,161,205,205,205,228,228,108,126,149,149,242,242,263,263,247,267,287,287,287,287],"floor_reached":24,"playtime":898,"items_purged":["Strike_R"],"score":400,"play_id":"f7263f68-2b9b-44c8-a5d9-ba34565c29ba","local_time":"20201217083643","is_ascension_mode":true,"campfire_choices":[{"floor":6,"key":"REST"},{"floor":8,"key":"REST"},{"data":"Uppercut","floor":11,"key":"SMITH"},{"floor":15,"key":"REST"},{"floor":23,"key":"REST"}],"circlet_count":0,"master_deck":["AscendersBane","Strike_R","Defend_R","Defend_R","Defend_R","Defend_R","Bash","Feel No Pain","Clothesline","Uppercut+1","Hemokinesis","Dark Embrace","Corruption","Battle Trance+1","Sentinel+1","Impervious+1","Whirlwind"],"relics":["Runic Dome","Golden Idol","CaptainsWheel","Thread and Needle","Astrolabe"],"acts_visited":["Exordium","TheCity"],"potions_floor_usage":[5,16,22,22],"damage_taken":[{"damage":7,"enemies":"Small Slimes","floor":1,"turns":3},{"damage":14,"enemies":"Jaw Worm","floor":2,"turns":4},{"damage":6,"enemies":"2 Louse","floor":3,"turns":3},{"damage":15,"enemies":"Exordium Wildlife","floor":5,"turns":5},{"damage":30,"enemies":"Lagavulin","floor":7,"turns":5},{"damage":4,"enemies":"Exordium Thugs","floor":13,"turns":3},{"damage":3,"enemies":"Red Slaver","floor":14,"turns":4},{"damage":37,"enemies":"The Guardian","floor":16,"turns":10},{"damage":2,"enemies":"Chosen","floor":18,"turns":6},{"damage":13,"enemies":"2 Thieves","floor":20,"turns":4},{"damage":4,"enemies":"Centurion and Healer","floor":21,"turns":7},{"damage":0,"enemies":"Chosen and Byrds","floor":22,"turns":5},{"damage":55,"enemies":"Gremlin Leader","floor":24,"turns":7}],"seed_played":"2029238317481458451","potions_obtained":[{"floor":3,"key":"AttackPotion"},{"floor":5,"key":"ElixirPotion"},{"floor":13,"key":"Ancient Potion"},{"floor":14,"key":"Strength Potion"},{"floor":20,"key":"LiquidBronze"}],"is_trial":false,"path_per_floor":["M","M","M","?","M","R","E","R","T","T","R","$","M","M","R","B",null,"M","?","M","M","M","R","E"],"character_chosen":"IRONCLAD","items_purchased":["Hemokinesis"],"campfire_rested":4,"item_purchase_floors":[12],"current_hp_per_floor":[61,47,41,41,26,46,16,36,36,36,36,36,32,29,49,12,54,52,52,39,35,35,55,0,0],"gold":287,"neow_bonus":"BOSS_RELIC","is_daily":false,"chose_seed":false,"campfire_upgraded":1,"win_rate":0.0,"timestamp":1608212203,"path_taken":["M","M","M","?","M","R","E","R","T","?","R","?","M","M","R","BOSS","M","?","M","M","M","R","E"],"items_purchased_type":["Card"],"build_version":"2020-12-13","purchased_purges":1,"victory":false,"max_hp_per_floor":[75,75,75,68,68,68,68,68,68,68,68,68,68,68,68,68,68,68,68,68,68,68,68,68,68],"relic_stats":{"counters":[13,66],"Golden Idol":57,"Astrolabe":["Battle Trance","Sentinel","Impervious"],"obtain_stats":[{"Runic Dome":0,"CaptainsWheel":7,"Golden Idol":4,"Astrolabe":17,"Thread and Needle":9,"Burning Blood":0},{"Runic Dome":0,"CaptainsWheel":5,"Golden Idol":3,"Astrolabe":8,"Thread and Needle":5,"Burning Blood":0},{"Runic Dome":0,"CaptainsWheel":20,"Golden Idol":10,"Astrolabe":37,"Thread and Needle":20,"Burning Blood":0}]},"card_choices":[{"not_picked":["True Grit","Sentinel","Headbutt"],"picked":"SKIP","floor":1},{"not_picked":["Armaments","Body Slam"],"picked":"Feel No Pain","floor":2},{"not_picked":["Thunderclap","Clash"],"picked":"Clothesline","floor":3},{"not_picked":["Spot Weakness","Armaments"],"picked":"Uppercut","floor":5},{"not_picked":["Rage","Dual Wield","Flex"],"picked":"SKIP","floor":7},{"not_picked":["Headbutt","Uppercut"],"picked":"Dark Embrace","floor":13},{"not_picked":["Warcry","Infernal Blade","Blood for Blood"],"picked":"SKIP","floor":14},{"not_picked":["Limit Break","Double Tap"],"picked":"Corruption","floor":16},{"not_picked":["Uppercut","Headbutt","Havoc"],"picked":"SKIP","floor":18},{"not_picked":["Clash+1","Iron Wave","Flex"],"picked":"SKIP","floor":20},{"not_picked":["Thunderclap","Cleave"],"picked":"Whirlwind","floor":21},{"not_picked":["Wild Strike","Perfected Strike","Sword Boomerang"],"picked":"SKIP","floor":22}],"player_experience":991655,"relics_obtained":[{"floor":7,"key":"CaptainsWheel"},{"floor":9,"key":"Thread and Needle"}],"event_choices":[{"damage_healed":0,"gold_gain":0,"player_choice":"Lose Max HP","damage_taken":0,"relics_obtained":["Golden Idol"],"max_hp_gain":0,"max_hp_loss":7,"event_name":"Golden Idol","floor":4,"gold_loss":0},{"damage_healed":0,"gold_gain":0,"player_choice":"Ignored","damage_taken":0,"max_hp_gain":0,"max_hp_loss":0,"event_name":"Vampires","floor":19,"gold_loss":0}],"is_beta":false,"boss_relics":[{"not_picked":["Cursed Key","SlaversCollar"],"picked":"Astrolabe"}],"items_purged_floors":[12],"is_endless":false,"potions_floor_spawned":[3,5,13,14,20],"killed_by":"Gremlin Leader","ascension_level":20}}