{"host":"cjmwurvrz00ml9vd","time":1608225937,"event":{"mods":["2.2 Compatiblity","AchievementEnabler","Act Like it!","Aspiration","BaseMod","Beaked The Cultist","Better Third Choice","BetterRewards","Colored Powertips","Conspire","Downfall","Hermit","Hubris","Infinite Spire","Marisa????????","Marked Mod","Minty Spire (QoL Compilation)","Robot Space Explorer","StSLib","The Blackbeard","The Cursed","The Disciple","The Jungle","The Necromancer","The Servant 0.9.4","TheFirefly"],"gold_per_floor":[111,130,143,177,193,225,225,251,251,315,315,349,204,223,223,321,321,341,416,435,448,468,468,468,468,519,519,548,528,543,554,554,554,554],"floor_reached":33,"playtime":1225,"items_purged":[],"score":556,"play_id":"3494d045-ac91-44d1-8f6d-72be4dbc5e81","local_time":"20201217182537","is_ascension_mode":true,"campfire_choices":[{"floor":7,"key":"REST"},{"data":"Fission","floor":7,"key":"SMITH"},{"floor":11,"key":"REST"},{"data":"White Noise","floor":11,"key":"SMITH"},{"data":"Zap","floor":15,"key":"SMITH"},{"floor":23,"key":"REST"},{"data":"Defragment","floor":23,"key":"SMITH"},{"floor":25,"key":"REST"},{"data":"hubris:Fate","floor":25,"key":"SMITH"},{"floor":32,"key":"REST"},{"data":"hubris:Ukulele","floor":32,"key":"SMITH"}],"circlet_count":0,"master_deck":["Strike_B","Strike_B","Strike_B","Strike_B","Defend_B","Defend_B","Defend_B","Defend_B","Zap+1","Dualcast","Cold Snap","hubris:Ukulele+1","Ball Lightning","Fission+1","White Noise+1","Thunder Strike","Machine Learning","Chaos+1","Consume+1","Defragment+1","hubris:Fate+1"],"relics":["Cracked Core","Lee\u0027s Waffle","infinitespire:Magic Flask","Bronze Scales","Pen Nib","Blood Vial","infinitespire:Lucky Rock","Nunchaku","Lantern","aspiration:Stellarator","Frozen Eye","MealTicket","aspiration:TomeofQuesting"],"acts_visited":["Exordium","TheCity"],"potions_floor_usage":[8,14,21,21,28,31,31],"damage_taken":[{"damage":3,"enemies":"conspire:RoseBush","floor":1,"turns":2},{"damage":3,"enemies":"Small Slimes","floor":2,"turns":2},{"damage":0,"enemies":"Cultist","floor":3,"turns":3},{"damage":11,"enemies":"conspire:MimicChest","floor":4,"turns":3},{"damage":6,"enemies":"2 Fungi Beasts","floor":5,"turns":2},{"damage":10,"enemies":"3 Sentries","floor":6,"turns":5},{"damage":14,"enemies":"Gremlin Nob","floor":8,"turns":3},{"damage":10,"enemies":"3 Sentries","floor":12,"turns":3},{"damage":0,"enemies":"Gremlin Gang","floor":14,"turns":2},{"damage":13,"enemies":"The Guardian","floor":16,"turns":6},{"damage":24,"enemies":"Shell Parasite","floor":18,"turns":6},{"damage":6,"enemies":"Spheric Guardian","floor":20,"turns":4},{"damage":19,"enemies":"3 Cultists","floor":21,"turns":6},{"damage":23,"enemies":"conspire:HollyBat","floor":22,"turns":8},{"damage":0,"enemies":"Nightmare","floor":28,"turns":1},{"damage":22,"enemies":"Cultist and Chosen","floor":30,"turns":4},{"damage":23,"enemies":"Centurion and Healer","floor":31,"turns":5},{"damage":73,"enemies":"Automaton","floor":33,"turns":8}],"seed_played":"4886599827227880727","potions_obtained":[{"floor":2,"key":"Explosive Potion"},{"floor":5,"key":"DuplicationPotion"},{"floor":6,"key":"BlessingOfTheForge"},{"floor":8,"key":"Energy Potion"},{"floor":16,"key":"SpeedPotion"},{"floor":21,"key":"FocusPotion"},{"floor":29,"key":"EssenceOfDarkness"},{"floor":30,"key":"ColorlessPotion"},{"floor":31,"key":"Guardian:BlockOnCardUsePotion"}],"is_trial":false,"path_per_floor":["M","M","M","?","M","E","R","E","T","?","R","E","$","M","R","B",null,"M","?","M","M","M","R","AVR","R","T","?","NM","?","M","M","R","B"],"character_chosen":"DEFECT","items_purchased":["Lee\u0027s Waffle","Cold Snap","hubris:Ukulele","infinitespire:Magic Flask","Ball Lightning","Lantern"],"campfire_rested":5,"item_purchase_floors":[0,0,0,0,0,13],"current_hp_per_floor":[79,76,76,65,59,49,73,59,59,59,82,72,72,74,74,63,77,55,47,43,26,5,29,29,53,53,80,82,82,60,39,63,0,0],"gold":554,"neow_bonus":"","is_daily":false,"chose_seed":false,"campfire_upgraded":6,"win_rate":0.0,"timestamp":1608225937,"path_taken":["M","M","M","?","?","E","R","E","T","?","R","E","$","M","R","BOSS","M","?","M","?","M","R","AVR","R","T","?","NM","?","?","M","R","BOSS"],"items_purchased_type":["Relic","Card","Card","Relic","Card","Relic"],"build_version":"2020-12-13","purchased_purges":0,"victory":false,"max_hp_per_floor":[82,82,82,82,82,82,82,82,82,82,82,82,82,82,82,82,82,82,82,82,82,82,82,82,82,82,82,82,82,82,82,82,82,82],"card_choices":[{"not_picked":["Redo","Darkness","Rebound"],"picked":"SKIP","floor":1},{"not_picked":["Beam Cell","Stack","Go for the Eyes"],"picked":"SKIP","floor":2},{"not_picked":["Chill","Fusion"],"picked":"Fission","floor":3},{"not_picked":["Ball Lightning","Scrape"],"picked":"White Noise","floor":5},{"not_picked":["Redo","Chill"],"picked":"Thunder Strike","floor":6},{"not_picked":["Rebound","Sweeping Beam","BootSequence"],"picked":"SKIP","floor":8},{"not_picked":["Rebound","Heatsinks","Steam Power"],"picked":"SKIP","floor":12},{"not_picked":["Aggregate","Redo","Cold Snap"],"picked":"SKIP","floor":14},{"not_picked":["Creative AI","Fission"],"picked":"Machine Learning","floor":16},{"not_picked":["Go for the Eyes","Turbo"],"picked":"Chaos+1","floor":18},{"not_picked":["Fusion","Compile Driver","Coolheaded"],"picked":"SKIP","floor":20},{"not_picked":["Hologram","Gash"],"picked":"Consume+1","floor":21},{"not_picked":["Force Field","Gash"],"picked":"Defragment","floor":22},{"not_picked":["Chaos","Rebound+1","Doom and Gloom+1"],"picked":"SKIP","floor":28},{"not_picked":["conspire:SharedLibrary","Steam+1","Compile Driver"],"picked":"SKIP","floor":30},{"not_picked":["Coolheaded+1","Double Energy","Tempest+1"],"picked":"SKIP","floor":31}],"player_experience":623383,"relics_obtained":[{"floor":4,"key":"Bronze Scales"},{"floor":6,"key":"Pen Nib"},{"floor":8,"key":"Blood Vial"},{"floor":9,"key":"infinitespire:Lucky Rock"},{"floor":12,"key":"Nunchaku"},{"floor":26,"key":"MealTicket"},{"floor":28,"key":"aspiration:TomeofQuesting"}],"event_choices":[{"damage_healed":0,"gold_gain":64,"player_choice":"Gained Gold","damage_taken":0,"max_hp_gain":0,"max_hp_loss":0,"event_name":"Golden Wing","floor":10,"gold_loss":0},{"damage_healed":0,"gold_gain":75,"player_choice":"Touch","damage_taken":8,"max_hp_gain":0,"max_hp_loss":0,"event_name":"FaceTrader","floor":19,"gold_loss":0},{"damage_healed":27,"gold_gain":0,"player_choice":"Heal","damage_taken":0,"max_hp_gain":0,"max_hp_loss":0,"event_name":"The Library","floor":27,"gold_loss":0},{"damage_healed":0,"gold_gain":0,"player_choice":"Bought 1 Potion","damage_taken":0,"max_hp_gain":0,"max_hp_loss":0,"event_name":"The Woman in Blue","floor":29,"gold_loss":0}],"is_beta":false,"boss_relics":[{"not_picked":["Philosopher\u0027s Stone","hubris:TerracottaHorce"],"picked":"aspiration:Stellarator"}],"items_purged_floors":[],"is_endless":true,"potions_floor_spawned":[2,5,6,8,12,16,21,30,31],"killed_by":"Automaton","ascension_level":7}}