{"host":"a2lstcqnqliiu9ja","time":1608245226,"event":{"mods":["Aspiration","BaseMod","Conspire","Downfall","Energized Spire","Hubris","Infinite Spire","Marisa????????","Minty Spire (QoL Compilation)","Quick Restart","Replay The Spire","SOS???????","StSLib","The Animator","The Disciple","The Factory","The Jungle","The Runesmith","The Servant 0.9.4"],"gold_per_floor":[99,99,111,125,160,160,231,231,256,181,192,207,1,34,52,147,147,147,147,161,181,181,181,205,233,233,233,233,248,264,280,297,392,392,392,424,437,449,460,665,665,665,665,665,693,618,618,22,22,33,49,49],"floor_reached":53,"playtime":5143,"items_purged":["Heel Hook","Guardian:Suspension+1"],"score":822,"play_id":"cac934d4-3b2b-448c-b264-42116204239c","local_time":"20201217224706","is_ascension_mode":false,"campfire_choices":[{"data":"Guardian:PiercingHide","floor":6,"key":"SMITH"},{"floor":8,"key":"RECALL"},{"data":"Guardian:CurlUp","floor":10,"key":"SMITH"},{"data":"Guardian:PiercingHide","floor":22,"key":"SMITH"},{"data":"Envenom","floor":27,"key":"SMITH"},{"data":"Guardian:RevengeProtocol","floor":35,"key":"SMITH"},{"floor":44,"key":"REST"},{"floor":46,"key":"REST"}],"circlet_count":0,"master_deck":["Guardian:Defend_Guardian","Guardian:Defend_Guardian","Guardian:Defend_Guardian","Guardian:Defend_Guardian","Guardian:CurlUp+1","Guardian:TwinSlam","Guardian:RollAttack","Guardian:PiercingHide+1","Guardian:PrismaticBeam+1","Guardian:DecasProtection","Guardian:PiercingHide+1","Guardian:ArmoredProtocol","Guardian:RevengeProtocol+1","Masterful Stab","Envenom+1","Guardian:DonusPower","Guardian:VentSteam","Guardian:FloatingOrbs","Guardian:ExploitGems","Guardian:WalkerClaw+1","Guardian:BronzeOrb+1","Guardian:Suspension+1","infinitespire:Fortify","infinitespire:Starlight","Guardian:PrismaticBeam","Guardian:SpikerProtocol","Guardian:Gem_Crimson"],"relics":["Guardian:ModeShifter","Juzu Bracelet","infinitespire:ShieldingShard","Pet Ghost","downfall:HeartBlessingRed","Vajra","Replay:Baseball","aspiration:MobileForge","conspire:TopHat","infinitespire:WardingShard","SacredBark","FossilizedHelix","Counterbalance","infinitespire:EmpoweringShard","downfall:HeartBlessingGreen","CaptainsWheel","OrangePellets","Durian"],"acts_visited":["Exordium","TheCity","TheBeyond"],"potions_floor_usage":[5,12,14,25,25,30,33,33,45,52,52,52],"damage_taken":[{"damage":6,"enemies":"Cultist","floor":3,"turns":4},{"damage":0,"enemies":"Small Slimes","floor":4,"turns":2},{"damage":28,"enemies":"Gremlin Nob","floor":5,"turns":6},{"damage":0,"enemies":"Replay:BlueRogue","floor":9,"turns":9},{"damage":0,"enemies":"Jaw Worm","floor":11,"turns":3},{"damage":0,"enemies":"Blue Slaver","floor":12,"turns":4},{"damage":0,"enemies":"downfall:FleeingMerchant","floor":13,"turns":4},{"damage":0,"enemies":"conspire:MimicChest","floor":14,"turns":7},{"damage":4,"enemies":"Gremlin Gang","floor":15,"turns":4},{"damage":5,"enemies":"downfall:Watcher","floor":16,"turns":10},{"damage":0,"enemies":"Shell Parasite","floor":20,"turns":5},{"damage":0,"enemies":"Spheric Guardian","floor":21,"turns":5},{"damage":22,"enemies":"Slavers","floor":25,"turns":4},{"damage":0,"enemies":"Snecko","floor":29,"turns":4},{"damage":7,"enemies":"Cultist and Chosen","floor":30,"turns":5},{"damage":0,"enemies":"3 Cultists","floor":31,"turns":4},{"damage":0,"enemies":"Shelled Parasite and Fungi","floor":32,"turns":4},{"damage":0,"enemies":"downfall:Ironclad","floor":33,"turns":6},{"damage":11,"enemies":"R_Hoarder","floor":36,"turns":10},{"damage":0,"enemies":"3 Shapes","floor":37,"turns":3},{"damage":0,"enemies":"3 Darklings","floor":38,"turns":4},{"damage":0,"enemies":"Sphere and 2 Shapes","floor":39,"turns":5},{"damage":28,"enemies":"Nightmare","floor":45,"turns":6},{"damage":0,"enemies":"downfall:FleeingMerchant","floor":48,"turns":4},{"damage":0,"enemies":"Spire Growth","floor":50,"turns":4},{"damage":0,"enemies":"Jaw Worm Horde","floor":51,"turns":6},{"damage":0,"enemies":"downfall:Defect","floor":52,"turns":6}],"seed_played":"3470439729217421306","potions_obtained":[{"floor":4,"key":"Adrenaline Potion"},{"floor":9,"key":"hexamod:EctoCoolerPotion"},{"floor":11,"key":"Regen Potion"},{"floor":15,"key":"Swift Potion"},{"floor":16,"key":"ColorlessPotion"},{"floor":25,"key":"ColorlessPotion"},{"floor":29,"key":"SkillPotion"},{"floor":30,"key":"Adrenaline Potion"},{"floor":32,"key":"Venom Potion"},{"floor":37,"key":"DistilledChaos"},{"floor":39,"key":"Languid Potion"},{"floor":51,"key":"champ:CounterPotion"}],"is_trial":false,"path_per_floor":["R","?","M","M","E","R","T","R","E","R","M","M","$","?","M","B",null,"R","?","M","M","R","?","T","E","?","R","?","M","M","M","M","B",null,"R","E","M","M","M","?","PTL","PTL","T","R","NM","R","AVR","$","?","M","M","B",null],"character_chosen":"GUARDIAN","items_purchased":["Guardian:Gem_Green","Vajra","OrangePellets","Durian","Guardian:PrismaticBeam"],"campfire_rested":2,"item_purchase_floors":[13,13,48,48,48],"current_hp_per_floor":[80,80,74,74,46,46,46,46,46,46,46,58,58,58,54,49,80,80,80,80,80,80,80,80,58,58,58,58,58,51,51,51,51,80,80,69,69,69,69,37,37,37,37,61,33,57,57,72,72,82,82,82],"gold":49,"neow_bonus":"ONE_RANDOM_RARE_CARD","is_daily":false,"chose_seed":false,"campfire_upgraded":5,"win_rate":0.0,"timestamp":1608245226,"path_taken":["R","?","M","M","E","R","T","R","E","R","M","M","?","?","M","BOSS","R","?","M","M","R","?","T","E","?","R","?","M","M","M","M","BOSS","R","E","M","M","M","?","PTL","PTL","T","R","NM","R","AVR","$","?","M","M","BOSS"],"items_purchased_type":["Card","Relic","Relic","Relic","Card"],"build_version":"2020-12-13","purchased_purges":2,"victory":true,"max_hp_per_floor":[80,80,80,80,80,80,80,80,80,80,80,80,80,80,80,80,80,80,80,80,80,80,80,80,80,80,80,80,80,80,80,80,80,80,80,80,80,80,80,80,80,80,80,80,80,80,80,85,85,85,85,85],"card_choices":[{"not_picked":["Guardian:TemporalStrike","Guardian:Recover"],"picked":"Guardian:PiercingHide","floor":3},{"not_picked":["Guardian:Planning","Guardian:WalkerClaw","Guardian:PrimingBeam"],"picked":"SKIP","floor":4},{"not_picked":["Guardian:Gem_Purple","Guardian:Clone"],"picked":"Guardian:Gem_White","floor":5},{"not_picked":["Guardian:BronzeArmor","Guardian:MultiBeam"],"picked":"Guardian:PrismaticBeam","floor":9},{"not_picked":["Guardian:PrimingBeam","Guardian:Preprogram"],"picked":"Guardian:DecasProtection","floor":11},{"not_picked":["Guardian:ShieldSpikes","Guardian:SpikerProtocol"],"picked":"Guardian:Gem_Fragmented","floor":12},{"not_picked":["Guardian:Gem_Crimson","Guardian:Gem_Green"],"picked":"Guardian:Gem_White","floor":13},{"not_picked":["Guardian:WalkerClaw","Guardian:VentSteam"],"picked":"Guardian:PiercingHide","floor":14},{"not_picked":["Guardian:TemporalShield","Guardian:WalkerClaw"],"picked":"Guardian:ArmoredProtocol","floor":15},{"not_picked":["Guardian:ExploitGems","Guardian:StasisField"],"picked":"Guardian:RevengeProtocol","floor":16},{"not_picked":["Guardian:TemporalShield","Guardian:ShieldCharger+1"],"picked":"Guardian:DonusPower","floor":20},{"not_picked":["Guardian:Preprogram+1","Guardian:CrystalBeam"],"picked":"Guardian:Gem_White","floor":21},{"not_picked":["Guardian:Emergency","Guardian:ChargeCore","Guardian:RollAttack"],"picked":"SKIP","floor":25},{"not_picked":["Guardian:CrystalBeam+1","Guardian:GuardianWhirl+1"],"picked":"Guardian:Gem_Red","floor":29},{"not_picked":["Guardian:ChargeUp","Guardian:DecasProtection"],"picked":"Guardian:VentSteam","floor":30},{"not_picked":["Guardian:ChargeCore","Guardian:Suspension+1","Guardian:ConstructionForm"],"picked":"SKIP","floor":31},{"not_picked":["Guardian:Suspension","Guardian:TimeBomb"],"picked":"Guardian:FloatingOrbs","floor":32},{"not_picked":["Guardian:FastForward","Guardian:RevengeProtocol"],"picked":"Guardian:ExploitGems","floor":33},{"not_picked":["Guardian:SentryBeam","Guardian:Gem_Green"],"picked":"Guardian:Gem_Cyan","floor":36},{"not_picked":["Guardian:Recover","Guardian:ChargeCore+1"],"picked":"Guardian:Gem_Fragmented","floor":37},{"not_picked":["Guardian:ShieldCharger","Guardian:PolyBeam"],"picked":"Guardian:WalkerClaw+1","floor":38},{"not_picked":["Guardian:EvasiveProtocol+1","Guardian:TemporalShield+1"],"picked":"Guardian:BronzeOrb+1","floor":39},{"not_picked":["Guardian:TemporalShield","Guardian:Harden"],"picked":"Guardian:Suspension+1","floor":40},{"not_picked":["Guardian:EvasiveProtocol+1","Guardian:DonusPower+1"],"picked":"Guardian:Gem_Green","floor":45},{"not_picked":["Guardian:ChargeUp+1","Guardian:EvasiveProtocol"],"picked":"Guardian:Suspension+1","floor":48},{"not_picked":["Guardian:ShieldCharger","Guardian:Gem_Lightblue"],"picked":"Guardian:SpikerProtocol","floor":50},{"not_picked":["Guardian:PrismaticBeam+1","Guardian:WalkerClaw+1"],"picked":"Guardian:Gem_Crimson","floor":51}],"player_experience":618138,"relics_obtained":[{"floor":5,"key":"Juzu Bracelet"},{"floor":7,"key":"infinitespire:ShieldingShard"},{"floor":9,"key":"Pet Ghost"},{"floor":14,"key":"Replay:Baseball"},{"floor":24,"key":"conspire:TopHat"},{"floor":25,"key":"infinitespire:WardingShard"},{"floor":36,"key":"FossilizedHelix"},{"floor":43,"key":"Counterbalance"},{"floor":45,"key":"infinitespire:EmpoweringShard"}],"event_choices":[{"damage_healed":0,"gold_gain":0,"player_choice":"Ignored","damage_taken":0,"max_hp_gain":0,"max_hp_loss":0,"event_name":"Ghosts","floor":28,"gold_loss":0}],"is_beta":false,"boss_relics":[{"not_picked":["energizedSpire:DeadBattery","Cursed Key"],"picked":"aspiration:MobileForge"},{"not_picked":["hubris:Backtick","conspire:RunicOctahedron"],"picked":"SacredBark"}],"items_purged_floors":[47,48],"is_endless":false,"potions_floor_spawned":[4,9,11,15,16,25,29,30,32,37,39,51],"ascension_level":0}}