{"host":"udyc8f81k2jocuhg","time":1608244764,"event":{"mods":["2.2 Compatiblity","BaseMod","Better Third Choice","Colored Powertips","Conspire","Custom Start","GifTheSpireLib","Hermit","Minty Spire (QoL Compilation)","Permanent Neow","Quick Restart","Relic Filter","Relic Stats","Replay The Spire","Shop Mod","Spikes Relics","StSLib","Stuff the Spire"],"gold_per_floor":[116,64,64,77,94,94,94],"floor_reached":6,"playtime":175,"items_purged":[],"score":63,"play_id":"d2be8732-025e-4642-9d28-443e106a0fcd","local_time":"20201217233924","is_ascension_mode":true,"campfire_choices":[],"circlet_count":0,"master_deck":["AscendersBane","Strike_G","Strike_G","Strike_G","Strike_G","Strike_G","Defend_G","Defend_G","Defend_G","Defend_G","Defend_G","Survivor","Neutralize","Bouncing Flask","StuffTheSpire:Python+1","Bane","Catalyst"],"relics":["Black Star"],"acts_visited":["Exordium"],"potions_floor_usage":[],"damage_taken":[{"damage":5,"enemies":"Jaw Worm","floor":1,"turns":7},{"damage":4,"enemies":"Cultist","floor":4,"turns":4},{"damage":7,"enemies":"2 Louse","floor":5,"turns":3},{"damage":0,"enemies":"3 Sentries","floor":6,"turns":2}],"seed_played":"-3831260817530162091","potions_obtained":[],"is_trial":false,"path_per_floor":["M","$","?","M","M","E"],"character_chosen":"THE_SILENT","items_purchased":["StuffTheSpire:Python"],"campfire_rested":0,"item_purchase_floors":[2],"current_hp_per_floor":[54,54,54,50,43,43,43],"gold":94,"neow_bonus":"BOSS_RELIC","is_daily":false,"chose_seed":false,"campfire_upgraded":0,"win_rate":0.0,"timestamp":1608244764,"path_taken":["M","$","?","M","M","E"],"items_purchased_type":["Card"],"build_version":"2020-12-13","purchased_purges":0,"victory":false,"max_hp_per_floor":[66,66,66,66,66,66,66],"relic_stats":{"counters":[4,16],"Black Star":0,"obtain_stats":[{"Black Star":0,"Ring of the Snake":0},{"Black Star":0,"Ring of the Snake":0},{"Black Star":0,"Ring of the Snake":0}]},"card_choices":[{"not_picked":["StuffTheSpire:ClusterCrunch","Quick Slash"],"picked":"Bouncing Flask","floor":1},{"not_picked":["Deadly Poison","conspire:DoublingDagger"],"picked":"Bane","floor":4},{"not_picked":["Fluid Movement","Deadly Poison"],"picked":"Catalyst","floor":5}],"player_experience":1920192,"relics_obtained":[],"event_choices":[{"damage_healed":0,"gold_gain":0,"player_choice":"Upgraded","damage_taken":0,"max_hp_gain":0,"max_hp_loss":0,"event_name":"Upgrade Shrine","floor":3,"gold_loss":0,"cards_upgraded":["StuffTheSpire:Python"]}],"is_beta":false,"boss_relics":[],"items_purged_floors":[],"is_endless":false,"potions_floor_spawned":[],"killed_by":"3 Sentries","ascension_level":15}}