{"host":"2461dio7vetlq1z3","time":1608228024,"event":{"mods":["2.2 Compatiblity","AchievementEnabler","BaseMod","Better Third Choice","Hermit","Marisa????????","Minty Spire (QoL Compilation)","Relic Stats","Spicy Shops","StSLib","Waifu the Spire"],"gold_per_floor":[119,119,269,57,57,149,149,182,209,269,269,269,302,322,322,399,399,410,410,424,349,2,2,57,67,67,67,98,98,98,115,115,187,187,204,204,223,241,241,241,276,276,276,309,323,333,353,353,353,353,353],"floor_reached":50,"playtime":3926,"items_purged":["Doubt","Burn+1"],"score":1181,"play_id":"8bc06a58-e8b7-4fc1-8f8e-750043580f4b","local_time":"20201217190024","is_ascension_mode":true,"campfire_choices":[{"data":"Coolheaded","floor":7,"key":"SMITH"},{"data":"Rip and Tear","floor":12,"key":"SMITH"},{"data":"Skim","floor":15,"key":"SMITH"},{"data":"Reprogram","floor":23,"key":"SMITH"},{"data":"Hyperbeam","floor":27,"key":"SMITH"},{"data":"Hologram","floor":29,"key":"SMITH"},{"floor":32,"key":"RECALL"},{"data":"Seek","floor":40,"key":"SMITH"},{"data":"Turbo","floor":42,"key":"SMITH"},{"data":"Madness","floor":49,"key":"SMITH"}],"circlet_count":0,"master_deck":["AscendersBane","Strike_B","Strike_B","Defend_B","Defend_B+1","Defend_B","Defend_B","Zap+1","Dualcast","Self Repair","Go for the Eyes","Coolheaded+1","Rip and Tear+1","Undo","Rebound","Skim+1","Hyperbeam+1","Hologram+1","Reprogram+1","Hologram+1","Seek+1","Turbo+1","Madness+1","Madness"],"relics":["Sozu","Toolbox","Centennial Puzzle","Tiny Chest","Blood Vial","Akabeko","War Paint","Nuclear Battery","PreservedInsect","Sundial","Pantograph","Ice Cream","Gremlin Horn","Runic Pyramid","Molten Egg 2","Darkstone Periapt","Bottled Tornado"],"acts_visited":["Exordium","TheCity","TheBeyond"],"potions_floor_usage":[],"damage_taken":[{"damage":7,"enemies":"Jaw Worm","floor":1,"turns":3},{"damage":41,"enemies":"3 Sentries","floor":6,"turns":10},{"damage":6,"enemies":"Lagavulin","floor":8,"turns":7},{"damage":4,"enemies":"Small Slimes","floor":10,"turns":3},{"damage":9,"enemies":"3 Sentries","floor":13,"turns":4},{"damage":2,"enemies":"2 Louse","floor":14,"turns":3},{"damage":21,"enemies":"Hexaghost","floor":16,"turns":9},{"damage":9,"enemies":"Shell Parasite","floor":18,"turns":3},{"damage":0,"enemies":"3 Byrds","floor":20,"turns":2},{"damage":1,"enemies":"Gremlin Leader","floor":24,"turns":5},{"damage":0,"enemies":"Shelled Parasite and Fungi","floor":25,"turns":5},{"damage":5,"enemies":"Slavers","floor":28,"turns":2},{"damage":0,"enemies":"3 Cultists","floor":31,"turns":2},{"damage":18,"enemies":"Automaton","floor":33,"turns":8},{"damage":7,"enemies":"3 Darklings","floor":35,"turns":2},{"damage":0,"enemies":"Orb Walker","floor":37,"turns":2},{"damage":1,"enemies":"Sphere and 2 Shapes","floor":38,"turns":3},{"damage":0,"enemies":"Giant Head","floor":41,"turns":7},{"damage":0,"enemies":"Reptomancer","floor":44,"turns":3},{"damage":15,"enemies":"Writhing Mass","floor":45,"turns":5},{"damage":15,"enemies":"4 Shapes","floor":46,"turns":3},{"damage":0,"enemies":"3 Darklings","floor":47,"turns":2},{"damage":76,"enemies":"Awakened One","floor":50,"turns":130}],"seed_played":"3336188542320458461","potions_obtained":[],"is_trial":false,"path_per_floor":["M","?","?","$","?","E","R","E","T","M","T","R","E","M","R","B",null,"M","?","M","?","$","R","E","M","T","R","E","R","T","M","R","B",null,"M","?","M","M","T","R","E","R","T","E","M","M","M","?","R","B"],"character_chosen":"DEFECT","items_purchased":["Coolheaded","Toolbox","Reprogram","PreservedInsect"],"campfire_rested":0,"item_purchase_floors":[4,4,22,22],"current_hp_per_floor":[57,57,57,57,57,23,23,27,27,32,32,32,32,42,42,30,61,61,61,63,63,63,63,71,71,71,71,66,66,66,71,71,60,68,63,63,65,71,71,71,71,71,71,71,63,57,69,56,56,0,0],"gold":353,"neow_bonus":"BOSS_RELIC","is_daily":false,"chose_seed":false,"campfire_upgraded":9,"win_rate":0.0,"timestamp":1608228024,"path_taken":["M","?","?","$","?","E","R","E","T","M","?","R","E","M","R","BOSS","M","?","M","?","$","R","E","M","T","R","E","R","?","?","R","BOSS","M","?","?","M","?","R","E","R","T","E","M","M","M","?","R","BOSS"],"items_purchased_type":["Card","Relic","Card","Relic"],"build_version":"2020-12-13","purchased_purges":2,"victory":false,"max_hp_per_floor":[71,71,71,71,71,71,71,71,71,71,71,71,71,71,71,71,71,71,71,71,71,71,71,71,71,71,71,71,71,71,71,71,71,71,71,71,71,71,71,71,71,71,71,71,71,71,71,71,71,71,71],"relic_stats":{"Sozu":9,"Blood Vial":26,"Darkstone Periapt":0,"Centennial Puzzle":[39],"Gremlin Horn":[11,11],"counters":[23,223],"Sundial":[42],"Pantograph":15,"Tiny Chest":2,"PreservedInsect":278,"War Paint":["Zap","Defend_B"],"obtain_stats":[{"Ice Cream":28,"Darkstone Periapt":43,"Gremlin Horn":30,"PreservedInsect":22,"War Paint":13,"Bottled Tornado":44,"Akabeko":11,"Nuclear Battery":17,"Sozu":0,"Blood Vial":9,"Centennial Puzzle":6,"Sundial":24,"Pantograph":26,"Toolbox":4,"Tiny Chest":8,"Molten Egg 2":41,"Cracked Core":0,"Runic Pyramid":34},{"Ice Cream":12,"Darkstone Periapt":18,"Gremlin Horn":12,"PreservedInsect":9,"War Paint":5,"Bottled Tornado":19,"Akabeko":4,"Nuclear Battery":7,"Sozu":0,"Blood Vial":3,"Centennial Puzzle":2,"Sundial":10,"Pantograph":11,"Toolbox":1,"Tiny Chest":3,"Molten Egg 2":18,"Cracked Core":0,"Runic Pyramid":14},{"Ice Cream":56,"Darkstone Periapt":80,"Gremlin Horn":56,"PreservedInsect":44,"War Paint":27,"Bottled Tornado":83,"Akabeko":23,"Nuclear Battery":39,"Sozu":0,"Blood Vial":20,"Centennial Puzzle":13,"Sundial":49,"Pantograph":54,"Toolbox":3,"Tiny Chest":20,"Molten Egg 2":80,"Cracked Core":0,"Runic Pyramid":66}]},"card_choices":[{"not_picked":["Double Energy","White Noise"],"picked":"Self Repair","floor":1},{"not_picked":["Conserve Battery","Gash"],"picked":"Ball Lightning","floor":6},{"not_picked":["Double Energy","Go for the Eyes"],"picked":"Rip and Tear","floor":8},{"not_picked":["Steam","Skim"],"picked":"Undo","floor":10},{"not_picked":["Stack","Loop"],"picked":"Rebound","floor":13},{"not_picked":["Gash","Leap"],"picked":"Skim","floor":14},{"not_picked":["Buffer","Seek"],"picked":"Hyperbeam","floor":16},{"not_picked":["Lockon","Sweeping Beam"],"picked":"Hologram","floor":18},{"not_picked":["Double Energy","Darkness","Redo+1"],"picked":"SKIP","floor":20},{"not_picked":["Ball Lightning","Skim"],"picked":"Hologram+1","floor":24},{"not_picked":["Coolheaded","Redo","Barrage"],"picked":"SKIP","floor":25},{"not_picked":["Steam","Scrape+1","White Noise"],"picked":"SKIP","floor":28},{"not_picked":["Rip and Tear","Compile Driver","Loop"],"picked":"SKIP","floor":31},{"not_picked":["Fission","Amplify"],"picked":"Seek","floor":33},{"not_picked":["Sunder","Steam Power","Gash"],"picked":"SKIP","floor":35},{"not_picked":["Compile Driver","Force Field","Ball Lightning"],"picked":"SKIP","floor":37},{"not_picked":["Beam Cell","Hologram+1"],"picked":"Turbo","floor":38},{"not_picked":["Barrage+1","Redo","Creative AI"],"picked":"SKIP","floor":41},{"not_picked":["Redo","Beam Cell+1","Defragment+1"],"picked":"SKIP","floor":44},{"not_picked":["Rebound+1","Tempest","Glacier"],"picked":"SKIP","floor":45},{"not_picked":["Go for the Eyes+1","Heatsinks+1","Turbo"],"picked":"SKIP","floor":46},{"not_picked":["Leap","Barrage+1","Ball Lightning+1"],"picked":"SKIP","floor":47}],"player_experience":789806,"relics_obtained":[{"floor":6,"key":"Centennial Puzzle"},{"floor":8,"key":"Tiny Chest"},{"floor":9,"key":"Blood Vial"},{"floor":11,"key":"Akabeko"},{"floor":13,"key":"War Paint"},{"floor":24,"key":"Sundial"},{"floor":26,"key":"Pantograph"},{"floor":28,"key":"Ice Cream"},{"floor":30,"key":"Gremlin Horn"},{"floor":41,"key":"Molten Egg 2"},{"floor":43,"key":"Darkstone Periapt"},{"floor":44,"key":"Bottled Tornado"}],"event_choices":[{"damage_healed":0,"gold_gain":0,"cards_transformed":["Strike_B"],"player_choice":"Change","damage_taken":0,"max_hp_gain":0,"max_hp_loss":0,"event_name":"Living Wall","floor":2,"gold_loss":0,"cards_obtained":["Go for the Eyes"]},{"damage_healed":0,"gold_gain":150,"player_choice":"AGREE","damage_taken":119,"max_hp_gain":0,"max_hp_loss":0,"event_name":"betterThird:BetterSerpent","floor":3,"gold_loss":0},{"damage_healed":57,"gold_gain":0,"player_choice":"Embrace Burn","damage_taken":0,"max_hp_gain":0,"max_hp_loss":71,"event_name":"betterThird:BetterShining","floor":5,"gold_loss":0},{"damage_healed":0,"gold_gain":0,"player_choice":"Ignored","damage_taken":0,"max_hp_gain":0,"max_hp_loss":0,"event_name":"The Mausoleum","floor":19,"gold_loss":0},{"cards_removed":["Strike_B"],"damage_healed":0,"gold_gain":0,"player_choice":"Gave Gold","damage_taken":0,"max_hp_gain":0,"max_hp_loss":0,"event_name":"Beggar","floor":21,"gold_loss":75},{"cards_removed":["Ball Lightning"],"damage_healed":0,"gold_gain":0,"player_choice":"Purged","damage_taken":0,"max_hp_gain":0,"max_hp_loss":0,"event_name":"Purifier","floor":36,"gold_loss":0},{"damage_healed":0,"gold_gain":0,"player_choice":"Embrace Madness","damage_taken":13,"max_hp_gain":0,"max_hp_loss":0,"event_name":"Winding Halls","floor":48,"gold_loss":0,"cards_obtained":["Madness","Madness"]}],"is_beta":false,"boss_relics":[{"not_picked":["Coffee Dripper","SacredBark"],"picked":"Nuclear Battery"},{"not_picked":["Cursed Key","Pandora\u0027s Box"],"picked":"Runic Pyramid"}],"items_purged_floors":[4,22],"is_endless":false,"potions_floor_spawned":[1,8,10,18,20,25,31,38,44],"killed_by":"Awakened One","ascension_level":16}}