{"host":"wuk1ltmmka824l9y","time":1608198925,"event":{"mods":["AchievementEnabler","BaseMod","Custom Start","DeckTracker","Minty Spire (QoL Compilation)","Quick Restart","StSLib","SuperFastMode"],"gold_per_floor":[109,109,120,120,134,134,85,99,122,122,122,41,6,23,23,123,173,162,182,107,107,123,123,123],"floor_reached":23,"playtime":546,"items_purged":["Strike_G"],"score":217,"play_id":"ed078b73-f15c-4848-a8b5-61febdcd43d2","local_time":"20201217185525","is_ascension_mode":true,"campfire_choices":[{"data":"Bouncing Flask","floor":6,"key":"SMITH"},{"data":"Acrobatics","floor":10,"key":"SMITH"},{"data":"Noxious Fumes","floor":15,"key":"SMITH"}],"circlet_count":0,"master_deck":["Strike_G+1","Strike_G+1","Strike_G+1","Defend_G","Defend_G","Defend_G","Defend_G","Defend_G","Survivor","Neutralize","Bouncing Flask+1","Dodge and Roll","Outmaneuver","Acrobatics+1","Noxious Fumes+1","Poisoned Stab","Burst","Prepared+1","Bane"],"relics":["Ring of the Snake","Whetstone","Dream Catcher","MealTicket","Tiny House"],"acts_visited":["Exordium","TheCity"],"potions_floor_usage":[16,16,17,23],"damage_taken":[{"damage":6,"enemies":"Cultist","floor":1,"turns":3},{"damage":0,"enemies":"2 Louse","floor":3,"turns":2},{"damage":2,"enemies":"Small Slimes","floor":5,"turns":3},{"damage":10,"enemies":"Blue Slaver","floor":8,"turns":3},{"damage":4,"enemies":"2 Fungi Beasts","floor":14,"turns":4},{"damage":31,"enemies":"Slime Boss","floor":16,"turns":7},{"damage":37,"enemies":"2 Thieves","floor":18,"turns":4},{"damage":26,"enemies":"3 Byrds","floor":19,"turns":3},{"damage":18,"enemies":"Snake Plant","floor":22,"turns":4},{"damage":9,"enemies":"Book of Stabbing","floor":23,"turns":3}],"seed_played":"5805012047815828273","potions_obtained":[{"floor":1,"key":"LiquidMemories"},{"floor":3,"key":"BlessingOfTheForge"},{"floor":14,"key":"AttackPotion"},{"floor":17,"key":"Fruit Juice"},{"floor":19,"key":"CunningPotion"}],"is_trial":false,"path_per_floor":["M","?","M","?","M","R","$","M","T","R","?","$","?","M","R","B",null,"M","M","$","?","M","E"],"character_chosen":"THE_SILENT","items_purchased":["Acrobatics","Noxious Fumes"],"campfire_rested":0,"item_purchase_floors":[7,12],"current_hp_per_floor":[64,57,57,54,52,52,52,42,42,42,42,57,70,66,66,35,80,43,17,32,32,14,5,5],"gold":123,"neow_bonus":"RANDOM_COMMON_RELIC","is_daily":false,"chose_seed":false,"campfire_upgraded":3,"win_rate":0.0,"timestamp":1608198925,"path_taken":["M","?","M","?","M","R","$","M","T","R","?","?","?","M","R","BOSS","M","M","$","?","?","E"],"items_purchased_type":["Card","Card"],"build_version":"2020-12-13","purchased_purges":1,"victory":false,"max_hp_per_floor":[70,70,70,70,70,70,70,70,70,70,70,70,70,70,70,70,80,80,80,80,80,80,80,80],"card_choices":[{"not_picked":["Calculated Gamble","Flechettes"],"picked":"Bouncing Flask","floor":1},{"not_picked":["Underhanded Strike","Endless Agony"],"picked":"Dodge and Roll","floor":3},{"not_picked":["Predator","Blade Dance"],"picked":"Outmaneuver","floor":5},{"not_picked":["Choke","Acrobatics","Cloak And Dagger"],"picked":"SKIP","floor":8},{"not_picked":["Dagger Throw","Dash"],"picked":"Poisoned Stab","floor":14},{"not_picked":["Night Terror","Grand Finale"],"picked":"Burst","floor":16},{"not_picked":["Dagger Throw+1","Backflip"],"picked":"Prepared+1","floor":18},{"not_picked":["Deflect","Prepared","Choke"],"picked":"SKIP","floor":19},{"not_picked":["Envenom","Dagger Spray+1"],"picked":"Bane","floor":22}],"player_experience":321630,"relics_obtained":[{"floor":9,"key":"MealTicket"}],"event_choices":[{"cards_removed":["Strike_G"],"damage_healed":0,"gold_gain":0,"player_choice":"Card Removal","damage_taken":7,"max_hp_gain":0,"max_hp_loss":0,"event_name":"Golden Wing","floor":2,"gold_loss":0},{"damage_healed":0,"gold_gain":0,"player_choice":"Success","damage_taken":3,"relics_obtained":["Dream Catcher"],"max_hp_gain":0,"max_hp_loss":0,"event_name":"Scrap Ooze","floor":4,"gold_loss":0},{"damage_healed":0,"gold_gain":0,"player_choice":"Ignored","damage_taken":0,"max_hp_gain":0,"max_hp_loss":0,"event_name":"Liars Game","floor":11,"gold_loss":0},{"damage_healed":17,"gold_gain":0,"player_choice":"Healed","damage_taken":0,"max_hp_gain":0,"max_hp_loss":0,"event_name":"The Cleric","floor":13,"gold_loss":35},{"damage_healed":0,"gold_gain":0,"player_choice":"0 cards matched","damage_taken":0,"max_hp_gain":0,"max_hp_loss":0,"event_name":"Match and Keep!","floor":21,"gold_loss":0,"cards_obtained":[]}],"is_beta":false,"boss_relics":[{"not_picked":["Ectoplasm","Calling Bell"],"picked":"Tiny House"}],"items_purged_floors":[20],"is_endless":false,"potions_floor_spawned":[1,3,14,19],"killed_by":"Book of Stabbing","ascension_level":4}}