{"host":"vumwfieg2b2mnrfl","time":1608176545,"event":{"mods":["AchievementEnabler","BaseMod","Minty Spire (QoL Compilation)","Rare Cards Sparkle","Relic Stats"],"gold_per_floor":[113,123,123,123,123,163,163,177,177,218,218,237,93,108,108,237,237,232,255,104,104,104,104,104],"floor_reached":23,"playtime":809,"items_purged":[],"score":358,"play_id":"982a0a44-a2f3-407d-aa77-17455d902b3f","local_time":"20201216214225","is_ascension_mode":true,"campfire_choices":[{"floor":7,"key":"REST"},{"data":"Sucker Punch","floor":15,"key":"SMITH"}],"circlet_count":0,"master_deck":["AscendersBane","Strike_G+1","Strike_G+1","Strike_G+1","Strike_G+1","Strike_G+1","Defend_G+1","Defend_G+1","Defend_G+1","Defend_G+1","Defend_G+1","Survivor+1","Neutralize","Flying Knee","Backflip","Backstab","Sucker Punch+1","After Image","PiercingWail","Acrobatics","Phantasmal Killer","Blade Dance"],"relics":["Ring of the Snake","NeowsBlessing","Golden Idol","Meat on the Bone","Ancient Tea Set","Happy Flower","Tiny Chest","Membership Card","Sozu","Anchor","War Paint","Dream Catcher"],"acts_visited":["Exordium","TheCity"],"potions_floor_usage":[],"damage_taken":[{"damage":0,"enemies":"2 Louse","floor":1,"turns":1},{"damage":0,"enemies":"Cultist","floor":2,"turns":1},{"damage":0,"enemies":"Lagavulin","floor":6,"turns":1},{"damage":0,"enemies":"Jaw Worm","floor":8,"turns":3},{"damage":21,"enemies":"3 Sentries","floor":10,"turns":11},{"damage":3,"enemies":"Looter","floor":12,"turns":3},{"damage":0,"enemies":"2 Fungi Beasts","floor":14,"turns":4},{"damage":8,"enemies":"The Guardian","floor":16,"turns":25},{"damage":7,"enemies":"2 Thieves","floor":18,"turns":4},{"damage":12,"enemies":"Shell Parasite","floor":19,"turns":8},{"damage":53,"enemies":"Gremlin Leader","floor":23,"turns":7}],"seed_played":"-3928600644474016662","potions_obtained":[{"floor":8,"key":"Block Potion"},{"floor":12,"key":"Weak Potion"},{"floor":16,"key":"Energy Potion"}],"is_trial":false,"path_per_floor":["M","M","?","?","$","E","R","M","T","E","?","M","$","M","R","B",null,"M","M","$","T","?","E"],"character_chosen":"THE_SILENT","items_purchased":["Membership Card","Anchor","War Paint"],"campfire_rested":1,"item_purchase_floors":[13,20,20],"current_hp_per_floor":[63,63,63,46,46,46,67,67,67,46,46,43,43,43,43,47,64,57,45,45,45,45,0,0],"gold":104,"neow_bonus":"THREE_ENEMY_KILL","is_daily":false,"chose_seed":false,"campfire_upgraded":1,"win_rate":0.0,"timestamp":1608176545,"path_taken":["M","M","?","?","$","E","R","M","T","E","?","?","?","M","R","BOSS","M","M","?","?","?","E"],"items_purchased_type":["Relic","Relic","Relic"],"build_version":"2020-12-13","purchased_purges":0,"victory":false,"max_hp_per_floor":[70,70,70,70,70,70,70,70,70,70,70,70,70,70,70,70,70,70,70,70,70,70,70,70],"relic_stats":{"Sozu":1,"Dream Catcher":0,"Happy Flower":[17],"counters":[11,68],"Golden Idol":62,"Tiny Chest":1,"War Paint":["Defend_G","Survivor"],"obtain_stats":[{"Sozu":17,"Anchor":20,"Dream Catcher":21,"NeowsBlessing":0,"Happy Flower":10,"Golden Idol":4,"Tiny Chest":11,"Membership Card":13,"War Paint":20,"Ancient Tea Set":9,"Ring of the Snake":0,"Meat on the Bone":6},{"Sozu":8,"Anchor":10,"Dream Catcher":10,"NeowsBlessing":0,"Happy Flower":5,"Golden Idol":2,"Tiny Chest":5,"Membership Card":6,"War Paint":10,"Ancient Tea Set":4,"Ring of the Snake":0,"Meat on the Bone":3},{"Sozu":49,"Anchor":61,"Dream Catcher":61,"NeowsBlessing":0,"Happy Flower":17,"Golden Idol":2,"Tiny Chest":17,"Membership Card":20,"War Paint":61,"Ancient Tea Set":6,"Ring of the Snake":0,"Meat on the Bone":3}],"Ring of the Snake":[22],"Meat on the Bone":12},"card_choices":[{"not_picked":["Cloak And Dagger","Riddle With Holes"],"picked":"Flying Knee","floor":1},{"not_picked":["Slice","Infinite Blades"],"picked":"Backflip","floor":2},{"not_picked":["Dodge and Roll","Flying Knee"],"picked":"Backstab","floor":6},{"not_picked":["Underhanded Strike","Backflip"],"picked":"Sucker Punch","floor":8},{"not_picked":["Concentrate","Flechettes"],"picked":"After Image","floor":10},{"not_picked":["Outmaneuver","Backflip"],"picked":"PiercingWail","floor":12},{"not_picked":["Endless Agony","Dagger Spray"],"picked":"Acrobatics","floor":14},{"not_picked":["Venomology","Unload"],"picked":"Phantasmal Killer","floor":16},{"not_picked":["Choke","Underhanded Strike","Outmaneuver"],"picked":"SKIP","floor":18},{"not_picked":["Slice","Deadly Poison"],"picked":"Blade Dance","floor":19}],"player_experience":230211,"relics_obtained":[{"floor":6,"key":"Meat on the Bone"},{"floor":9,"key":"Ancient Tea Set"},{"floor":10,"key":"Happy Flower"},{"floor":21,"key":"Dream Catcher"}],"event_choices":[{"damage_healed":0,"gold_gain":0,"player_choice":"Leave","damage_taken":0,"max_hp_gain":0,"max_hp_loss":0,"event_name":"The Cleric","floor":3,"gold_loss":0},{"damage_healed":0,"gold_gain":0,"player_choice":"Take Damage","damage_taken":17,"relics_obtained":["Golden Idol"],"max_hp_gain":0,"max_hp_loss":0,"event_name":"Golden Idol","floor":4,"gold_loss":0},{"damage_healed":0,"gold_gain":0,"player_choice":"Gave Potion","damage_taken":0,"relics_obtained":["Tiny Chest"],"max_hp_gain":0,"max_hp_loss":0,"event_name":"WeMeetAgain","floor":11,"gold_loss":0},{"damage_healed":0,"gold_gain":0,"player_choice":"Simplicity","damage_taken":0,"max_hp_gain":0,"max_hp_loss":0,"event_name":"Back to Basics","floor":22,"gold_loss":0,"cards_upgraded":["Strike_G","Strike_G","Strike_G","Strike_G","Strike_G","Defend_G","Defend_G","Defend_G","Defend_G"]}],"is_beta":false,"boss_relics":[{"not_picked":["Runic Pyramid","Tiny House"],"picked":"Sozu"}],"items_purged_floors":[],"is_endless":false,"potions_floor_spawned":[8,12,16,18],"killed_by":"Gremlin Leader","ascension_level":12}}