{"host":"l8lm1goh5xm9tkuw","time":1608187002,"event":{"mods":["Act Like it!","Alarm Clock","Astrologer","BaseMod","Colored Map","Colored Powertips","GungeonMod","Hermit","KinomotoSakuraMod(Ä¾Ö®±¾Ó£)","KomeijiMod","Library of Ruina","Library of Ruina Extra","Lobotomy","LobotomyExtend","Marisa£¨ìFÓê¡¡Ä§ÀíÉ³£©","Minty Spire (QoL Compilation)","MostiFishMod","Quick Restart","Replay The Spire","Shade Mod","StSLib","TestMod","The Animator","The Bug Knight","The Hierophant","UnlockEverythingMod","vexMod","¡¾ÒÅÎï¿¨ÅÆ¡¿REMEMod"],"gold_per_floor":[11,30,49,69,69,69,95,95,95,107,107,142,152,182,182,261,261,271,287,287,287,313,313,341,341,341,368,382,96,111,124,124,203,203,215,115,127,195,210,210,237,252,320,349,374,38,57,72,72,72,72,72,72,72,72,72],"floor_reached":57,"playtime":3555,"items_purged":["LightAttack","FocusedStrikes"],"score":2252,"play_id":"1a8f2751-8bf7-449a-87ae-9b99ab9ec70c","local_time":"20201217143642","is_ascension_mode":true,"campfire_choices":[{"data":"Fence","floor":6.0,"key":"SMITH"},{"floor":8.0,"key":"REST"},{"data":"LightDefense","floor":15.0,"key":"PURGE"},{"data":"ExtractFuel","floor":23.0,"key":"SMITH"},{"data":"SilentMist","floor":25.0,"key":"SMITH"},{"floor":40,"key":"RECALL"},{"floor":49,"key":"DIG"},{"floor":53,"key":"REST"}],"circlet_count":0,"master_deck":["AscendersBane","Dodge","LightDefense","LightDefense","ChargeAndCover","Fence+1","Multislash","SilentMist+1","TrashDisposal","TieShanKao+1","ExtractFuel+1","Quickness+1","InnerArdor+1","FrontalAssault+1","EmotionalTurbulence","Struggle","ForTheFamily+1","FlashOfSunup+1"],"relics":["PageOfLibrarian","DaveBox","testmod-TestBox","REME_ComplimentaryCards","Question Card","LetterFromLob","Dream Catcher","PageOfForsakenMurderer","ReplayTheSpireMod:Lightbulb","Art of War","ImportantClient","vexMod:CursedCompass","Nilry\u0027s Codex","Red Mask","DemoMod:Metronome","Blood Vial","vexMod:ScavengeHelm","Fusion Hammer","Pet Ghost","DemoMod:MemoryAlloy","Mirror","HollowMod:LifeEnderRelic","ShirouKen","testmod-IndustrialRevolution","ReplayFunnel","ArrowTower"],"acts_visited":["Exordium","TheCity","TheBeyond","TheEnding"],"potions_floor_usage":[33,39,44,56],"damage_taken":[{"damage":0.0,"enemies":"Small Slimes","floor":1.0,"turns":4.0},{"damage":0.0,"enemies":"Jaw Worm","floor":2.0,"turns":5.0},{"damage":17.0,"enemies":"Cultist","floor":3.0,"turns":4.0},{"damage":6.0,"enemies":"Looter","floor":4.0,"turns":3.0},{"damage":11.0,"enemies":"3 Sentries","floor":7.0,"turns":14.0},{"damage":0.0,"enemies":"3 Louse","floor":10.0,"turns":4.0},{"damage":31.0,"enemies":"Lagavulin","floor":12.0,"turns":10.0},{"damage":2.0,"enemies":"2 Fungi Beasts","floor":13.0,"turns":5.0},{"damage":16.0,"enemies":"3 Sentries","floor":14.0,"turns":11.0},{"damage":54.0,"enemies":"Hexaghost","floor":16.0,"turns":18.0},{"damage":38.0,"enemies":"2 Thieves","floor":18.0,"turns":4.0},{"damage":4.0,"enemies":"3 Byrds","floor":19.0,"turns":6.0},{"damage":37.0,"enemies":"Masked Bandits","floor":22.0,"turns":5.0},{"damage":58.0,"enemies":"REME_1_Revenger","floor":24.0,"turns":7.0},{"damage":3.0,"enemies":"Gremlin Leader","floor":27.0,"turns":5.0},{"damage":17.0,"enemies":"Centurion and Healer","floor":28.0,"turns":6.0},{"damage":11.0,"enemies":"Snake Plant","floor":30.0,"turns":6.0},{"damage":18.0,"enemies":"3 Cultists","floor":31.0,"turns":5.0},{"damage":85,"enemies":"Collector","floor":33,"turns":8},{"damage":20,"enemies":"3 Darklings","floor":35,"turns":6},{"damage":15,"enemies":"Orb Walker","floor":37,"turns":3},{"damage":29,"enemies":"4 Shapes","floor":39,"turns":7},{"damage":0,"enemies":"R_Hoarder","floor":41,"turns":8},{"damage":5,"enemies":"Sphere and 2 Shapes","floor":42,"turns":6},{"damage":107,"enemies":"Giant Head","floor":44,"turns":8},{"damage":0,"enemies":"Mind Bloom Boss Battle","floor":45,"turns":7},{"damage":9,"enemies":"Jaw Worm Horde","floor":47,"turns":5},{"damage":44,"enemies":"Spire Growth","floor":48,"turns":4},{"damage":45,"enemies":"Awakened One","floor":50,"turns":10},{"damage":99,"enemies":"The Heart","floor":56,"turns":10}],"seed_played":"7170651137347184336","potions_obtained":[{"floor":2.0,"key":"EssenceOfSteel"},{"floor":3.0,"key":"SpeedPotion"},{"floor":10.0,"key":"LifebloodPotion"},{"floor":27.0,"key":"Languid Potion"},{"floor":28.0,"key":"DemoMod:LeadSkinPotion"},{"floor":33,"key":"AttackPotion"},{"floor":36,"key":"Block Potion"},{"floor":39,"key":"Elixir"},{"floor":44,"key":"Swift Potion"}],"is_trial":false,"path_per_floor":["M","M","M","M","?","R","E","R","T","M","?","E","M","E","R_BF","B",null,"M","M","?","?","?","R","E","R","T","E","M","$","M","M","R_BF","B",null,"M","?","M","?","M","R","E","M","T","E","?","$","M","M","R_BF","B",null,null,"R","$","E","B",null],"character_chosen":"Librarian","items_purchased":["vexMod:ScavengeHelm","testmod-IndustrialRevolution","ReplayFunnel"],"campfire_rested":2,"item_purchase_floors":[29,46,46],"current_hp_per_floor":[54,54,37,31,39,39,28,52,52,52,52,21,29,51,51,39,67,54,66,45,45,18,18,36,36,36,69,76,76,76,67,76,24,63,76,76,68,68,68,68,76,76,76,13,63,63,76,43,43,76,76,76,76,76,76,50],"gold":72,"neow_bonus":"REMOVE_TWO","is_daily":false,"chose_seed":false,"campfire_upgraded":3,"win_rate":0.0,"timestamp":1608187002,"path_taken":["M","M","M","M","?","R","E","R","T","M","?","E","M","E","R_BF","BOSS","M","M","?","?","?","R","E","R","T","E","M","$","M","M","R_BF","BOSS","M","?","M","?","M","R","E","M","T","E","?","$","M","M","R_BF","BOSS","R","$","E","BOSS"],"items_purchased_type":["Relic","Relic","Relic"],"build_version":"2020-12-13","purchased_purges":2,"victory":true,"max_hp_per_floor":[81,81,81,81,81,81,81,81,81,81,81,76,76,76,76,76,76,78,78,78,78,78,76,76,76,76,76,76,76,76,76,76,76,76,76,76,76,76,76,76,76,76,76,76,76,76,76,76,76,76,76,76,76,76,76,76],"card_choices":[{"not_picked":["SharpenedBlade","PuppetBlockade","EnergyCycle","ShrineToMusic"],"picked":"SKIP","floor":1.0},{"not_picked":["Mutilate","ShrineToMusic","Deflect_lor","SunsetBlade"],"picked":"Fence","floor":3.0},{"not_picked":["AsThePrescriptOrders","FendThisOffIfYouCan","MultiHit","Riposte"],"picked":"Multislash","floor":4.0},{"not_picked":["WillProduceFineSilk","Multislash","RepressedFlesh","ShrineToMusic","DefenseOrder"],"picked":"SKIP","floor":7.0},{"not_picked":["Multislash","Marionette","GuidanceOfTheGears","SparkingSpear","StrongStrike"],"picked":"SKIP","floor":10.0},{"not_picked":["Rampage_lor","DefenseOrder","Overpower","SpearedSweep","StrongStrike"],"picked":"SKIP","floor":12.0},{"not_picked":["SunsetBlade","DefenseOrder","Leap_lor","StrongStrike","Deflect_lor"],"picked":"SKIP","floor":13.0},{"not_picked":["Multislash","Unlock1","AutonomousRush","QuickAttack"],"picked":"SilentMist","floor":14.0},{"not_picked":["TieShanKao","BlazingStrike","FormingStorm"],"picked":"TrashDisposal","floor":16.0},{"not_picked":["ShrineToMusic","EnergyCycle+1","FrontalAssault","SharpNails","HighKick"],"picked":"SKIP","floor":18.0},{"not_picked":["FierceCharge","Parry","FrontalAssault","Thrust+1"],"picked":"TieShanKao","floor":19.0},{"not_picked":["Parry","FlashOfSunup","RipSpace","Quickness"],"picked":"ExtractFuel","floor":22.0},{"not_picked":["Wallop_lor","Creak","PreemptiveStrike","FleetEdge","Leap_lor"],"picked":"SKIP","floor":24.0},{"not_picked":["FrontalAssault","EnergyShield","SilentMist","DriedUp"],"picked":"Quickness+1","floor":27.0},{"not_picked":["HandleRequest","ChargeUp","Parry","DarkCloud"],"picked":"InnerArdor+1","floor":28.0},{"not_picked":["StayCalm","DarkCloud","FierceOnslaught","Leap_lor","Parry"],"picked":"SKIP","floor":30.0},{"not_picked":["DarkCloud+1","DeepDrag","RipSpace","SharpenedBlade","ExtractFuel"],"picked":"SKIP","floor":31.0},{"not_picked":["Track+1","FierceCharge","PreemptiveStrike","UncannyStrike"],"picked":"FrontalAssault+1","floor":32.0},{"not_picked":["RepressedFlesh","TieShanKao","ChargeUp"],"picked":"EmotionalTurbulence","floor":33},{"not_picked":["Rewind","Parry","HiddenBlade","Struggle+1","EnergyShield"],"picked":"SKIP","floor":35},{"not_picked":["Preparation","RepressedFlesh","FeatherShield","EnergyCycle","Parry+1"],"picked":"SKIP","floor":37},{"not_picked":["Eject+1","SunsetBlade","HandleRequest","HiddenBlade"],"picked":"Struggle","floor":38},{"not_picked":["PreemptiveStrike","Gamble","SmokingPipe","Quickness","FleetEdge"],"picked":"SKIP","floor":39},{"not_picked":["DevastatingThrash","Wallop_lor","PreemptiveStrike","Rewind","SearingSword+1"],"picked":"SKIP","floor":41},{"not_picked":["Quickness","NightInTheBackstreets","HighKick","SmokingPipe","RepressedFlesh"],"picked":"SKIP","floor":42},{"not_picked":["FeelinGood+1","Tttonst","EnergyCycle","Thrust"],"picked":"ForTheFamily+1","floor":44},{"not_picked":["Quickness","Overpower","LossOfSenses","Gamble","HighKick"],"picked":"SKIP","floor":47},{"not_picked":["Parry+1","Rewind","Thrust+1","Overpower"],"picked":"FlashOfSunup+1","floor":48}],"player_experience":325284,"relics_obtained":[{"floor":1.0,"key":"Question Card"},{"floor":1.0,"key":"LetterFromLob"},{"floor":7.0,"key":"Dream Catcher"},{"floor":9.0,"key":"PageOfForsakenMurderer"},{"floor":12.0,"key":"ReplayTheSpireMod:Lightbulb"},{"floor":14.0,"key":"Art of War"},{"floor":16.0,"key":"ImportantClient"},{"floor":20.0,"key":"Nilry\u0027s Codex"},{"floor":22.0,"key":"Red Mask"},{"floor":24.0,"key":"DemoMod:Metronome"},{"floor":27.0,"key":"Blood Vial"},{"floor":38,"key":"Pet Ghost"},{"floor":41,"key":"DemoMod:MemoryAlloy"},{"floor":43,"key":"Mirror"},{"floor":44,"key":"HollowMod:LifeEnderRelic"},{"floor":45,"key":"ShirouKen"},{"floor":49,"key":"ArrowTower"}],"event_choices":[{"cards_removed":["LightDefense"],"damage_healed":0.0,"max_hp_gain":0.0,"max_hp_loss":0.0,"gold_gain":0.0,"event_name":"Bonfire Elementals","player_choice":"Offered Basic","floor":11.0,"gold_loss":0.0,"damage_taken":0.0},{"damage_healed":0.0,"max_hp_gain":0.0,"max_hp_loss":0.0,"gold_gain":0.0,"event_name":"Cursed Tome","player_choice":"Obtained Book","floor":20.0,"gold_loss":0.0,"damage_taken":21.0},{"damage_healed":0.0,"max_hp_gain":0.0,"max_hp_loss":0.0,"gold_gain":0.0,"event_name":"Vampires","player_choice":"Ignored","floor":21.0,"gold_loss":0.0,"damage_taken":0.0},{"damage_healed":0.0,"max_hp_gain":0.0,"max_hp_loss":0.0,"gold_gain":0.0,"event_name":"Masked Bandits","player_choice":"Fought Bandits","floor":22.0,"gold_loss":0.0,"damage_taken":0.0},{"damage_healed":0,"gold_gain":0,"player_choice":"Fight","damage_taken":0,"max_hp_gain":0,"max_hp_loss":0,"event_name":"MindBloom","floor":45,"gold_loss":0}],"is_beta":false,"boss_relics":[{"not_picked":["testmod-Fanaticism","vexMod:NewClearReactor"],"picked":"vexMod:CursedCompass"},{"not_picked":["vexMod:MysteryBossChallenge","testmod-EnergyCheck"],"picked":"Fusion Hammer"}],"items_purged_floors":[29,46],"is_endless":false,"potions_floor_spawned":[2,3,10,13,19,27,28,31,33,39,42,44,47,48],"ascension_level":17}}