{"host":"cqsz3xitorlhbrhq","time":1608166797,"event":{"mods":["AchievementEnabler","BaseMod","Bestiary","Block Reminder","Minty Spire (QoL Compilation)","Relic Stats","egg"],"gold_per_floor":[116,129,141,156,170,170,196,196,196,227,245,272,290,57,57,155,155,173,173,184,195,195,195,195],"floor_reached":23,"playtime":2360,"items_purged":[],"score":276,"play_id":"efc223ac-1e77-49fa-adef-0017a9738f59","local_time":"20201216195957","is_ascension_mode":true,"campfire_choices":[{"data":"FlurryOfBlows","floor":6,"key":"SMITH"},{"data":"Eruption","floor":8,"key":"SMITH"},{"data":"MentalFortress","floor":15,"key":"SMITH"}],"circlet_count":0,"master_deck":["Strike_P","Strike_P","Defend_P","Defend_P","Defend_P","Defend_P","Eruption+1","Vigilance","FlyingSleeves","FlurryOfBlows+1","EmptyFist","Tantrum","FollowUp","FearNoEvil","DeceiveReality","EmptyBody","Scrawl","MentalFortress+1","Meditate","Wireheading","Sanctity","DevaForm","Meditate+1","J.A.X.","ClearTheMind","Consecrate"],"relics":["Empty Cage","Bottled Flame","Bronze Scales","Dream Catcher","Sundial","Orrery","VioletLotus"],"acts_visited":["Exordium","TheCity"],"potions_floor_usage":[7,12,16,23],"damage_taken":[{"damage":2,"enemies":"Cultist","floor":1,"turns":3},{"damage":1,"enemies":"2 Louse","floor":2,"turns":3},{"damage":0,"enemies":"Small Slimes","floor":3,"turns":2},{"damage":6,"enemies":"Blue Slaver","floor":4,"turns":4},{"damage":5,"enemies":"2 Fungi Beasts","floor":5,"turns":5},{"damage":0,"enemies":"3 Sentries","floor":7,"turns":2},{"damage":12,"enemies":"Lagavulin","floor":10,"turns":3},{"damage":4,"enemies":"Red Slaver","floor":11,"turns":4},{"damage":8,"enemies":"3 Sentries","floor":12,"turns":3},{"damage":0,"enemies":"Exordium Wildlife","floor":13,"turns":3},{"damage":4,"enemies":"Hexaghost","floor":16,"turns":7},{"damage":0,"enemies":"3 Byrds","floor":18,"turns":3},{"damage":21,"enemies":"2 Thieves","floor":20,"turns":3},{"damage":32,"enemies":"Cultist and Chosen","floor":21,"turns":7},{"damage":10,"enemies":"Slavers","floor":23,"turns":1}],"seed_played":"4461629291884122133","potions_obtained":[{"floor":5,"key":"Fire Potion"},{"floor":7,"key":"Strength Potion"},{"floor":10,"key":"SkillPotion"},{"floor":11,"key":"Weak Potion"},{"floor":21,"key":"CultistPotion"}],"is_trial":false,"path_per_floor":["M","M","M","M","M","R","E","R","T","E","M","E","M","$","R","B",null,"M","?","M","M","?","E"],"character_chosen":"WATCHER","items_purchased":["MentalFortress","Orrery"],"campfire_rested":0,"item_purchase_floors":[14,14],"current_hp_per_floor":[70,69,69,63,58,58,58,58,58,46,42,34,34,34,34,30,72,72,72,51,19,6,0,0],"gold":195,"neow_bonus":"BOSS_RELIC","is_daily":false,"chose_seed":false,"campfire_upgraded":3,"win_rate":0.0,"timestamp":1608166797,"path_taken":["M","M","M","M","M","R","E","R","T","E","M","E","?","$","R","BOSS","M","?","M","M","?","E"],"items_purchased_type":["Card","Relic"],"build_version":"2020-12-13","purchased_purges":0,"victory":false,"max_hp_per_floor":[72,72,72,72,72,72,72,72,72,72,72,72,72,72,72,72,72,72,72,72,72,77,77,77],"relic_stats":{"Dream Catcher":0,"counters":[15,53],"Sundial":[2],"Bronze Scales":[123],"VioletLotus":[8],"obtain_stats":[{"Bottled Flame":7,"Dream Catcher":10,"Sundial":12,"Bronze Scales":9,"Orrery":14,"VioletLotus":17,"PureWater":0,"Empty Cage":0},{"Bottled Flame":6,"Dream Catcher":7,"Sundial":9,"Bronze Scales":6,"Orrery":10,"VioletLotus":11,"PureWater":0,"Empty Cage":0},{"Bottled Flame":19,"Dream Catcher":22,"Sundial":29,"Bronze Scales":19,"Orrery":32,"VioletLotus":39,"PureWater":0,"Empty Cage":0}]},"card_choices":[{"not_picked":["Prostrate","Crescendo"],"picked":"FlyingSleeves","floor":1},{"not_picked":["EmptyFist","Protect"],"picked":"FlurryOfBlows","floor":2},{"not_picked":["Crescendo","Protect"],"picked":"EmptyFist","floor":3},{"not_picked":["FlyingSleeves","EmptyMind"],"picked":"Tantrum","floor":4},{"not_picked":["SignatureMove","ClearTheMind"],"picked":"FollowUp","floor":5},{"not_picked":["LikeWater","ClearTheMind"],"picked":"FearNoEvil","floor":7},{"not_picked":["Consecrate","Meditate"],"picked":"DeceiveReality","floor":10},{"not_picked":["SashWhip","Protect"],"picked":"EmptyBody","floor":11},{"not_picked":["Perseverance","EmptyMind"],"picked":"Scrawl","floor":12},{"not_picked":["ForeignInfluence","Tantrum","CutThroughFate"],"picked":"SKIP","floor":13},{"not_picked":["Fasting2","CarveReality"],"picked":"Meditate","floor":14},{"not_picked":["WaveOfTheHand","Worship"],"picked":"Wireheading","floor":14},{"not_picked":["ForeignInfluence","Halt"],"picked":"Sanctity","floor":14},{"not_picked":["SpiritShield","Omniscience"],"picked":"DevaForm","floor":16},{"not_picked":["Wireheading","PathToVictory"],"picked":"Meditate+1","floor":18},{"not_picked":["Prostrate","CutThroughFate"],"picked":"ClearTheMind","floor":20},{"not_picked":["FollowUp","Worship"],"picked":"Consecrate","floor":21}],"player_experience":65620,"relics_obtained":[{"floor":7,"key":"Bottled Flame"},{"floor":9,"key":"Bronze Scales"},{"floor":10,"key":"Dream Catcher"},{"floor":12,"key":"Sundial"}],"event_choices":[{"damage_healed":0,"gold_gain":0,"player_choice":"Obtain J.A.X.","damage_taken":0,"max_hp_gain":0,"max_hp_loss":0,"event_name":"Drug Dealer","floor":19,"gold_loss":0,"cards_obtained":["J.A.X."]},{"damage_healed":0,"gold_gain":0,"player_choice":"Shed Blood","damage_taken":18,"max_hp_gain":5,"max_hp_loss":0,"event_name":"Forgotten Altar","floor":22,"gold_loss":0}],"is_beta":false,"boss_relics":[{"not_picked":["Cursed Key","Tiny House"],"picked":"VioletLotus"}],"items_purged_floors":[],"is_endless":false,"potions_floor_spawned":[5,7,10,11,21],"killed_by":"Slavers","ascension_level":3}}