{"host":"ockkdcgl3b18tfz9","time":1608220460,"event":{"mods":["2.2 Compatiblity","BaseMod","Better Skull","Better Third Choice","BetterRewards","Hermit","Minty Spire (QoL Compilation)","Quick Restart","Spicy Shops","StSLib"],"gold_per_floor":[82,118,143,154,164,177,205,205,232,257,286,298,298,26,38,38,134,134,147,147,161,86,86,86,119,131,131,131,131,157,157,157],"floor_reached":30,"playtime":728,"items_purged":[],"score":621,"play_id":"c6463ed9-1948-45a5-86d1-f872291c83ae","local_time":"20201217225420","is_ascension_mode":true,"campfire_choices":[{"floor":7,"key":"REST"},{"floor":15,"key":"REST"},{"floor":23,"key":"REST"},{"floor":28,"key":"REST"}],"circlet_count":0,"master_deck":["AscendersBane","Strike_B","Strike_B","Strike_B","Defend_B","Defend_B","Defend_B","Defend_B","Zap","Dualcast","Electrodynamics","Sweeping Beam","Defragment","Heatsinks","Loop","Barrage","Steam","Conserve Battery","Turbo","Heatsinks","Doom and Gloom","Amplify","Buffer","Chill","Leap","Loop","Beam Cell+1","Ball Lightning+1"],"relics":["Cracked Core","Lee\u0027s Waffle","ClockworkSouvenir","Bronze Scales","Vajra","Matryoshka","Cables","PreservedInsect","Oddly Smooth Stone","OrangePellets","Philosopher\u0027s Stone","Blood Vial","DataDisk","Smiling Mask","Nunchaku"],"acts_visited":["Exordium","TheCity"],"potions_floor_usage":[6,8,8,11,24,24,24,24,25,27],"damage_taken":[{"damage":1,"enemies":"Cultist","floor":1,"turns":4},{"damage":4,"enemies":"Jaw Worm","floor":3,"turns":3},{"damage":8,"enemies":"Small Slimes","floor":4,"turns":3},{"damage":20,"enemies":"Exordium Wildlife","floor":5,"turns":3},{"damage":32,"enemies":"Gremlin Nob","floor":6,"turns":4},{"damage":20,"enemies":"3 Sentries","floor":8,"turns":3},{"damage":12,"enemies":"Gremlin Nob","floor":10,"turns":4},{"damage":0,"enemies":"3 Louse","floor":11,"turns":1},{"damage":6,"enemies":"Large Slime","floor":14,"turns":4},{"damage":35,"enemies":"The Guardian","floor":16,"turns":8},{"damage":12,"enemies":"Spheric Guardian","floor":18,"turns":4},{"damage":27,"enemies":"2 Thieves","floor":20,"turns":3},{"damage":44,"enemies":"Gremlin Leader","floor":24,"turns":6},{"damage":0,"enemies":"Centurion and Healer","floor":25,"turns":5},{"damage":9,"enemies":"Colosseum Slavers","floor":27,"turns":3},{"damage":23,"enemies":"Slavers","floor":29,"turns":5},{"damage":7,"enemies":"Cultist and Chosen","floor":30,"turns":1}],"seed_played":"3842059687040637224","potions_obtained":[{"floor":3,"key":"Swift Potion"},{"floor":4,"key":"Strength Potion"},{"floor":6,"key":"LiquidMemories"},{"floor":10,"key":"FearPotion"},{"floor":11,"key":"Block Potion"},{"floor":14,"key":"FocusPotion"},{"floor":16,"key":"EntropicBrew"},{"floor":20,"key":"Ancient Potion"},{"floor":24,"key":"Weak Potion"},{"floor":25,"key":"SteroidPotion"}],"is_trial":false,"path_per_floor":["M","T","M","M","M","E","R","E","T","E","M","?","$","M","R","B",null,"M","?","M","?","?","R","E","M","T","?","R","E","M"],"character_chosen":"DEFECT","items_purchased":["Lee\u0027s Waffle","Electrodynamics","ClockworkSouvenir","OrangePellets","Heatsinks","Doom and Gloom"],"campfire_rested":4,"item_purchase_floors":[0,0,0,13,13,13],"current_hp_per_floor":[13,81,81,77,69,49,17,41,21,21,9,9,36,36,30,54,19,66,54,54,27,27,27,51,7,9,9,2,26,5,0,0],"gold":157,"neow_bonus":"","is_daily":false,"chose_seed":false,"campfire_upgraded":0,"win_rate":0.0,"timestamp":1608220460,"path_taken":["M","?","?","M","?","E","R","E","T","E","M","?","?","M","R","BOSS","M","?","M","?","?","R","E","M","T","?","R","E","?"],"items_purchased_type":["Relic","Card","Relic","Relic","Card","Card"],"build_version":"2020-12-13","purchased_purges":0,"victory":false,"max_hp_per_floor":[75,82,82,82,82,82,82,82,82,82,82,82,82,82,82,82,82,82,82,82,82,82,82,82,82,82,82,82,82,82,82,82],"card_choices":[{"not_picked":["Beam Cell","Cold Snap"],"picked":"Sweeping Beam","floor":1},{"not_picked":["Hologram","Auto Shields"],"picked":"Defragment","floor":3},{"not_picked":["Gash","Sweeping Beam"],"picked":"Heatsinks","floor":4},{"not_picked":["Steam Power","Glacier"],"picked":"Loop","floor":5},{"not_picked":["Lockon","Beam Cell"],"picked":"Barrage","floor":6},{"not_picked":["Streamline","Melter"],"picked":"Steam","floor":8},{"not_picked":["Redo","Compile Driver"],"picked":"Conserve Battery","floor":10},{"not_picked":["Rebound","Barrage"],"picked":"Turbo","floor":11},{"not_picked":["Defragment","Streamline"],"picked":"Amplify","floor":14},{"not_picked":["Reboot","Rainbow"],"picked":"Buffer","floor":16},{"not_picked":["Fusion+1","Conserve Battery"],"picked":"Chill","floor":18},{"not_picked":["Barrage","Streamline"],"picked":"Leap","floor":20},{"not_picked":["Meteor Strike","Steam Power"],"picked":"Loop","floor":24},{"not_picked":["Melter","Gash"],"picked":"Beam Cell+1","floor":25},{"not_picked":["Coolheaded","Rip and Tear"],"picked":"Ball Lightning+1","floor":29}],"player_experience":217486,"relics_obtained":[{"floor":2,"key":"Bronze Scales"},{"floor":6,"key":"Vajra"},{"floor":8,"key":"Matryoshka"},{"floor":9,"key":"Cables"},{"floor":9,"key":"PreservedInsect"},{"floor":10,"key":"Oddly Smooth Stone"},{"floor":24,"key":"Blood Vial"},{"floor":26,"key":"DataDisk"},{"floor":26,"key":"Smiling Mask"},{"floor":29,"key":"Nunchaku"}],"event_choices":[{"damage_healed":27,"gold_gain":0,"player_choice":"Banana","damage_taken":0,"max_hp_gain":0,"max_hp_loss":0,"event_name":"Big Fish","floor":12,"gold_loss":0},{"damage_healed":0,"gold_gain":0,"player_choice":"Ignored","damage_taken":0,"max_hp_gain":0,"max_hp_loss":0,"event_name":"Vampires","floor":19,"gold_loss":0},{"cards_removed":["Strike_B"],"damage_healed":0,"gold_gain":0,"player_choice":"Gave Gold","damage_taken":0,"max_hp_gain":0,"max_hp_loss":0,"event_name":"Beggar","floor":21,"gold_loss":75},{"damage_healed":0,"gold_gain":0,"player_choice":"Adaptability","damage_taken":0,"max_hp_gain":0,"max_hp_loss":0,"event_name":"betterThird:BetterWriting","floor":22,"gold_loss":0},{"damage_healed":0,"gold_gain":0,"player_choice":"Fight","damage_taken":0,"max_hp_gain":0,"max_hp_loss":0,"event_name":"Colosseum","floor":27,"gold_loss":0},{"damage_healed":0,"gold_gain":0,"player_choice":"Fled From Nobs","damage_taken":0,"max_hp_gain":0,"max_hp_loss":0,"event_name":"Colosseum","floor":27,"gold_loss":0}],"is_beta":false,"boss_relics":[{"not_picked":["Fusion Hammer","Runic Dome"],"picked":"Philosopher\u0027s Stone"}],"items_purged_floors":[],"is_endless":false,"potions_floor_spawned":[3,4,6,10,11,14,16,20,24,25],"killed_by":"Cultist and Chosen","ascension_level":12}}