{"host":"i9o21tdcc8l3o4rw","time":1608219143,"event":{"mods":["2.2 Compatiblity","Act Like it!","BaseMod","BetterRewards","Colored Map","Colored Powertips","Hubris","Infinite Spire","Jorbs\u0027s Wanderer Trilogy","Marisa????????","Menagerie","Minty Spire (QoL Compilation)","Replay The Spire","Shop Mod","StSLib","The Bladedancer","The Exalted","The Servant 0.9.4","??????REMEMod"],"gold_per_floor":[112,125,50,50,50,82,82,95,171,171,171,191,7,21,21,21,21],"floor_reached":16,"playtime":1988,"items_purged":[],"score":125,"play_id":"974f0129-ce2a-465a-95e2-661ce415feb1","local_time":"20201217163223","is_ascension_mode":false,"campfire_choices":[{"data":"Bromod:BriefRespite","floor":7,"key":"SMITH"},{"data":"Bromod:ArchwingLauncher","floor":10,"key":"SMITH"},{"data":"Bromod:Reflection","floor":15,"key":"SMITH"}],"circlet_count":0,"master_deck":["Bromod:Strike_Bro","Bromod:Strike_Bro","Bromod:Strike_Bro","Bromod:Defend_Bro","Bromod:Defend_Bro","Bromod:Defend_Bro","Bromod:Defend_Bro","Bromod:SlashDash","Bromod:SlashDash","Bromod:SlashDash","Bromod:BriefRespite+1","Bromod:HeatedCharge+1","Bromod:ArchwingLauncher+1","Bromod:Reflection+1","Bromod:SeismicWave","Bromod:PointBlank","Bromod:DriftingContact","Bromod:Vitality","Bromod:ContagiousSpread"],"relics":["Bromod:Ordis","Bromod:AscarisDevice","REME_ComplimentaryCards","NeowsBlessing","hubris:Icosahedron","Replay:Baseball","Bromod:ArcaneVictory"],"acts_visited":["Exordium"],"potions_floor_usage":[16],"damage_taken":[{"damage":0,"enemies":"2 Louse","floor":1,"turns":1},{"damage":0,"enemies":"Small Slimes","floor":2,"turns":1},{"damage":0,"enemies":"Lagavulin","floor":6,"turns":1},{"damage":6,"enemies":"infinitespire:Voidling","floor":8,"turns":4},{"damage":3,"enemies":"Red Slaver","floor":12,"turns":3},{"damage":0,"enemies":"Large Slime","floor":14,"turns":6},{"damage":78,"enemies":"Slime Boss","floor":16,"turns":15}],"seed_played":"-4991848690009605670","potions_obtained":[{"floor":2,"key":"Strength Potion"},{"floor":12,"key":"Swift Potion"}],"is_trial":false,"path_per_floor":["M","M","$","?","?","E","R","M","T","R","?","M","$","M","R","B"],"character_chosen":"THE_EXALTED","items_purchased":["Bromod:ArchwingLauncher","Bromod:DriftingContact","Bromod:Vitality"],"campfire_rested":0,"item_purchase_floors":[3,13,13],"current_hp_per_floor":[75,75,75,75,75,75,75,73,73,73,73,71,71,73,73,0,0],"gold":21,"neow_bonus":"THREE_ENEMY_KILL","is_daily":false,"chose_seed":false,"campfire_upgraded":3,"win_rate":0.0,"timestamp":1608219143,"path_taken":["M","M","$","?","?","E","R","M","T","R","?","?","$","M","R","BOSS"],"items_purchased_type":["Card","Card","Card"],"build_version":"2020-11-29","purchased_purges":0,"victory":false,"max_hp_per_floor":[75,75,75,75,75,75,75,75,75,75,75,75,75,75,75,75,75],"card_choices":[{"not_picked":["Bromod:SteelFiber","Bromod:ShatteringImpact"],"picked":"Bromod:BriefRespite","floor":1},{"not_picked":["Bromod:BriefRespite","Bromod:Rejuvenation"],"picked":"Bromod:HeatedCharge","floor":2},{"not_picked":["Bromod:Vitality","Bromod:Stretch"],"picked":"Bromod:Reflection","floor":6},{"not_picked":["Bromod:Foundry","Bromod:Maglev"],"picked":"Bromod:SeismicWave","floor":8},{"not_picked":["Bromod:PressurePoint","Bromod:BodyCount"],"picked":"Bromod:PointBlank","floor":12},{"not_picked":["Bromod:SteelCharge","Bromod:SlashDash"],"picked":"Bromod:ContagiousSpread","floor":14}],"player_experience":88663,"relics_obtained":[{"floor":6,"key":"Replay:Baseball"},{"floor":9,"key":"Bromod:ArcaneVictory"}],"event_choices":[{"damage_healed":0,"gold_gain":0,"player_choice":"Grow","damage_taken":0,"max_hp_gain":0,"max_hp_loss":0,"event_name":"Living Wall","floor":4,"gold_loss":0,"cards_upgraded":["Bromod:HeatedCharge"]},{"cards_removed":["Strike_R"],"damage_healed":0,"gold_gain":0,"player_choice":"Took Card","damage_taken":0,"max_hp_gain":0,"max_hp_loss":0,"event_name":"NoteForYourself","floor":11,"gold_loss":0,"cards_obtained":["Strike_R"]}],"is_beta":false,"boss_relics":[],"items_purged_floors":[],"is_endless":false,"potions_floor_spawned":[2,12],"killed_by":"Slime Boss","ascension_level":0}}