{"host":"15ff3ltgpietarej","time":1608182695,"event":{"mods":["BaseMod","Downfall","Highlight Path","Minty Spire (QoL Compilation)","StSLib"],"gold_per_floor":[99,119,44,44,58,58,138,164,164,195,195,212,226,37,48,152,152,77,111,111,111,111],"floor_reached":21,"playtime":929,"items_purged":["Pain"],"score":287,"play_id":"5a9f3757-eedd-437d-bf0c-44307dd01044","local_time":"20201217062455","is_ascension_mode":true,"campfire_choices":[{"floor":1,"key":"RECALL"},{"data":"Guardian:Clone","floor":3,"key":"SMITH"},{"data":"Secret Weapon","floor":6,"key":"SMITH"},{"floor":9,"key":"REST"},{"data":"Guardian:TemporalStrike","floor":18,"key":"SMITH"},{"data":"Guardian:DonusPower","floor":20,"key":"SMITH"}],"circlet_count":0,"master_deck":["Guardian:Strike_Guardian","Guardian:Strike_Guardian","Guardian:Strike_Guardian","Guardian:Strike_Guardian","Guardian:Defend_Guardian","Guardian:Defend_Guardian","Guardian:Defend_Guardian","Guardian:Defend_Guardian","Guardian:CurlUp","Guardian:TwinSlam","Secret Weapon+1","Guardian:Clone+1","Guardian:TemporalStrike+1","Guardian:DonusPower+1","Guardian:Gem_Purple","Guardian:Gem_Cyan","Guardian:Reroute","Guardian:Gem_Cyan","Guardian:TemporalStrike"],"relics":["Guardian:ModeShifter","downfall:HeartBlessingRed","WarpedTongs","Gremlin Horn","Bag of Marbles","Potion Belt","SacredBark","downfall:HeartBlessingGreen","Mercury Hourglass"],"acts_visited":["Exordium","TheCity"],"potions_floor_usage":[8,14,16,16,16,16,19],"damage_taken":[{"damage":0,"enemies":"2 Louse","floor":2,"turns":2},{"damage":1,"enemies":"Cultist","floor":5,"turns":3},{"damage":22,"enemies":"3 Sentries","floor":8,"turns":7},{"damage":24,"enemies":"Gremlin Nob","floor":10,"turns":3},{"damage":2,"enemies":"Small Slimes","floor":12,"turns":2},{"damage":1,"enemies":"Gremlin Gang","floor":13,"turns":3},{"damage":9,"enemies":"downfall:FleeingMerchant","floor":14,"turns":4},{"damage":0,"enemies":"3 Louse","floor":15,"turns":2},{"damage":3,"enemies":"downfall:Ironclad","floor":16,"turns":6},{"damage":5,"enemies":"Book of Stabbing","floor":19,"turns":5},{"damage":0,"enemies":"Gremlin Leader","floor":21,"turns":1}],"seed_played":"332541156295842146","potions_obtained":[{"floor":2,"key":"Dexterity Potion"},{"floor":10,"key":"Dexterity Potion"},{"floor":13,"key":"Strength Potion"},{"floor":19,"key":"ColorlessPotion"}],"is_trial":false,"path_per_floor":["R","M","R","?","M","R","T","E","R","E","?","M","M","$","M","B",null,"R","E","R","E"],"character_chosen":"GUARDIAN","items_purchased":["EntropicBrew"],"campfire_rested":1,"item_purchase_floors":[14],"current_hp_per_floor":[51,51,51,51,50,50,50,28,52,28,28,26,25,16,16,13,63,63,58,58,58,58],"gold":111,"neow_bonus":"RANDOM_COLORLESS_2","is_daily":false,"chose_seed":false,"campfire_upgraded":4,"win_rate":0.0,"timestamp":1608182695,"path_taken":["R","M","R","?","?","R","T","E","R","E","?","M","M","$","M","BOSS","R","E","R","E"],"items_purchased_type":["Potion"],"build_version":"2020-12-13","purchased_purges":1,"victory":false,"max_hp_per_floor":[80,80,80,80,80,80,80,80,80,80,80,80,80,80,80,80,80,80,80,80,80,80],"card_choices":[{"not_picked":["expansioncontent:QuickStudy","Metamorphosis"],"picked":"Secret Weapon","floor":0},{"not_picked":["Guardian:Gem_Lightblue","Guardian:ShieldSpikes"],"picked":"Guardian:Clone","floor":2},{"not_picked":["Guardian:ShieldSpikes","Guardian:PiercingHide"],"picked":"Guardian:TemporalStrike","floor":5},{"not_picked":["Guardian:EvasiveProtocol","Guardian:Planning"],"picked":"Guardian:DonusPower","floor":8},{"not_picked":["Guardian:VentSteam","Guardian:Recover"],"picked":"Guardian:Gem_Blue","floor":12},{"not_picked":["Guardian:ShieldCharger","Guardian:Gem_Purple"],"picked":"Guardian:Reroute","floor":13},{"not_picked":["Guardian:Gem_Cyan","Guardian:SpikerProtocol"],"picked":"Guardian:Gem_Red","floor":14},{"not_picked":["Guardian:Gem_White","Guardian:MultiBeam"],"picked":"Guardian:Gem_Cyan","floor":15},{"not_picked":["Guardian:StasisStrike","Guardian:StasisEngine"],"picked":"Guardian:Gem_Orange","floor":16},{"not_picked":["Guardian:PiercingHide","Guardian:Gem_Lightblue"],"picked":"Guardian:TemporalStrike","floor":19}],"player_experience":389677,"relics_obtained":[{"floor":7,"key":"Gremlin Horn"},{"floor":8,"key":"Bag of Marbles"},{"floor":10,"key":"Potion Belt"},{"floor":19,"key":"Mercury Hourglass"}],"event_choices":[],"is_beta":false,"boss_relics":[{"not_picked":["Guardian:ModeShifterPlus","Fusion Hammer"],"picked":"SacredBark"}],"items_purged_floors":[14],"is_endless":false,"potions_floor_spawned":[2,10,13,19],"killed_by":"Gremlin Leader","ascension_level":8}}