{"host":"10b2ljh1rg6srmxa","time":1608240767,"event":{"mods":["AchievementEnabler","BaseMod","Colored Powertips","Infinite Spire","Minty Spire (QoL Compilation)","Replay The Spire","StSLib"],"gold_per_floor":[114,126,159,159,178,253,266,266,266,266,282,282,35,61,61,166,166,179,179,194,194,194],"floor_reached":21,"playtime":1371,"items_purged":[],"score":169,"play_id":"412fb9ef-0d97-43fb-a6fe-682a8fa25e52","local_time":"20201217223247","is_ascension_mode":false,"campfire_choices":[{"data":"1","floor":10,"key":"LIFT"},{"data":"2","floor":15,"key":"LIFT"}],"circlet_count":0,"master_deck":["Strike_P","Strike_P","Strike_P","Strike_P","Defend_P","Defend_P","Defend_P","Defend_P","Eruption","Vigilance","FollowUp","FlyingSleeves","ReplayTheSpireMod:Splinters","Consecrate","Wallop","FollowUp","DeusExMachina","CurseOfTheBell","CommonCold","Hallucinations","DevaForm","Vault"],"relics":["PureWater","NeowsBlessing","Turnip","Girya","ReplayTheSpireMod:Shallot","Ancient Tea Set","infinitespire:WardingShard","Boot","Replay:Ancient Bell","Tiny Chest","White Beast Statue","Prayer Wheel"],"acts_visited":["Exordium","TheCity"],"potions_floor_usage":[16,18,21,21],"damage_taken":[{"damage":0,"enemies":"Cultist","floor":1,"turns":1},{"damage":0,"enemies":"2 Louse","floor":2,"turns":1},{"damage":0,"enemies":"Jaw Worm","floor":5,"turns":1},{"damage":0,"enemies":"2 Fungi Beasts","floor":7,"turns":3},{"damage":0,"enemies":"Red Slaver","floor":11,"turns":2},{"damage":13,"enemies":"Slime Boss","floor":16,"turns":6},{"damage":23,"enemies":"Chosen","floor":18,"turns":6},{"damage":0,"enemies":"Spheric Guardian","floor":20,"turns":2},{"damage":61,"enemies":"Centurion and Healer","floor":21,"turns":3}],"seed_played":"-7979970561084870562","potions_obtained":[{"floor":2,"key":"Adrenaline Potion"},{"floor":5,"key":"Swift Potion"},{"floor":7,"key":"DuplicationPotion"},{"floor":11,"key":"Fire Potion"},{"floor":18,"key":"Dexterity Potion"},{"floor":20,"key":"DuplicationPotion"}],"is_trial":false,"path_per_floor":["M","M","?","?","M","?","M","?","T","R","M","?","$","T","R","B",null,"M","?","M","M"],"character_chosen":"WATCHER","items_purchased":["infinitespire:WardingShard"],"campfire_rested":0,"item_purchase_floors":[13],"current_hp_per_floor":[72,72,72,72,72,61,61,61,61,61,61,61,61,61,61,48,72,49,49,49,0,0],"gold":194,"neow_bonus":"THREE_ENEMY_KILL","is_daily":false,"chose_seed":false,"campfire_upgraded":0,"win_rate":0.0,"timestamp":1608240767,"path_taken":["M","M","?","?","M","?","?","?","T","R","?","?","$","?","R","BOSS","M","?","M","?"],"items_purchased_type":["Relic"],"build_version":"2020-12-13","purchased_purges":0,"victory":false,"max_hp_per_floor":[72,72,72,72,72,72,72,72,72,72,72,72,72,72,72,72,72,72,72,72,72,72],"card_choices":[{"not_picked":["Halt","Replay:Anticipation"],"picked":"FollowUp","floor":1},{"not_picked":["Wallop","Protect"],"picked":"FlyingSleeves","floor":2},{"not_picked":["CarveReality","SashWhip"],"picked":"Consecrate","floor":3},{"not_picked":["Evaluate","Replay:AtTheReady"],"picked":"Wallop","floor":5},{"not_picked":["Adaptation","Vengeance"],"picked":"FollowUp","floor":7},{"not_picked":["EmptyBody","Consecrate","Study"],"picked":"SKIP","floor":11},{"not_picked":["Replay:AllIn","Scrawl"],"picked":"DeusExMachina","floor":16},{"not_picked":["Decay","ReplayTheSpireMod:Restless Dread"],"picked":"CurseOfTheBell","floor":17},{"not_picked":["Voices","ReplayTheSpireMod:Splinters"],"picked":"CommonCold","floor":17},{"not_picked":["Writhe","Amnesia"],"picked":"Hallucinations","floor":17},{"not_picked":["Replay:BluntJabs","EmptyFist"],"picked":"DevaForm","floor":18},{"not_picked":["ThirdEye","FollowUp","FlyingSleeves+1"],"picked":"SKIP","floor":18},{"not_picked":["ThirdEye","FollowUp","FlyingSleeves+1"],"picked":"SKIP","floor":18},{"not_picked":["EmptyMind+1","ClearTheMind","Halt"],"picked":"SKIP","floor":20},{"not_picked":["Evaluate","Prostrate","Replay:Anticipation"],"picked":"SKIP","floor":20}],"player_experience":237253,"relics_obtained":[{"floor":3,"key":"Turnip"},{"floor":4,"key":"Girya"},{"floor":9,"key":"ReplayTheSpireMod:Shallot"},{"floor":14,"key":"Boot"}],"event_choices":[{"damage_healed":0,"gold_gain":75,"player_choice":"Gather Gold","damage_taken":11,"max_hp_gain":0,"max_hp_loss":0,"event_name":"World of Goop","floor":6,"gold_loss":0},{"damage_healed":0,"gold_gain":0,"player_choice":"Bought 0 Potions","damage_taken":0,"max_hp_gain":0,"max_hp_loss":0,"event_name":"The Woman in Blue","floor":8,"gold_loss":0},{"damage_healed":0,"gold_gain":0,"player_choice":"Searched \u00272\u0027 times","damage_taken":0,"relics_obtained":["Ancient Tea Set"],"max_hp_gain":0,"max_hp_loss":0,"event_name":"Dead Adventurer","floor":12,"gold_loss":0},{"damage_healed":0,"gold_gain":0,"player_choice":"1 cards matched","damage_taken":0,"max_hp_gain":0,"max_hp_loss":0,"event_name":"Match and Keep!","floor":19,"gold_loss":0,"cards_obtained":["Vault"]}],"is_beta":false,"boss_relics":[{"not_picked":["ReplayTheSpireMod:DimensionalGlitch","Coffee Dripper"],"picked":"Replay:Ancient Bell"},{"not_picked":["Strawberry","Bag of Preparation"],"picked":"Tiny Chest"},{"not_picked":["infinitespire:Eraser","Pear"],"picked":"White Beast Statue"},{"not_picked":["GoldenEye","Peace Pipe"],"picked":"Prayer Wheel"}],"items_purged_floors":[],"is_endless":false,"potions_floor_spawned":[2,5,7,11,18,20],"killed_by":"Centurion and Healer","ascension_level":0}}