{"host":"sz8c8ni79nvzjmmg","time":1608215783,"event":{"mods":["AchievementEnabler","BaseMod","DeckTracker","Keyboard Shortcuts","Minty Spire (QoL Compilation)","SuperFastMode"],"gold_per_floor":[115,115,127,26,45,45,45,76,131,146,146,166,241,254,254,349,349,362,100,100,100,113,113,151,151,175,195,195,233,253,268,268,358,358,379,74,105,119,138,138,176,176,223,223,223,237,261,295,295,295,295,295,295,90,121,121],"floor_reached":57,"playtime":3185,"items_purged":["Strike_G","Strike_G","Strike_G+1","Eviscerate"],"score":2979,"play_id":"6e49a85c-1169-4d72-99fa-80baed9a9133","local_time":"20201217233623","is_ascension_mode":true,"campfire_choices":[{"data":"Blade Dance","floor":6.0,"key":"SMITH"},{"floor":11.0,"key":"REST"},{"data":"Calculated Gamble","floor":15.0,"key":"SMITH"},{"data":"Calculated Gamble","floor":23.0,"key":"SMITH"},{"floor":25.0,"key":"REST"},{"data":"Acrobatics","floor":32.0,"key":"SMITH"},{"data":"Acrobatics","floor":40,"key":"SMITH"},{"data":"Adrenaline","floor":42,"key":"SMITH"},{"floor":49,"key":"RECALL"},{"data":"Purity","floor":53,"key":"SMITH"}],"circlet_count":0,"master_deck":["AscendersBane","Defend_G+1","Defend_G","Defend_G","Defend_G","Survivor","Neutralize","Blade Dance+1","Dagger Throw","Backstab","Acrobatics+1","Calculated Gamble+1","Calculated Gamble+1","Tactician+1","Grand Finale","Calculated Gamble","Prepared+1","Adrenaline+1","Escape Plan","After Image+1","After Image+1","Acrobatics+1","Purity","Purity+1","Terror"],"relics":["Ring of the Snake","Golden Idol","Toy Ornithopter","Bag of Preparation","Runic Pyramid","Frozen Egg 2","Pantograph","HoveringKite","Gambling Chip","The Specimen","Regal Pillow","Blue Candle","Orichalcum"],"acts_visited":["Exordium","TheCity","TheBeyond","TheEnding"],"potions_floor_usage":[48,56,56],"damage_taken":[{"damage":0.0,"enemies":"Jaw Worm","floor":1.0,"turns":6.0},{"damage":0.0,"enemies":"2 Louse","floor":3.0,"turns":3.0},{"damage":0.0,"enemies":"Cultist","floor":5.0,"turns":3.0},{"damage":33.0,"enemies":"Lagavulin","floor":8.0,"turns":8.0},{"damage":0.0,"enemies":"2 Fungi Beasts","floor":10.0,"turns":2.0},{"damage":0.0,"enemies":"Looter","floor":12.0,"turns":3.0},{"damage":0.0,"enemies":"Blue Slaver","floor":14.0,"turns":1.0},{"damage":9.0,"enemies":"Hexaghost","floor":16.0,"turns":8.0},{"damage":4.0,"enemies":"3 Byrds","floor":18.0,"turns":6.0},{"damage":0.0,"enemies":"Chosen","floor":22.0,"turns":3.0},{"damage":18.0,"enemies":"Book of Stabbing","floor":24.0,"turns":4.0},{"damage":13.0,"enemies":"Centurion and Healer","floor":27.0,"turns":3.0},{"damage":4.0,"enemies":"Gremlin Leader","floor":29.0,"turns":2.0},{"damage":31.0,"enemies":"Cultist and Chosen","floor":30.0,"turns":5.0},{"damage":1.0,"enemies":"Shelled Parasite and Fungi","floor":31.0,"turns":2.0},{"damage":50.0,"enemies":"Champ","floor":33.0,"turns":11.0},{"damage":0,"enemies":"Orb Walker","floor":35,"turns":2},{"damage":0,"enemies":"Mind Bloom Boss Battle","floor":37,"turns":6},{"damage":0,"enemies":"3 Darklings","floor":38,"turns":3},{"damage":0,"enemies":"Sphere and 2 Shapes","floor":39,"turns":3},{"damage":0,"enemies":"Giant Head","floor":41,"turns":1},{"damage":0,"enemies":"Writhing Mass","floor":46,"turns":2},{"damage":0,"enemies":"Transient","floor":47,"turns":3},{"damage":0,"enemies":"Nemesis","floor":48,"turns":1},{"damage":10,"enemies":"Time Eater","floor":50,"turns":4},{"damage":1,"enemies":"Donu and Deca","floor":51,"turns":1},{"damage":1,"enemies":"Shield and Spear","floor":55,"turns":1},{"damage":24,"enemies":"The Heart","floor":56,"turns":6}],"seed_played":"-6693878183273083957","potions_obtained":[{"floor":5.0,"key":"Weak Potion"},{"floor":8.0,"key":"CultistPotion"},{"floor":12.0,"key":"AttackPotion"},{"floor":16.0,"key":"SmokeBomb"},{"floor":27.0,"key":"Swift Potion"},{"floor":29.0,"key":"DistilledChaos"},{"floor":30.0,"key":"Weak Potion"},{"floor":35,"key":"Energy Potion"},{"floor":37,"key":"Regen Potion"},{"floor":48,"key":"LiquidBronze"}],"is_trial":false,"path_per_floor":["M","?","M","$","M","R","?","E","T","M","R","M","?","M","R","B",null,"M","$","?","$","M","R","E","R","T","M","?","E","M","M","R","B",null,"M","$","?","M","M","R","E","R","T","?","?","M","M","E","R","B","B",null,"R","$","E","B",null],"character_chosen":"THE_SILENT","items_purchased":["Acrobatics","Grand Finale","After Image+1","Dexterity Potion"],"campfire_rested":2,"item_purchase_floors":[4,19,36,54],"current_hp_per_floor":[59,39,39,39,39,39,39,6,6,6,24,24,13,13,13,9,47,43,43,43,43,43,43,25,43,43,30,70,66,39,38,38,18,57,57,57,70,70,70,70,70,70,70,70,60,60,60,65,65,60,69,70,70,70,69,46],"gold":121,"neow_bonus":"TRANSFORM_CARD","is_daily":false,"chose_seed":false,"campfire_upgraded":7,"win_rate":0.0,"timestamp":1608215783,"path_taken":["M","?","M","$","M","R","?","E","T","M","R","M","?","M","R","BOSS","M","$","?","$","M","R","E","R","T","M","?","E","M","M","R","BOSS","M","$","?","M","M","R","E","R","T","?","?","M","M","E","R","BOSS","BOSS","R","$","E","BOSS"],"items_purchased_type":["Card","Card","Card","Potion"],"build_version":"2020-12-13","purchased_purges":4,"victory":true,"max_hp_per_floor":[66,66,66,66,66,66,60,60,60,60,60,60,60,60,60,60,60,60,60,60,60,60,60,60,60,60,60,70,70,70,70,70,70,70,70,70,70,70,70,70,70,70,70,70,70,70,70,70,70,70,70,70,70,70,70,70],"card_choices":[{"not_picked":["Flying Knee","Skewer"],"picked":"Dagger Throw","floor":1.0},{"not_picked":["Backflip","Choke"],"picked":"Backstab","floor":3.0},{"not_picked":["Deadly Poison","Leg Sweep"],"picked":"Eviscerate","floor":5.0},{"not_picked":["Slice","Blade Dance"],"picked":"Calculated Gamble","floor":8.0},{"not_picked":["Sucker Punch","Slice"],"picked":"Calculated Gamble","floor":10.0},{"not_picked":["Blur","Deadly Poison","Corpse Explosion"],"picked":"SKIP","floor":12.0},{"not_picked":["Blur","Concentrate","Caltrops"],"picked":"SKIP","floor":14.0},{"not_picked":["Bane","Outmaneuver+1"],"picked":"Tactician+1","floor":18.0},{"not_picked":["Footwork","Heel Hook"],"picked":"Prepared+1","floor":22.0},{"not_picked":["Well Laid Plans+1","Dodge and Roll"],"picked":"Adrenaline","floor":24.0},{"not_picked":["Bane","Prepared","Terror"],"picked":"SKIP","floor":27.0},{"not_picked":["Deadly Poison","Dagger Throw","Bane"],"picked":"SKIP","floor":29.0},{"not_picked":["Dash","PiercingWail"],"picked":"Escape Plan","floor":30.0},{"not_picked":["Outmaneuver+1","All Out Attack","Malaise"],"picked":"SKIP","floor":31.0},{"not_picked":["Doppelganger","Phantasmal Killer"],"picked":"After Image+1","floor":33.0},{"not_picked":["Prepared","Quick Slash","Riddle With Holes"],"picked":"SKIP","floor":35},{"not_picked":["Prepared","Blade Dance","Deflect"],"picked":"SKIP","floor":38},{"not_picked":["Dagger Spray+1","Leg Sweep"],"picked":"Acrobatics","floor":39},{"not_picked":["Tools of the Trade+1","Flying Knee","Quick Slash"],"picked":"SKIP","floor":41},{"not_picked":["Flash of Steel","Jack Of All Trades"],"picked":"Purity","floor":45},{"not_picked":["Swift Strike","Jack Of All Trades"],"picked":"Purity","floor":45},{"not_picked":["Bane+1","Choke+1","Well Laid Plans+1"],"picked":"SKIP","floor":46},{"not_picked":["Bane+1","Choke+1","Well Laid Plans+1"],"picked":"SKIP","floor":46},{"not_picked":["Heel Hook","Eviscerate"],"picked":"Terror","floor":47},{"not_picked":["Deadly Poison","Distraction+1","Sucker Punch"],"picked":"SKIP","floor":48},{"not_picked":["Riddle With Holes","Bane","Slice"],"picked":"SKIP","floor":55}],"player_experience":1198957,"relics_obtained":[{"floor":8.0,"key":"Toy Ornithopter"},{"floor":9.0,"key":"Bag of Preparation"},{"floor":24.0,"key":"Frozen Egg 2"},{"floor":29.0,"key":"Pantograph"},{"floor":37,"key":"Gambling Chip"},{"floor":41,"key":"The Specimen"},{"floor":43,"key":"Regal Pillow"},{"floor":48,"key":"Blue Candle"},{"floor":55,"key":"Orichalcum"}],"event_choices":[{"damage_healed":0.0,"max_hp_gain":0.0,"max_hp_loss":0.0,"gold_gain":0.0,"event_name":"Shining Light","player_choice":"Entered Light","floor":2.0,"gold_loss":0.0,"damage_taken":20.0,"cards_upgraded":["Strike_G","Defend_G"]},{"damage_healed":0.0,"max_hp_gain":0.0,"max_hp_loss":6.0,"gold_gain":0.0,"event_name":"Golden Idol","player_choice":"Lose Max HP","floor":7.0,"gold_loss":0.0,"damage_taken":0.0,"relics_obtained":["Golden Idol"]},{"damage_healed":0.0,"max_hp_gain":0.0,"max_hp_loss":0.0,"gold_gain":75.0,"event_name":"World of Goop","player_choice":"Gather Gold","floor":13.0,"gold_loss":0.0,"damage_taken":11.0},{"damage_healed":0.0,"max_hp_gain":0.0,"max_hp_loss":0.0,"gold_gain":0.0,"cards_transformed":["Defend_G","Strike_G"],"event_name":"Drug Dealer","player_choice":"Became Test Subject","floor":20.0,"gold_loss":0.0,"damage_taken":0.0,"cards_obtained":["Calculated Gamble","Tools of the Trade"]},{"cards_removed":["Tools of the Trade"],"damage_healed":30.0,"max_hp_gain":10.0,"max_hp_loss":0.0,"gold_gain":0.0,"event_name":"Bonfire Elementals","player_choice":"Offered Rare","floor":28.0,"gold_loss":0.0,"damage_taken":0.0},{"damage_healed":0,"gold_gain":0,"player_choice":"Fight","damage_taken":0,"max_hp_gain":0,"max_hp_loss":0,"event_name":"MindBloom","floor":37,"gold_loss":0},{"damage_healed":0,"gold_gain":0,"player_choice":"Ignored","damage_taken":0,"max_hp_gain":0,"max_hp_loss":0,"event_name":"Tomb of Lord Red Mask","floor":44,"gold_loss":0},{"damage_healed":0,"gold_gain":0,"player_choice":"Memory 3","damage_taken":10,"max_hp_gain":0,"max_hp_loss":0,"event_name":"SensoryStone","floor":45,"gold_loss":0}],"is_beta":false,"boss_relics":[{"not_picked":["Cursed Key","SlaversCollar"],"picked":"Runic Pyramid"},{"not_picked":["Busted Crown","WristBlade"],"picked":"HoveringKite"}],"items_purged_floors":[4,19,36,54],"is_endless":false,"potions_floor_spawned":[5,8,12,16,18,27,29,30,35,37,41,48,55],"ascension_level":20}}