{"host":"kw4o7b3ro2ktmmbe","time":1608190369,"event":{"mods":["BaseMod","Lobotomy","Minty Spire (QoL Compilation)","Treasure Hunter"],"gold_per_floor":[125,135,145,163,176,176,209,209,209,210,223,224,224],"floor_reached":12,"playtime":1959,"items_purged":[],"score":84,"play_id":"18d68976-1500-423b-9795-1b128d4415f0","local_time":"20201217203249","is_ascension_mode":false,"campfire_choices":[],"circlet_count":0,"master_deck":["SpecialBullet","SpecialBullet","SpecialBullet","SpecialBullet","SpecialBullet","SpecialBullet","SpecialBullet","SpecialBullet","SecurityCode","TrainingCode","OSAHOGD","Regret_ego","OldLady","Hornet","Beak","Ecstasy","TH:CopperCoins","TH:DeckOfManyThings","Woodsman"],"relics":["CogitoBucket","Shuriken","Mercury Hourglass"],"acts_visited":["Exordium"],"potions_floor_usage":[],"damage_taken":[{"damage":6.0,"enemies":"Cultist","floor":1.0,"turns":3.0},{"damage":5.0,"enemies":"2 Louse","floor":2.0,"turns":2.0},{"damage":8.0,"enemies":"Small Slimes","floor":3.0,"turns":2.0},{"damage":0.0,"enemies":"2 Fungi Beasts","floor":4.0,"turns":2.0},{"damage":13.0,"enemies":"3 Louse","floor":5.0,"turns":2.0},{"damage":27.0,"enemies":"3 Sentries","floor":7.0,"turns":4.0},{"damage":54.0,"enemies":"Large Slime","floor":10.0,"turns":5.0},{"damage":7.0,"enemies":"Blue Slaver","floor":11.0,"turns":2.0},{"damage":28,"enemies":"Gremlin Nob","floor":12,"turns":3}],"seed_played":"4119820742160114629","potions_obtained":[{"floor":1.0,"key":"SmokeBomb"},{"floor":3.0,"key":"SteroidPotion"},{"floor":5.0,"key":"SkillPotion"}],"is_trial":false,"path_per_floor":["M","M","M","M","M","R","E","R","T","M","M","E"],"character_chosen":"Angela","items_purchased":[],"campfire_rested":0,"item_purchase_floors":[],"current_hp_per_floor":[70,70,70,70,70,70,57,57,57,17,28,0,0],"gold":224,"neow_bonus":"REMOVE_CARD","is_daily":false,"chose_seed":false,"campfire_upgraded":0,"win_rate":0.0,"timestamp":1608190369,"path_taken":["M","M","M","?","?","R","E","R","T","M","M","E"],"items_purchased_type":[],"build_version":"2020-12-13","purchased_purges":0,"victory":false,"max_hp_per_floor":[70,70,70,70,70,70,70,70,70,70,74,74,74],"card_choices":[{"not_picked":["SolemnVow","Penitence"],"picked":"SKIP","floor":1.0},{"not_picked":["OldLady","FairyFestival"],"picked":"OSAHOGD","floor":2.0},{"not_picked":["Loneliness"],"picked":"Regret_ego","floor":2.0},{"not_picked":["QueenBee","ShyLook"],"picked":"OldLady","floor":3.0},{"not_picked":["Moonlight"],"picked":"Hornet","floor":3.0},{"not_picked":["Laetitia_ego"],"picked":"Beak","floor":4.0},{"not_picked":["Regret_ego"],"picked":"Ecstasy","floor":5.0},{"not_picked":["TH:DeckOfManyThings"],"picked":"TH:CopperCoins","floor":7.0},{"not_picked":["DaCapo","Wingbeat"],"picked":"SKIP","floor":7.0},{"not_picked":["TH:BikiniMail"],"picked":"TH:DeckOfManyThings","floor":9.0},{"not_picked":["BlackSwan","Bloodbath"],"picked":"Woodsman","floor":11.0},{"not_picked":["FrostShard","TodaysExpression"],"picked":"SKIP","floor":11.0}],"player_experience":1750063,"relics_obtained":[{"floor":7.0,"key":"Shuriken"},{"floor":9.0,"key":"Mercury Hourglass"}],"event_choices":[],"is_beta":false,"boss_relics":[],"items_purged_floors":[],"is_endless":false,"potions_floor_spawned":[1,3,5],"killed_by":"Gremlin Nob","ascension_level":0}}