{"host":"sum4dy402bbv9y4o","time":1608215630,"event":{"mods":["Aspiration","BaseMod","Conspire","Highlight Path","Minty Spire (QoL Compilation)","StSLib"],"gold_per_floor":[110,110,129,129,404,429,186,206,206,224,257,26,26,43,43,120,120,140,156,172,35,35,35,67,86,113,148,154,154],"floor_reached":28,"playtime":1146,"items_purged":["Regret","Injury"],"score":696,"play_id":"76b4fe69-55ad-476e-a58d-fdc07c1cf788","local_time":"20201217173350","is_ascension_mode":true,"campfire_choices":[{"data":"Eruption","floor":15,"key":"SMITH"},{"data":"Adaptation","floor":23,"key":"SMITH"}],"circlet_count":0,"master_deck":["AscendersBane","Strike_P","Strike_P","Strike_P","Defend_P","Defend_P","Defend_P","Defend_P","Eruption+1","Vigilance","EmptyMind","Perseverance","Weave+1","Wallop+1","Wireheading","Adaptation+1","CutThroughFate+1","Judgement","Weave+1","WheelKick+1","Wallop+1","EmptyBody","BowlingBash+1","TalkToTheHand+1","FearNoEvil+1","FlurryOfBlows+1","Halt"],"relics":["PureWater","NeowsBlessing","Molten Egg 2","Bag of Marbles","Anchor","InkBottle","conspire:TopHat","SlaversCollar","Red Mask","Potion Belt","Meat on the Bone"],"acts_visited":["Exordium","TheCity"],"potions_floor_usage":[10,16,28,28],"damage_taken":[{"damage":0,"enemies":"2 Louse","floor":1,"turns":2},{"damage":0,"enemies":"Cultist","floor":3,"turns":1},{"damage":0,"enemies":"Gremlin Nob","floor":6,"turns":1},{"damage":0,"enemies":"Small Slimes","floor":8,"turns":6},{"damage":12,"enemies":"Exordium Thugs","floor":10,"turns":5},{"damage":20,"enemies":"Lagavulin","floor":11,"turns":6},{"damage":4,"enemies":"Lots of Slimes","floor":14,"turns":3},{"damage":0,"enemies":"Slime Boss","floor":16,"turns":3},{"damage":0,"enemies":"2 Thieves","floor":18,"turns":2},{"damage":0,"enemies":"Spheric Guardian","floor":19,"turns":2},{"damage":0,"enemies":"3 Cultists","floor":20,"turns":3},{"damage":0,"enemies":"Masked Bandits","floor":24,"turns":2},{"damage":0,"enemies":"Chosen and Byrds","floor":25,"turns":3},{"damage":0,"enemies":"Slavers","floor":27,"turns":3},{"damage":60,"enemies":"conspire:MimicChest","floor":28,"turns":7}],"seed_played":"7420392789834245991","potions_obtained":[{"floor":3,"key":"AttackPotion"},{"floor":6,"key":"GamblersBrew"},{"floor":10,"key":"Dexterity Potion"},{"floor":16,"key":"EssenceOfSteel"},{"floor":18,"key":"DuplicationPotion"},{"floor":20,"key":"SkillPotion"}],"is_trial":false,"path_per_floor":["M","?","M","?","?","E","$","M","T","M","E","$","T","M","R","B",null,"M","M","M","$","?","R","?","M","T","E","?"],"character_chosen":"WATCHER","items_purchased":["Wallop+1","Wireheading","PowerPotion","Weave+1","WheelKick+1","FearNoEvil+1","FlurryOfBlows+1"],"campfire_rested":0,"item_purchase_floors":[7,7,7,12,12,21,21],"current_hp_per_floor":[61,61,61,61,61,61,61,61,61,49,29,29,29,25,25,25,57,57,57,57,57,57,57,57,57,57,57,0,0],"gold":154,"neow_bonus":"THREE_ENEMY_KILL","is_daily":false,"chose_seed":false,"campfire_upgraded":2,"win_rate":0.0,"timestamp":1608215630,"path_taken":["M","?","?","?","?","E","$","M","T","?","E","$","?","M","R","BOSS","M","M","?","$","?","R","?","M","T","E","?"],"items_purchased_type":["Card","Card","Potion","Card","Card","Card","Card"],"build_version":"2020-12-13","purchased_purges":2,"victory":false,"max_hp_per_floor":[68,68,68,68,68,68,68,68,68,68,68,68,68,68,68,68,68,68,68,68,68,68,68,68,68,68,68,68,68],"card_choices":[{"not_picked":["PathToVictory","Wireheading"],"picked":"EmptyMind","floor":1},{"not_picked":["FollowUp","DeceiveReality"],"picked":"Perseverance","floor":3},{"not_picked":["Prostrate","InnerPeace"],"picked":"Weave+1","floor":6},{"not_picked":["EmptyFist+1","Halt"],"picked":"Adaptation","floor":8},{"not_picked":["ThirdEye","FlyingSleeves+1"],"picked":"CutThroughFate+1","floor":10},{"not_picked":["LikeWater","PathToVictory"],"picked":"Judgement","floor":11},{"not_picked":["CarveReality+1","Indignation"],"picked":"Wallop+1","floor":14},{"not_picked":["Evaluate","Indignation"],"picked":"EmptyBody","floor":18},{"not_picked":["PathToVictory","Consecrate+1"],"picked":"BowlingBash+1","floor":19},{"not_picked":["Evaluate","LikeWater"],"picked":"TalkToTheHand+1","floor":20},{"not_picked":["Meditate","Study","Fasting2"],"picked":"SKIP","floor":25},{"not_picked":["Devotion","Wallop+1"],"picked":"Halt","floor":27}],"player_experience":2801434,"relics_obtained":[{"floor":6,"key":"Bag of Marbles"},{"floor":9,"key":"Anchor"},{"floor":11,"key":"InkBottle"},{"floor":13,"key":"conspire:TopHat"},{"floor":24,"key":"Red Mask"},{"floor":26,"key":"Potion Belt"},{"floor":27,"key":"Meat on the Bone"}],"event_choices":[{"cards_removed":["Strike_P"],"damage_healed":0,"gold_gain":0,"player_choice":"Offered Basic","damage_taken":0,"max_hp_gain":0,"max_hp_loss":0,"event_name":"Bonfire Elementals","floor":2,"gold_loss":0},{"damage_healed":0,"gold_gain":275,"player_choice":"Desecrate","damage_taken":0,"max_hp_gain":0,"max_hp_loss":0,"event_name":"Golden Shrine","floor":5,"gold_loss":0,"cards_obtained":["Regret"]},{"damage_healed":0,"gold_gain":0,"player_choice":"Ignored","damage_taken":0,"max_hp_gain":0,"max_hp_loss":0,"event_name":"The Mausoleum","floor":22,"gold_loss":0},{"damage_healed":0,"gold_gain":0,"player_choice":"Fought Bandits","damage_taken":0,"max_hp_gain":0,"max_hp_loss":0,"event_name":"Masked Bandits","floor":24,"gold_loss":0}],"is_beta":false,"boss_relics":[{"not_picked":["Coffee Dripper","conspire:SlowCooker"],"picked":"SlaversCollar"}],"items_purged_floors":[7,12],"is_endless":false,"potions_floor_spawned":[3,6,10,16,18,20,25],"killed_by":"conspire:MimicChest","ascension_level":20}}