{"host":"by3dnjj711vo194a","time":1608179965,"event":{"mods":["2.2 Compatiblity","AchievementEnabler","BaseMod","Colored Map","DeckTracker","KOR Keyword Fix","Keyboard Shortcuts","Minty Spire (QoL Compilation)","Permanent Neow","Quick Restart","StSLib","SuperFastMode","everything is the same but u backflip on backflip"],"gold_per_floor":[113,123,123,134,134,134,134,162,187,187,200,230,230,260,260,364,364,377,395,26,45,45,77,94,112,180,180,194,208,208,56,56,155,155,167,186,198,216,216,216,66,83,83,83,83,100,110,126,126,126],"floor_reached":51,"playtime":3352,"items_purged":["Defend_R","Writhe"],"score":815,"play_id":"39009b64-f2b1-40b2-b01a-8e9859723e33","local_time":"20201217133925","is_ascension_mode":true,"campfire_choices":[{"data":"Perfected Strike","floor":6.0,"key":"SMITH"},{"data":"Perfected Strike","floor":10.0,"key":"SMITH"},{"floor":15.0,"key":"REST"},{"data":"Corruption","floor":27.0,"key":"SMITH"},{"data":"Dark Embrace","floor":30.0,"key":"SMITH"},{"floor":32.0,"key":"REST"},{"data":"Magnetism","floor":40.0,"key":"SMITH"},{"floor":45.0,"key":"REST"},{"floor":49,"key":"REST"}],"circlet_count":0,"master_deck":["Strike_R","Strike_R","Strike_R","Strike_R","Strike_R","Defend_R","Defend_R+1","Bash","Perfected Strike+1","Armaments+1","Perfected Strike+1","Offering","Pommel Strike","Immolate","Corruption+1","Dark Embrace+1","Second Wind","Armaments+1","Armaments","Shrug It Off","Offering","Shrug It Off","Metallicize","Finesse","Magnetism+1","Deep Breath","Pommel Strike+1","Sentinel","Warcry"],"relics":["Black Blood","Nunchaku","Blood Vial","Mercury Hourglass","Bottled Lightning","Lizard Tail","Dead Branch","Darkstone Periapt","Blue Candle","Philosopher\u0027s Stone","Toolbox","Molten Egg 2"],"acts_visited":["Exordium","TheCity","TheBeyond"],"potions_floor_usage":[],"damage_taken":[{"damage":13.0,"enemies":"Small Slimes","floor":1.0,"turns":3.0},{"damage":6.0,"enemies":"Cultist","floor":2.0,"turns":4.0},{"damage":7.0,"enemies":"Jaw Worm","floor":4.0,"turns":3.0},{"damage":16.0,"enemies":"Lagavulin","floor":8.0,"turns":6.0},{"damage":8.0,"enemies":"Blue Slaver","floor":11.0,"turns":3.0},{"damage":9.0,"enemies":"3 Sentries","floor":12.0,"turns":4.0},{"damage":16.0,"enemies":"Lagavulin","floor":14.0,"turns":4.0},{"damage":0.0,"enemies":"Slime Boss","floor":16.0,"turns":4.0},{"damage":24.0,"enemies":"Shell Parasite","floor":18.0,"turns":3.0},{"damage":13.0,"enemies":"Chosen","floor":19.0,"turns":3.0},{"damage":28.0,"enemies":"Centurion and Healer","floor":21.0,"turns":5.0},{"damage":38.0,"enemies":"Gremlin Leader","floor":23.0,"turns":7.0},{"damage":20.0,"enemies":"Snecko","floor":24.0,"turns":4.0},{"damage":25.0,"enemies":"Snake Plant","floor":25.0,"turns":3.0},{"damage":6.0,"enemies":"Centurion and Healer","floor":28.0,"turns":5.0},{"damage":27.0,"enemies":"Chosen and Byrds","floor":29.0,"turns":5.0},{"damage":49.0,"enemies":"Automaton","floor":33.0,"turns":10.0},{"damage":13.0,"enemies":"Orb Walker","floor":35.0,"turns":2.0},{"damage":16.0,"enemies":"3 Shapes","floor":36.0,"turns":4.0},{"damage":12.0,"enemies":"3 Darklings","floor":37.0,"turns":4.0},{"damage":52.0,"enemies":"Transient","floor":38.0,"turns":5.0},{"damage":30.0,"enemies":"Sphere and 2 Shapes","floor":42.0,"turns":3.0},{"damage":23.0,"enemies":"3 Darklings","floor":46.0,"turns":4.0},{"damage":24.0,"enemies":"Maw","floor":47.0,"turns":6.0},{"damage":12,"enemies":"Transient","floor":48,"turns":5},{"damage":54,"enemies":"Donu and Deca","floor":50,"turns":6}],"seed_played":"-709318303047280998","potions_obtained":[{"floor":1.0,"key":"AttackPotion"},{"floor":2.0,"key":"Swift Potion"},{"floor":3.0,"key":"DistilledChaos"},{"floor":3.0,"key":"CultistPotion"},{"floor":11.0,"key":"HeartOfIron"},{"floor":18.0,"key":"GamblersBrew"},{"floor":24.0,"key":"LiquidMemories"},{"floor":25.0,"key":"BloodPotion"},{"floor":28.0,"key":"BlessingOfTheForge"},{"floor":33.0,"key":"Explosive Potion"},{"floor":35.0,"key":"FearPotion"},{"floor":36.0,"key":"AttackPotion"},{"floor":37.0,"key":"FairyPotion"},{"floor":48,"key":"BlessingOfTheForge"}],"is_trial":false,"path_per_floor":["M","M","?","M","?","R","$","E","T","R","M","E","?","E","R","B",null,"M","M","$","M","?","E","M","M","T","R","M","M","R","$","R","B",null,"M","M","M","M","?","R","$","M","T","?","R","M","M","M","R","B",null],"character_chosen":"IRONCLAD","items_purchased":["Lizard Tail","Shrug It Off","Toolbox"],"campfire_rested":4,"item_purchase_floors":[20,31,41],"current_hp_per_floor":[73,73,73,72,56,56,56,46,46,46,46,45,38,30,54,62,80,68,69,69,55,55,31,25,14,14,14,22,25,25,25,49,14,80,79,76,78,40,30,30,30,14,14,14,38,29,19,21,45,36],"gold":126,"neow_bonus":"THREE_CARDS","is_daily":false,"chose_seed":false,"campfire_upgraded":5,"win_rate":0.0,"timestamp":1608179965,"path_taken":["M","M","?","?","?","R","$","E","T","R","M","E","?","E","R","BOSS","M","M","$","M","?","E","M","M","T","R","M","M","R","?","R","BOSS","M","M","M","M","?","R","$","M","T","?","R","M","M","M","R","BOSS"],"items_purchased_type":["Relic","Card","Relic"],"build_version":"2020-12-13","purchased_purges":2,"victory":true,"max_hp_per_floor":[80,80,80,80,80,80,80,80,80,80,80,80,80,80,80,80,80,80,80,80,80,80,80,80,80,80,80,80,80,80,80,80,80,80,80,80,80,80,80,80,80,80,80,80,80,80,80,80,80,80],"card_choices":[{"not_picked":["Feel No Pain","Clothesline"],"picked":"Perfected Strike","floor":0.0},{"not_picked":["Whirlwind","Blood for Blood"],"picked":"Armaments","floor":1.0},{"not_picked":["Shrug It Off","Clothesline"],"picked":"Perfected Strike","floor":2.0},{"not_picked":["Clash","Anger"],"picked":"Offering","floor":4.0},{"not_picked":["Twin Strike","True Grit"],"picked":"Pommel Strike","floor":8.0},{"not_picked":["Flex","Blood for Blood","Headbutt"],"picked":"SKIP","floor":11.0},{"not_picked":["Anger","Headbutt","Blood for Blood"],"picked":"SKIP","floor":12.0},{"not_picked":["Headbutt","Iron Wave"],"picked":"Immolate","floor":14.0},{"not_picked":["Exhume","Offering"],"picked":"Corruption","floor":16.0},{"not_picked":["Heavy Blade+1","True Grit+1","Sword Boomerang"],"picked":"SKIP","floor":18.0},{"not_picked":["Seeing Red+1","Twin Strike"],"picked":"Dark Embrace","floor":19.0},{"not_picked":["Anger","Twin Strike"],"picked":"Second Wind","floor":21.0},{"not_picked":["Reaper","Anger+1","Headbutt"],"picked":"SKIP","floor":23.0},{"not_picked":["Iron Wave","Headbutt"],"picked":"Armaments+1","floor":24.0},{"not_picked":["Combust","Cleave"],"picked":"Armaments","floor":25.0},{"not_picked":["Headbutt","Uppercut","Carnage+1"],"picked":"SKIP","floor":28.0},{"not_picked":["Bloodletting","Immolate","Dark Embrace"],"picked":"SKIP","floor":29.0},{"not_picked":["Brutality","Feed"],"picked":"Offering","floor":33.0},{"not_picked":["Headbutt","Cleave","Thunderclap+1"],"picked":"SKIP","floor":35.0},{"not_picked":["Sever Soul","Sword Boomerang"],"picked":"Shrug It Off","floor":36.0},{"not_picked":["Thunderclap+1","Ghostly Armor"],"picked":"Metallicize","floor":37.0},{"not_picked":["Combust","Iron Wave+1","Cleave+1"],"picked":"SKIP","floor":38.0},{"not_picked":["The Bomb","Metamorphosis"],"picked":"Finesse","floor":39.0},{"not_picked":["PanicButton","Violence"],"picked":"Magnetism","floor":39.0},{"not_picked":["Discovery","Good Instincts"],"picked":"Deep Breath","floor":39.0},{"not_picked":["Hemokinesis+1","Anger"],"picked":"Pommel Strike+1","floor":42.0},{"not_picked":["Thunderclap+1","Inflame","Body Slam+1"],"picked":"SKIP","floor":46.0},{"not_picked":["Headbutt+1","Body Slam+1"],"picked":"Sentinel","floor":47.0},{"not_picked":["Uppercut+1","Dark Embrace+1"],"picked":"Warcry","floor":48}],"player_experience":130136,"relics_obtained":[{"floor":8.0,"key":"Nunchaku"},{"floor":9.0,"key":"Blood Vial"},{"floor":12.0,"key":"Mercury Hourglass"},{"floor":14.0,"key":"Bottled Lightning"},{"floor":23.0,"key":"Darkstone Periapt"},{"floor":26.0,"key":"Blue Candle"},{"floor":43.0,"key":"Molten Egg 2"}],"event_choices":[{"damage_healed":0.0,"max_hp_gain":0.0,"max_hp_loss":0.0,"gold_gain":0.0,"event_name":"Lab","player_choice":"Got Potions","floor":3.0,"gold_loss":0.0,"damage_taken":0.0},{"damage_healed":0.0,"max_hp_gain":0.0,"max_hp_loss":0.0,"gold_gain":0.0,"event_name":"Shining Light","player_choice":"Entered Light","floor":5.0,"gold_loss":0.0,"damage_taken":16.0,"cards_upgraded":["Armaments","Defend_R"]},{"cards_removed":["Defend_R"],"damage_healed":0.0,"max_hp_gain":0.0,"max_hp_loss":0.0,"gold_gain":0.0,"event_name":"Golden Wing","player_choice":"Card Removal","floor":13.0,"gold_loss":0.0,"damage_taken":7.0},{"damage_healed":0.0,"max_hp_gain":0.0,"max_hp_loss":0.0,"gold_gain":0.0,"event_name":"The Mausoleum","player_choice":"Opened","floor":22.0,"gold_loss":0.0,"damage_taken":0.0,"relics_obtained":["Dead Branch"],"cards_obtained":["Writhe"]},{"damage_healed":0.0,"max_hp_gain":0.0,"max_hp_loss":0.0,"gold_gain":0.0,"event_name":"SensoryStone","player_choice":"Memory 3","floor":39.0,"gold_loss":0.0,"damage_taken":10.0},{"damage_healed":0.0,"max_hp_gain":0.0,"max_hp_loss":0.0,"gold_gain":0.0,"event_name":"Tomb of Lord Red Mask","player_choice":"Ignored","floor":44.0,"gold_loss":0.0,"damage_taken":0.0}],"is_beta":false,"boss_relics":[{"not_picked":["Cursed Key","Ectoplasm"],"picked":"Black Blood"},{"not_picked":["Pandora\u0027s Box","Empty Cage"],"picked":"Philosopher\u0027s Stone"}],"items_purged_floors":[20,31],"is_endless":false,"potions_floor_spawned":[1,2,11,18,24,25,28,33,35,36,37,48],"ascension_level":2}}