{"host":"uwh382mre4waz4ff","time":1608218600,"event":{"mods":["AchievementEnabler","BaseMod","Better Note","Better Third Choice","BetterRewards","Downfall","Highlight Path","HololiveMod","Minty Spire (QoL Compilation)","Shop Mod","StSLib"],"gold_per_floor":[116,127,145,145,145,175,175,175,200,216,227,402,412,392,392,392,392],"floor_reached":16,"playtime":768,"items_purged":[],"score":112,"play_id":"9f5242d7-5106-42cf-a001-a0a5e594a149","local_time":"20201217232320","is_ascension_mode":false,"campfire_choices":[{"floor":7,"key":"REST"},{"floor":15,"key":"REST"}],"circlet_count":0,"master_deck":["Strike_B","Strike_B+1","Strike_B","Strike_B","Defend_B+1","Defend_B","Defend_B","Defend_B","Zap","Dualcast","Doubt"],"relics":["Snecko Eye","Boot","Smiling Mask","Anchor","betterThird:SlimedRelic"],"acts_visited":["Exordium"],"potions_floor_usage":[6,6,8,13,16],"damage_taken":[{"damage":0,"enemies":"2 Louse","floor":1,"turns":3},{"damage":4,"enemies":"Jaw Worm","floor":2,"turns":4},{"damage":2,"enemies":"Small Slimes","floor":3,"turns":5},{"damage":24,"enemies":"Lagavulin","floor":6,"turns":8},{"damage":0,"enemies":"3 Sentries","floor":8,"turns":1},{"damage":0,"enemies":"Blue Slaver","floor":10,"turns":2},{"damage":5,"enemies":"Looter","floor":11,"turns":3},{"damage":5,"enemies":"Exordium Thugs","floor":13,"turns":6},{"damage":48,"enemies":"The Guardian","floor":16,"turns":10}],"seed_played":"7082862076897331163","potions_obtained":[{"floor":2,"key":"SpeedPotion"},{"floor":3,"key":"Weak Potion"},{"floor":6,"key":"SmokeBomb"},{"floor":11,"key":"Fire Potion"},{"floor":13,"key":"sneckomod:MuddlingPotion"}],"is_trial":false,"path_per_floor":["M","M","M","?","?","E","R","E","T","M","M","?","M","?","R","B"],"character_chosen":"DEFECT","items_purchased":[],"campfire_rested":2,"item_purchase_floors":[],"current_hp_per_floor":[75,71,69,62,47,23,45,45,45,45,40,40,35,24,46,0,0],"gold":392,"neow_bonus":"BOSS_RELIC","is_daily":false,"chose_seed":false,"campfire_upgraded":0,"win_rate":0.0,"timestamp":1608218600,"path_taken":["M","M","M","?","?","E","R","E","T","M","M","?","M","?","R","BOSS"],"items_purchased_type":[],"build_version":"2020-12-13","purchased_purges":0,"victory":false,"max_hp_per_floor":[75,75,75,75,75,75,75,75,75,75,75,75,75,75,75,75,75],"card_choices":[{"not_picked":["Rebound","Fusion","Hologram"],"picked":"SKIP","floor":1},{"not_picked":["Blizzard","Reprogram","Cold Snap"],"picked":"SKIP","floor":2},{"not_picked":["Storm","Stack","Rip and Tear"],"picked":"SKIP","floor":3},{"not_picked":["Go for the Eyes","Hologram","Leap"],"picked":"SKIP","floor":6},{"not_picked":["Leap","Gash","Redo"],"picked":"SKIP","floor":10},{"not_picked":["Heatsinks","Amplify","Hologram"],"picked":"SKIP","floor":11},{"not_picked":["Compile Driver","Coolheaded","Rebound"],"picked":"SKIP","floor":13}],"player_experience":121659,"relics_obtained":[{"floor":6,"key":"Smiling Mask"},{"floor":9,"key":"Anchor"}],"event_choices":[{"damage_healed":0,"gold_gain":0,"player_choice":"Relic ","damage_taken":7,"max_hp_gain":0,"max_hp_loss":0,"event_name":"betterThird:BetterScrap","floor":4,"gold_loss":0,"cards_obtained":["Limit Break"]},{"damage_healed":62,"gold_gain":0,"player_choice":"Upgrade","damage_taken":15,"max_hp_gain":0,"max_hp_loss":75,"event_name":"betterThird:BetterShining","floor":5,"gold_loss":0,"cards_upgraded":["Defend_B","Strike_B"]},{"damage_healed":0,"gold_gain":175,"player_choice":"AGREE","damage_taken":227,"max_hp_gain":0,"max_hp_loss":0,"event_name":"betterThird:BetterSerpent","floor":12,"gold_loss":0},{"damage_healed":0,"gold_gain":0,"player_choice":"Slimed","damage_taken":11,"max_hp_gain":0,"max_hp_loss":0,"event_name":"betterThird:BetterGoop","floor":14,"gold_loss":20}],"is_beta":false,"boss_relics":[],"items_purged_floors":[],"is_endless":false,"potions_floor_spawned":[2,3,6,11,13],"killed_by":"The Guardian","ascension_level":0}}