{"host":"do5be0rrwzdbe7ng","time":1608173271,"event":{"mods":["AchievementEnabler","BaseMod","Colored Map","Colored Powertips","Custom Start","DeckTracker","Keyboard Shortcuts","Minty Spire (QoL Compilation)","Quick Restart","StSLib","SuperFastMode","everything is the same but u backflip on backflip"],"gold_per_floor":[115,165,90,102,116,145,145,70,150,166,166,204,279,279,279],"floor_reached":14,"playtime":218,"items_purged":["Strike_B"],"score":186,"play_id":"65049ba8-776f-4fd7-aad6-e10c6c690501","local_time":"20201217114751","is_ascension_mode":true,"campfire_choices":[{"data":"Zap","floor":11,"key":"SMITH"}],"circlet_count":0,"master_deck":["AscendersBane","Strike_B","Strike_B","Defend_B","Defend_B","Defend_B","Defend_B","Zap+1","Dualcast","Sweeping Beam","Ball Lightning","Reinforced Body"],"relics":["Cracked Core","NeowsBlessing","Toy Ornithopter","Golden Idol","Toxic Egg 2","Boot"],"acts_visited":["Exordium"],"potions_floor_usage":[12,14],"damage_taken":[{"damage":0.0,"enemies":"Small Slimes","floor":1.0,"turns":1.0},{"damage":0,"enemies":"Cultist","floor":4,"turns":1},{"damage":0,"enemies":"Jaw Worm","floor":5,"turns":1},{"damage":11,"enemies":"Gremlin Nob","floor":6,"turns":3},{"damage":11,"enemies":"Blue Slaver","floor":10,"turns":4},{"damage":2,"enemies":"Lagavulin","floor":12,"turns":5},{"damage":0,"enemies":"3 Sentries","floor":14,"turns":2}],"seed_played":"-3382829933931786755","potions_obtained":[{"floor":6,"key":"ColorlessPotion"},{"floor":10,"key":"Energy Potion"},{"floor":12,"key":"ColorlessPotion"}],"is_trial":false,"path_per_floor":["M","?","$","M","M","E","?","?","T","M","R","E","?","E"],"character_chosen":"DEFECT","items_purchased":[],"campfire_rested":0,"item_purchase_floors":[],"current_hp_per_floor":[64,57,57,57,57,46,46,46,46,35,35,38,27,32,32],"gold":279,"neow_bonus":"THREE_ENEMY_KILL","is_daily":false,"chose_seed":false,"campfire_upgraded":1,"win_rate":0.0,"timestamp":1608173271,"path_taken":["M","?","$","M","?","E","?","?","T","M","R","E","?","E"],"items_purchased_type":[],"build_version":"2020-12-13","purchased_purges":1,"victory":false,"max_hp_per_floor":[71,71,71,71,71,71,64,64,64,64,64,64,64,64,64],"card_choices":[{"not_picked":["Turbo","Rip and Tear"],"picked":"Sweeping Beam","floor":1.0},{"not_picked":["Hello World","Turbo","BootSequence"],"picked":"SKIP","floor":4},{"not_picked":["Barrage","Steam"],"picked":"Ball Lightning","floor":5},{"not_picked":["Redo","Turbo"],"picked":"Reinforced Body","floor":6},{"not_picked":["Hologram+1","Steam+1","Compile Driver"],"picked":"SKIP","floor":10},{"not_picked":["Stack+1","Ball Lightning","Barrage"],"picked":"SKIP","floor":12}],"player_experience":344053,"relics_obtained":[{"floor":6,"key":"Toy Ornithopter"},{"floor":9,"key":"Toxic Egg 2"},{"floor":12,"key":"Boot"}],"event_choices":[{"damage_healed":0,"gold_gain":50,"player_choice":"Touch","damage_taken":7,"max_hp_gain":0,"max_hp_loss":0,"event_name":"FaceTrader","floor":2,"gold_loss":0},{"damage_healed":0,"gold_gain":0,"player_choice":"Lose Max HP","damage_taken":0,"relics_obtained":["Golden Idol"],"max_hp_gain":0,"max_hp_loss":7,"event_name":"Golden Idol","floor":7,"gold_loss":0},{"cards_removed":["Strike_B"],"damage_healed":0,"gold_gain":0,"player_choice":"Card Removal","damage_taken":0,"max_hp_gain":0,"max_hp_loss":0,"event_name":"The Cleric","floor":8,"gold_loss":75},{"damage_healed":0,"gold_gain":75,"player_choice":"Gather Gold","damage_taken":11,"max_hp_gain":0,"max_hp_loss":0,"event_name":"World of Goop","floor":13,"gold_loss":0}],"is_beta":false,"boss_relics":[],"items_purged_floors":[3],"is_endless":false,"potions_floor_spawned":[6,10,12],"killed_by":"3 Sentries","ascension_level":18}}