{"host":"ad1lywlk73qplbjq","time":1608241442,"event":{"mods":["AchievementEnabler","BaseMod","Curses Come First","Downfall","Minty Spire (QoL Compilation)","StSLib","The Necromancer"],"gold_per_floor":[99,131,131,162,162,162,236,254,267,267,279,354,354,374,387,486,486,486,506,526,526,526,526],"floor_reached":22,"playtime":1350,"items_purged":[],"score":244,"play_id":"67f5a5f2-4aed-4f79-8bca-8a6e4ad436f4","local_time":"20201217224402","is_ascension_mode":false,"campfire_choices":[{"data":"Slimebound:Split","floor":1.0,"key":"SMITH"},{"data":"Slimebound:SplitBruiser","floor":3.0,"key":"SMITH"},{"data":"Slimebound:SplitAcid","floor":6.0,"key":"SMITH"},{"data":"Slimebound:RainOfGoop","floor":10.0,"key":"SMITH"},{"data":"Slimebound:WasteNot","floor":18,"key":"SMITH"}],"circlet_count":0,"master_deck":["Slimebound:Strike_Slimebound","Slimebound:Strike_Slimebound","Slimebound:Strike_Slimebound","Slimebound:Tackle","Slimebound:Defend_Slimebound","Slimebound:Defend_Slimebound","Slimebound:Defend_Slimebound","Slimebound:Defend_Slimebound","Slimebound:Split+1","Slimebound:CorrosiveSpit","Slimebound:SplitBruiser+1","Slimebound:LeechLife","Slimebound:SplitAcid+1","Slimebound:RainOfGoop+1","Slimebound:LivingWall","Slimebound:FormOfPuddle","Slimebound:Split","Slimebound:HauntingLick","Slimebound:HauntingLick","Slimebound:WasteNot+1","Slimebound:LivingWall+1","Slimebound:LivingWall"],"relics":["Slimebound:AbsorbEndCombat","downfall:HeartsMalice","Blue Candle","Boot","Cursed Key","Enchiridion"],"acts_visited":["Exordium","TheCity"],"potions_floor_usage":[19,20,22],"damage_taken":[{"damage":0.0,"enemies":"3 Sentries","floor":2.0,"turns":1.0},{"damage":0.0,"enemies":"Lagavulin","floor":4.0,"turns":1.0},{"damage":0.0,"enemies":"2 Louse","floor":5.0,"turns":1.0},{"damage":18.0,"enemies":"Cultist","floor":8.0,"turns":3.0},{"damage":18.0,"enemies":"Jaw Worm","floor":9.0,"turns":2.0},{"damage":19.0,"enemies":"3 Louse","floor":11.0,"turns":4.0},{"damage":12.0,"enemies":"2 Fungi Beasts","floor":14.0,"turns":2.0},{"damage":18.0,"enemies":"Exordium Wildlife","floor":15.0,"turns":3.0},{"damage":66,"enemies":"downfall:Silent","floor":16,"turns":8},{"damage":12,"enemies":"Chosen","floor":19,"turns":3},{"damage":20,"enemies":"Shell Parasite","floor":20,"turns":4},{"damage":56,"enemies":"Gremlin Leader","floor":22,"turns":6}],"seed_played":"2363654091623615156","potions_obtained":[{"floor":8.0,"key":"LiquidBronze"},{"floor":9.0,"key":"GamblersBrew"},{"floor":14.0,"key":"hexamod:EctoCoolerPotion"},{"floor":16,"key":"Slimebound:ThreeZeroPotion"},{"floor":19,"key":"Swift Potion"}],"is_trial":false,"path_per_floor":["R","E","R","E","M","R","T","M","M","R","M","?","?","M","M","B",null,"R","M","M","?","E"],"character_chosen":"SLIMEBOUND","items_purchased":[],"campfire_rested":0,"item_purchase_floors":[],"current_hp_per_floor":[60,60,60,60,60,60,60,54,60,60,60,60,60,60,60,49,60,60,60,57,41,0,0],"gold":526,"neow_bonus":"THREE_ENEMY_KILL","is_daily":false,"chose_seed":false,"campfire_upgraded":5,"win_rate":0.0,"timestamp":1608241442,"path_taken":["R","E","R","E","M","R","T","M","M","R","M","?","?","?","M","BOSS","R","M","M","?","E"],"items_purchased_type":[],"build_version":"2020-12-13","purchased_purges":0,"victory":false,"max_hp_per_floor":[60,60,60,60,60,60,60,60,60,60,60,60,60,60,60,60,60,60,60,60,60,60,60],"card_choices":[{"not_picked":["Slimebound:SplitLeeching","Slimebound:RollThrough"],"picked":"Slimebound:SplitBruiser","floor":2.0},{"not_picked":["Slimebound:PressTheAttack","Slimebound:DisruptingSlam"],"picked":"Slimebound:LeechLife","floor":4.0},{"not_picked":["Slimebound:SamplingLick","Slimebound:RollThrough"],"picked":"Slimebound:SplitAcid","floor":5.0},{"not_picked":["Slimebound:HauntingLick","Slimebound:SplitMire"],"picked":"Slimebound:RainOfGoop","floor":8.0},{"not_picked":["Slimebound:SamplingLick","Slimebound:Equalize"],"picked":"Slimebound:LivingWall","floor":9.0},{"not_picked":["Slimebound:RollThrough","Slimebound:ComboTackle"],"picked":"Slimebound:FormOfPuddle","floor":11.0},{"not_picked":["Slimebound:SplitBruiser","Slimebound:LevelUp"],"picked":"Slimebound:HauntingLick","floor":14.0},{"not_picked":["Slimebound:FirmFortitude","Slimebound:Replication"],"picked":"Slimebound:HauntingLick","floor":15},{"not_picked":["Slimebound:RallyTheTroops","Slimebound:DuplicatedForm"],"picked":"Slimebound:WasteNot","floor":16},{"not_picked":["Slimebound:GoopSpray+1","Slimebound:RollThrough"],"picked":"Slimebound:LivingWall+1","floor":19},{"not_picked":["Slimebound:ProtectTheBoss","Slimebound:SlimeSpikes"],"picked":"Slimebound:LivingWall","floor":20}],"player_experience":186292,"relics_obtained":[{"floor":2.0,"key":"Blue Candle"},{"floor":4.0,"key":"Boot"},{"floor":21,"key":"Enchiridion"}],"event_choices":[],"is_beta":false,"boss_relics":[{"not_picked":["Empty Cage","Fusion Hammer"],"picked":"Cursed Key"}],"items_purged_floors":[],"is_endless":false,"potions_floor_spawned":[8,9,14,16,19],"killed_by":"Gremlin Leader","ascension_level":0}}