{"host":"erxdo5czqejbiu49","time":1608167815,"event":{"mods":["Act Like it!","Aspiration","BaseMod","Better Third Choice","Conspire","Downfall-Rebalance","Elementarium","Hermit","Hubris","Minty Spire (QoL Compilation)","Replay The Spire","Shop Mod","StSLib","The Hierophant"],"gold_per_floor":[118,118,118,31,45,75,85,96,96,115,138,138,163,180,180,278,278,295,398,412,49,68,68,68,68,68,95,110,124,185,205,205,302,302,312,331,349,192,209,209,229,229,229,229,229,229,239,21,21,21,21],"floor_reached":50,"playtime":6104,"items_purged":[],"score":576,"play_id":"79d8f1a9-3c2d-4781-ae90-2e0f5a261bc0","local_time":"20201216201655","is_ascension_mode":false,"campfire_choices":[{"data":"hermit:EternalForm","floor":12.0,"key":"SMITH"},{"floor":15.0,"key":"REST"},{"floor":23.0,"key":"REST"},{"floor":25.0,"key":"REST"},{"floor":32,"key":"DIG"},{"floor":40,"key":"REST"},{"floor":42,"key":"REST"},{"floor":44,"key":"REST"},{"data":"hermit:TakeAim","floor":49,"key":"SMITH"}],"circlet_count":0,"master_deck":["hermit:Strike_Hermit","hermit:Strike_Hermit","hermit:Strike_Hermit","hermit:Strike_Hermit","hermit:Defend_Hermit","hermit:Defend_Hermit","hermit:Defend_Hermit+1","hermit:Defend_Hermit","hermit:Snapshot+1","hermit:Covet+1","hermit:ItchyTrigger","hermit:GoldenBullet","hermit:Ricochet","hermit:CalledShot","hermit:CalledShot","hermit:Coalescence","hermit:Dive","hermit:EternalForm+1","hermit:Headshot","hermit:Cheat","hermit:Headshot","hermit:HighNoon+1","hermit:Dive","hermit:Enervate","hermit:Misfire","hermit:Feint+1","hermit:Combo","hermit:EyeOfTheStorm","hermit:Gestalt","hermit:Deadeye","hermit:BodyArmor","hermit:Ricochet","hermit:Feint","ReplayTheSpireMod:Splinters","hermit:Vantage+1","hermit:Purgatory","hermit:Feint+1","hermit:FlashPowder+1","hermit:Dive+1","hermit:Malice","hermit:Malice","hermit:Gambit+1","hermit:Snipe+1","hermit:TrackingShot","hermit:TakeAim+1"],"relics":["hermit:ClaspedLocket","NeowsBlessing","hubris:BundleOfHerbs","Sozu","Replay:Bronze Core","Ring of Chaos","MerchantsRug","Onion Ring","Boot","ReplayTheSpireMod:CursedCoin","Shuriken","Bag of Marbles","Elementarium:ElementariumTrophy","Sling","Iron Hammer","hermit:RyeStalk","hubris:Icosahedron","Guide Book"],"acts_visited":["Exordium","Elementarium:Elementarium","TheBeyond"],"potions_floor_usage":[],"damage_taken":[{"damage":0.0,"enemies":"2 Louse","floor":1.0,"turns":1.0},{"damage":0.0,"enemies":"Jaw Worm","floor":5.0,"turns":1.0},{"damage":0.0,"enemies":"Lagavulin","floor":6.0,"turns":1.0},{"damage":10.0,"enemies":"Cultist","floor":7.0,"turns":4.0},{"damage":10.0,"enemies":"Looter","floor":8.0,"turns":3.0},{"damage":3.0,"enemies":"Gremlin Gang","floor":10.0,"turns":4.0},{"damage":9.0,"enemies":"3 Sentries","floor":13.0,"turns":7.0},{"damage":12.0,"enemies":"3 Louse","floor":14.0,"turns":3.0},{"damage":72.0,"enemies":"The Guardian","floor":16.0,"turns":11.0},{"damage":32.0,"enemies":"Elementarium:VoidCorruption","floor":18.0,"turns":5.0},{"damage":15.0,"enemies":"Elementarium:MUD_AND_TAR_GOLEMS","floor":20.0,"turns":5.0},{"damage":10.0,"enemies":"Elementarium:3_ELEMENTALS","floor":22.0,"turns":5.0},{"damage":18.0,"enemies":"Elementarium:FIRE_NOBILITY","floor":27.0,"turns":4.0},{"damage":5,"enemies":"Elementarium:VOID_CORRUPTION_AND_TAR_GOLEM","floor":28,"turns":7},{"damage":17,"enemies":"Elementarium:Hydrostalker","floor":29,"turns":6},{"damage":4,"enemies":"Elementarium:CYCLONE_AND_ORB_OF_FIRE","floor":31,"turns":4},{"damage":2,"enemies":"Elementarium:GolemEmperor","floor":33,"turns":7},{"damage":2,"enemies":"Orb Walker","floor":35,"turns":2},{"damage":25,"enemies":"3 Shapes","floor":36,"turns":5},{"damage":11,"enemies":"Sphere and 2 Shapes","floor":37,"turns":5},{"damage":29,"enemies":"Jaw Worm Horde","floor":39,"turns":6},{"damage":22,"enemies":"Spire Growth","floor":41,"turns":5},{"damage":31,"enemies":"3 Darklings","floor":47,"turns":8},{"damage":65,"enemies":"Time Eater","floor":50,"turns":7}],"seed_played":"1890219115817428730","potions_obtained":[{"floor":5.0,"key":"Venom Potion"},{"floor":7.0,"key":"FearPotion"},{"floor":14.0,"key":"Dexterity Potion"},{"floor":16.0,"key":"LiquidMemories"}],"is_trial":false,"path_per_floor":["M","?","?","$","M","E","M","M","T","M","T","R","E","M","R","B",null,"M","?","M","$","M","R","?","R","T","E","M","M","$","M","R","B",null,"M","M","M","$","M","R","M","R","T","R","T","?","M","$","R","B"],"character_chosen":"HERMIT","items_purchased":["hermit:GoldenBullet","hermit:Ricochet","MerchantsRug","Onion Ring","hermit:EyeOfTheStorm","ReplayTheSpireMod:CursedCoin","Shuriken","Bag of Marbles","Sling","hermit:Malice","Guide Book","hermit:TakeAim"],"campfire_rested":6,"item_purchase_floors":[4,4,21,21,21,30,30,30,38,38,48,48],"current_hp_per_floor":[75,75,75,75,75,75,65,55,55,52,52,52,43,31,53,17,75,43,43,28,28,18,40,40,62,62,49,44,27,27,47,47,45,75,73,48,37,37,8,30,8,30,30,52,52,52,51,51,51,0,0],"gold":21,"neow_bonus":"THREE_ENEMY_KILL","is_daily":false,"chose_seed":false,"campfire_upgraded":2,"win_rate":0.0,"timestamp":1608167815,"path_taken":["M","?","?","$","M","E","M","M","T","M","?","R","E","M","R","BOSS","M","?","M","$","?","R","?","R","T","E","M","?","?","M","R","BOSS","M","M","M","$","M","R","M","R","T","R","?","?","M","$","R","BOSS"],"items_purchased_type":["Card","Card","Relic","Relic","Card","Relic","Relic","Relic","Relic","Card","Relic","Card"],"build_version":"2020-12-13","purchased_purges":0,"victory":false,"max_hp_per_floor":[75,75,75,75,75,75,75,75,75,75,75,75,75,75,75,75,75,75,75,75,75,75,75,75,75,75,75,75,75,75,75,75,75,75,75,75,75,75,75,75,75,75,75,75,75,75,75,75,75,75,75],"card_choices":[{"not_picked":["hermit:Manifest","hermit:Coalescence"],"picked":"hermit:ItchyTrigger","floor":1.0},{"not_picked":["hermit:DeadMansHand","hermit:Grudge"],"picked":"hermit:CalledShot","floor":5.0},{"not_picked":["hermit:Manifest","hermit:Determination"],"picked":"hermit:CalledShot","floor":6.0},{"not_picked":["hermit:Glare","hermit:HoleUp"],"picked":"hermit:Coalescence","floor":7.0},{"not_picked":["hermit:SprayPray","hermit:Showdown"],"picked":"hermit:Dive","floor":8.0},{"not_picked":["hermit:HeroicBravado","hermit:Purgatory"],"picked":"hermit:EternalForm","floor":9.0},{"not_picked":["hermit:Gestalt","hermit:Malice"],"picked":"hermit:Headshot","floor":10.0},{"not_picked":["hermit:FromBeyond","hermit:Feint"],"picked":"hermit:Cheat","floor":13.0},{"not_picked":["hermit:FullyLoaded","hermit:Snipe"],"picked":"hermit:Headshot","floor":14.0},{"not_picked":["hermit:DeadOrAlive","hermit:Reprieve"],"picked":"hermit:HighNoon","floor":16.0},{"not_picked":["hermit:Feint","hermit:SprayPray"],"picked":"hermit:Dive","floor":18.0},{"not_picked":["hermit:Snipe","hermit:ShadowCloak+1"],"picked":"hermit:Enervate","floor":19.0},{"not_picked":["hermit:CalledShot","hermit:Glare"],"picked":"hermit:Misfire","floor":19.0},{"not_picked":["hermit:ItchyTrigger","hermit:BlackWind"],"picked":"hermit:Feint+1","floor":19.0},{"not_picked":["hermit:Determination","hermit:GoldenBullet"],"picked":"hermit:Combo","floor":20.0},{"not_picked":["hermit:FullyLoaded","hermit:Cheat+1"],"picked":"hermit:Gestalt","floor":22.0},{"not_picked":["hermit:ItchyTrigger","hermit:Gambit"],"picked":"hermit:BodyArmor","floor":27.0},{"not_picked":["hermit:Spite+1","hermit:Determination"],"picked":"hermit:Ricochet","floor":28},{"not_picked":["hermit:GoldenBullet","hermit:Misfire+1"],"picked":"hermit:Feint","floor":29},{"not_picked":["hermit:LowProfile","hermit:LuckOfTheDraw+1"],"picked":"hermit:Vantage+1","floor":31},{"not_picked":["hermit:FromBeyond","hermit:DeadOrAlive"],"picked":"hermit:Purgatory","floor":33},{"not_picked":["hermit:WideOpen","hermit:Roulette"],"picked":"hermit:Feint+1","floor":35},{"not_picked":["hermit:Vantage","hermit:SprayPray+1"],"picked":"hermit:FlashPowder+1","floor":36},{"not_picked":["hermit:ItchyTrigger+1","hermit:BodyArmor+1"],"picked":"hermit:Dive+1","floor":37},{"not_picked":["hermit:SprayPray+1","hermit:Manifest+1"],"picked":"hermit:Gambit","floor":39},{"not_picked":["hermit:Glare","hermit:Coalescence"],"picked":"hermit:Snipe+1","floor":41},{"not_picked":["hermit:LowProfile","hermit:Roulette+1"],"picked":"hermit:TrackingShot","floor":47}],"player_experience":380955,"relics_obtained":[{"floor":6.0,"key":"hubris:BundleOfHerbs"},{"floor":9.0,"key":"conspire:GiftBox"},{"floor":11.0,"key":"War Paint"},{"floor":13.0,"key":"Toy Ornithopter"},{"floor":26.0,"key":"White Beast Statue"},{"floor":27.0,"key":"Boot"},{"floor":32,"key":"Omamori"},{"floor":43,"key":"Iron Hammer"},{"floor":45,"key":"hermit:RyeStalk"}],"event_choices":[{"damage_healed":0.0,"max_hp_gain":0.0,"max_hp_loss":0.0,"gold_gain":0.0,"event_name":"Living Wall","player_choice":"Grow","floor":3.0,"gold_loss":0.0,"damage_taken":0.0,"cards_upgraded":["hermit:Snapshot"]},{"damage_healed":0.0,"max_hp_gain":0.0,"max_hp_loss":0.0,"gold_gain":0.0,"event_name":"Elementarium:LostScrolls","player_choice":"Read","floor":24.0,"gold_loss":0.0,"damage_taken":0.0,"cards_obtained":["hermit:Deadeye"]}],"is_beta":false,"boss_relics":[{"not_picked":["hubris:VirtuousBlindfold","aspiration:SecretTechniqueScroll"],"picked":"Replay:Grab Bag"},{"not_picked":["aspiration:FutureDiary","conspire:RoyalGoblet"],"picked":"Sozu"},{"not_picked":["Fusion Hammer","Busted Crown"],"picked":"Replay:Bronze Core"},{"not_picked":["aspiration:RunicSpoon","conspire:RunicOctahedron"],"picked":"Ring of Chaos"},{"not_picked":["Kintsugi","Snecko Eye"],"picked":"aspiration:RitualDagger"},{"not_picked":["Tiny House","hermit:DentedPlate"],"picked":"hermit:ClaspedLocket"}],"items_purged_floors":[],"is_endless":false,"potions_floor_spawned":[5,7,14,16,22,27,28,29,36,37,39,41,47],"killed_by":"Time Eater","ascension_level":0}}