{"host":"cmd8l0sqa6aimz4d","time":1608239756,"event":{"mods":["Act Like it!","Aspiration","BaseMod","Beaked The Cultist","BetterRewards","Clockwork Mod","Colored Map","Colored Powertips","Conjunction","Conspire","DeckTracker","Energized Spire","GifTheSpireLib","Glutton Mod","Gold Saver","Hubris","Infinite Spire","Minty Spire (QoL Compilation)","Permanent Neow","Quarter Circle Forward PUNCH!","Quick Restart","Replay The Spire","SOS???????","Spicy Shops","StSLib","Stuff the Spire","The Animator","The Necromancer","Trackpad","Uncapped","Waifu the Spire","Yuri Mod","[IsaacMod]????","vexMod"],"gold_per_floor":[110,35,35,45,60,88,53,70,147,72,87,108,110,110],"floor_reached":13,"playtime":978,"items_purged":["Clockwork:Strike"],"score":126,"play_id":"d7e169c7-730a-47e1-9ff7-6c0feb0c49ef","local_time":"20201217141556","is_ascension_mode":true,"campfire_choices":[],"circlet_count":0,"master_deck":["Clockwork:Strike","Clockwork:Strike","Clockwork:Shield","Clockwork:Shield","Clockwork:Tinker","Clockwork:WarmUp","EpicFetus","Clockwork:CogBarrier","Clockwork:EnthusiasticStrike","Clockwork:Clone","Clockwork:Roundhouse"],"relics":["Clockwork:MomentumEngine","HushsDoor","GuppysTail","aspiration:Nostalgia","animator:TheMissingPiece","infinitespire:Midas Blood","UnicornStump"],"acts_visited":["Exordium"],"potions_floor_usage":[],"damage_taken":[{"damage":1.0,"enemies":"Jaw Worm","floor":1.0,"turns":6.0},{"damage":12.0,"enemies":"2 Louse","floor":4.0,"turns":4.0},{"damage":0.0,"enemies":"Small Slimes","floor":5.0,"turns":5.0},{"damage":31,"enemies":"3 Sentries","floor":6,"turns":7},{"damage":10,"enemies":"3 Louse","floor":8,"turns":5},{"damage":19,"enemies":"Exordium Thugs","floor":11,"turns":4},{"damage":22,"enemies":"Exordium Wildlife","floor":12,"turns":5},{"damage":3,"enemies":"Replay:BlueRogue","floor":13,"turns":2}],"seed_played":"-1890722504179525822","potions_obtained":[{"floor":1.0,"key":"DuplicationPotion"},{"floor":6,"key":"FearPotion"}],"is_trial":false,"path_per_floor":["M","$","?","M","M","E","?","M","T","$","M","M","E"],"character_chosen":"CLOCKWORK","items_purchased":["Clockwork:Downsize"],"campfire_rested":0,"item_purchase_floors":[2],"current_hp_per_floor":[76,76,76,64,64,33,54,44,44,44,25,3,0,0],"gold":110,"neow_bonus":"NOSTALGIA","is_daily":false,"chose_seed":false,"campfire_upgraded":0,"win_rate":0.0,"timestamp":1608239756,"path_taken":["M","$","?","M","M","E","?","?","T","?","M","M","E"],"items_purchased_type":["Card"],"build_version":"2020-12-13","purchased_purges":1,"victory":false,"max_hp_per_floor":[85,85,85,85,85,85,85,85,85,85,85,85,85,85],"card_choices":[{"not_picked":[],"picked":"EpicFetus","floor":0.0},{"not_picked":["Clockwork:Scour","Clockwork:CogToss","Clockwork:AdaptiveCannon"],"picked":"SKIP","floor":1.0},{"not_picked":["Clockwork:CogBarrier","Clockwork:AdaptiveShield"],"picked":"Clockwork:EnthusiasticStrike","floor":4.0},{"not_picked":["Clockwork:ChargingShield","Clockwork:CogToss","Clockwork:SystemScan"],"picked":"SKIP","floor":5.0},{"not_picked":["Clockwork:PerfectedShield","Clockwork:SearingStrike"],"picked":"Clockwork:Clone","floor":8},{"not_picked":["Clockwork:SearingStrike","Clockwork:TestingEnvironment","Clockwork:MechanicalMass"],"picked":"SKIP","floor":11},{"not_picked":["Clockwork:ChargingShield","Clockwork:Enhance"],"picked":"Clockwork:Roundhouse","floor":12}],"player_experience":197260,"relics_obtained":[{"floor":6,"key":"infinitespire:Midas Blood"},{"floor":9,"key":"UnicornStump"}],"event_choices":[{"damage_healed":21,"gold_gain":0,"player_choice":"Healed","damage_taken":0,"max_hp_gain":0,"max_hp_loss":0,"event_name":"The Cleric","floor":7,"gold_loss":35}],"is_beta":false,"boss_relics":[],"items_purged_floors":[10],"is_endless":false,"potions_floor_spawned":[1,6],"killed_by":"Replay:BlueRogue","ascension_level":9}}