{"host":"r3d3rfw8zyydmocx","time":1608180103,"event":{"mods":["Aspiration","BaseMod","Colored Powertips","Conspire","Downfall","Hermit","Highlight Path","Hubris","Minty Spire (QoL Compilation)","Replay The Spire","StSLib"],"gold_per_floor":[99,99,99,112,138,153,176,176,186,212,222,322,34,34,48,145,145,145,177,177,194,211,211,211,240,257,283,24,35,35,54,64,167,167,167,267,286,316,316,345,345,363,363,390,409,428,439,459,470,470],"floor_reached":51,"playtime":4044,"items_purged":["Slimebound:CorrosiveSpit","Injury"],"score":1053,"play_id":"897d4c03-4d66-4a0d-b971-5c7506dfaa04","local_time":"20201216204143","is_ascension_mode":true,"campfire_choices":[{"floor":1.0,"key":"DIG"},{"data":"Slimebound:Darklings","floor":3.0,"key":"SMITH"},{"data":"Slimebound:LevelUp","floor":8.0,"key":"SMITH"},{"data":"Slimebound:MegaLick","floor":18.0,"key":"SMITH"},{"data":"White Noise","floor":23.0,"key":"SMITH"},{"data":"Slimebound:MassRepurpose","floor":35.0,"key":"SMITH"},{"data":"Slimebound:DisruptingSlam","floor":39.0,"key":"SMITH"},{"floor":43,"key":"RECALL"}],"circlet_count":0,"master_deck":["Slimebound:Defend_Slimebound","Slimebound:Defend_Slimebound","Slimebound:Defend_Slimebound","Slimebound:Defend_Slimebound","Slimebound:Split+1","Slimebound:DisruptingSlam+1","Slimebound:Darklings+1","Slimebound:SlimeTap","Slimebound:LevelUp+1","Slimebound:SplitMire","Slimebound:MegaLick+1","Slimebound:LeechEnergy+1","Slimebound:TongueLash+1","Slimebound:MassRepurpose","Slimebound:SplitSpecialist+1","Slimebound:MassRepurpose+1","White Noise+1","Buffer+1","Loop+1","Slimebound:RejuvenatingLick+1","White Noise+1","Ghostly+1","Ghostly+1","Ghostly+1","Ghostly+1","Ghostly+1","Slimebound:DuplicatedForm+1","Core Surge+1","Chaos+1","aspiration:Polymerization+1","Slimebound:FormOfPuddle+1","Conserve Battery+1","Conserve Battery+1","Parasite","Loop+1","Slimebound:Replication+1"],"relics":["Slimebound:AbsorbEndCombat","MealTicket","Molten Egg 2","Toy Ornithopter","Matryoshka","Frozen Egg 2","aspiration:DefectSkillbook","aspiration:FrozenJewel","Nloth\u0027s Gift","Replay:Wax Seal","Toxic Egg 2","Mango","Bottled Lightning","DollysMirror","conspire:SpecialSausage","conspire:Flyswatter","Nunchaku","Happy Flower","Replay:Ringing Soul","Replay:Bottled Eggs"],"acts_visited":["Exordium","TheCity","TheBeyond"],"potions_floor_usage":[46],"damage_taken":[{"damage":23.0,"enemies":"2 Louse","floor":4.0,"turns":2.0},{"damage":41.0,"enemies":"Gremlin Nob","floor":5.0,"turns":4.0},{"damage":19.0,"enemies":"Cultist","floor":6.0,"turns":3.0},{"damage":16.0,"enemies":"conspire:RoseBush","floor":9.0,"turns":3.0},{"damage":28.0,"enemies":"Lagavulin","floor":10.0,"turns":3.0},{"damage":23.0,"enemies":"Gremlin Gang","floor":11.0,"turns":3.0},{"damage":42.0,"enemies":"downfall:Heads","floor":12.0,"turns":6.0},{"damage":24.0,"enemies":"downfall:FleeingMerchant","floor":13.0,"turns":4.0},{"damage":29.0,"enemies":"Blue Slaver","floor":15.0,"turns":3.0},{"damage":66.0,"enemies":"downfall:Silent","floor":16.0,"turns":8.0},{"damage":52.0,"enemies":"Replay:Snechameleon","floor":19.0,"turns":4.0},{"damage":56.0,"enemies":"conspire:FuzzyDice","floor":21.0,"turns":5.0},{"damage":36.0,"enemies":"conspire:HollyBat","floor":22.0,"turns":8.0},{"damage":25.0,"enemies":"conspire:SneckoGhost","floor":25.0,"turns":9.0},{"damage":31.0,"enemies":"Snecko","floor":26.0,"turns":4.0},{"damage":35.0,"enemies":"Replay:Snechameleon","floor":27.0,"turns":5.0},{"damage":36.0,"enemies":"downfall:FleeingMerchant","floor":28.0,"turns":4.0},{"damage":35.0,"enemies":"Snake Plant","floor":29.0,"turns":4.0},{"damage":17.0,"enemies":"Shelled Parasite and Fungi","floor":31.0,"turns":5.0},{"damage":7.0,"enemies":"Chosen and Byrds","floor":32.0,"turns":6.0},{"damage":36.0,"enemies":"downfall:Defect","floor":33.0,"turns":11.0},{"damage":43.0,"enemies":"3 Darklings","floor":37.0,"turns":7.0},{"damage":29.0,"enemies":"R_Hoarder","floor":38.0,"turns":9.0},{"damage":38.0,"enemies":"Giant Head","floor":40.0,"turns":7.0},{"damage":3,"enemies":"3 Shapes","floor":42,"turns":4},{"damage":38,"enemies":"Reptomancer","floor":44,"turns":8},{"damage":13,"enemies":"Maw","floor":45,"turns":7},{"damage":36,"enemies":"Spire Growth","floor":46,"turns":7},{"damage":32,"enemies":"Jaw Worm Horde","floor":47,"turns":4},{"damage":16,"enemies":"Writhing Mass","floor":48,"turns":5},{"damage":32,"enemies":"Maw","floor":49,"turns":8},{"damage":5,"enemies":"downfall:Watcher","floor":50,"turns":6}],"seed_played":"-7132391853710126911","potions_obtained":[{"floor":2.0,"key":"Toxic Potion"},{"floor":2.0,"key":"Doom Potion"},{"floor":2.0,"key":"SteroidPotion"},{"floor":10.0,"key":"hexamod:EctoCoolerPotion"},{"floor":11.0,"key":"Weak Potion"},{"floor":16.0,"key":"SteroidPotion"},{"floor":42,"key":"Milkshake"},{"floor":46,"key":"Fruit Juice"}],"is_trial":false,"path_per_floor":["R","?","R","M","E","M","T","R","M","E","M","?","$","?","M","B",null,"R","E","?","M","M","R","T","E","M","E","$","M","?","M","M","B",null,"R","?","M","E","R","E","T","M","R","E","M","M","M","M","M","B",null],"character_chosen":"SLIMEBOUND","items_purchased":["PreservedInsect","Slimebound:SplitSpecialist+1","DollysMirror"],"campfire_rested":0,"item_purchase_floors":[13,13,28],"current_hp_per_floor":[42,42,42,35,18,19,19,19,23,29,47,37,60,60,51,47,60,60,50,50,31,43,43,43,65,58,67,74,73,37,37,37,35,37,37,37,32,37,37,30,30,40,40,20,46,54,55,60,61,63],"gold":470,"neow_bonus":"TRANSFORM_TWO_CARDS","is_daily":false,"chose_seed":false,"campfire_upgraded":6,"win_rate":0.0,"timestamp":1608180103,"path_taken":["R","?","R","?","E","M","T","R","M","E","M","?","$","?","M","BOSS","R","E","?","?","M","R","T","E","?","E","$","M","?","M","M","BOSS","R","?","M","E","R","E","T","M","R","E","M","M","M","M","M","BOSS"],"items_purchased_type":["Relic","Card","Relic"],"build_version":"2020-12-13","purchased_purges":2,"victory":true,"max_hp_per_floor":[60,60,60,60,60,60,60,60,60,60,60,60,60,60,60,60,60,60,60,60,60,60,60,60,74,74,74,74,74,37,37,37,37,37,37,37,37,37,37,37,37,40,40,43,46,54,57,60,63,63],"card_choices":[{"not_picked":["Slimebound:ComboTackle","Slimebound:FinishingTackle","Slimebound:GoopSpray"],"picked":"SKIP","floor":4.0},{"not_picked":["Slimebound:GrowthPunch+1","Slimebound:ServeAndProtect"],"picked":"Slimebound:SlimeTap","floor":5.0},{"not_picked":["Slimebound:LivingWall","Slimebound:GrowthPunch+1"],"picked":"Slimebound:LevelUp","floor":6.0},{"not_picked":["Slimebound:Repurpose","Slimebound:SplitAcid"],"picked":"Slimebound:SplitMire","floor":9.0},{"not_picked":["Slimebound:RollThrough+1","Slimebound:SplitBruiser"],"picked":"Slimebound:MegaLick","floor":10.0},{"not_picked":["Slimebound:OozeBath","Slimebound:SlimeSpikes"],"picked":"Slimebound:LeechEnergy+1","floor":11.0},{"not_picked":["Slimebound:SlimeSlap+1","Slimebound:GrowthPunch+1"],"picked":"Slimebound:MassRepurpose","floor":13.0},{"not_picked":["Slimebound:GrowthPunch+1","Slimebound:SplitLeeching","Slimebound:SlimeSpikes"],"picked":"SKIP","floor":15.0},{"not_picked":["Slimebound:DouseInSlime","Slimebound:CheckThePlaybook"],"picked":"Slimebound:MassRepurpose","floor":16.0},{"not_picked":["Beam Cell+1","Sweeping Beam+1","Slimebound:LeechEnergy+1"],"picked":"White Noise","floor":19.0},{"not_picked":["Slimebound:LeechLife+1","Slimebound:SamplingLick+1","Steam"],"picked":"Buffer+1","floor":21.0},{"not_picked":["Coolheaded","Meteor Strike+1","Skim","Rebound+1"],"picked":"SKIP","floor":22.0},{"not_picked":["FTL+1","Slimebound:SplitBruiser+1","hubris:DoWhile+1","Slimebound:SplitLeeching+1"],"picked":"SKIP","floor":25.0},{"not_picked":["Slimebound:GrowthPunch+1","Turbo+1","Slimebound:DouseInSlime+1"],"picked":"Loop+1","floor":26.0},{"not_picked":["Slimebound:SplitBruiser+1","Slimebound:PrepareCrush+1","Slimebound:HungryTackle+1","FIFO Queue+1"],"picked":"SKIP","floor":27.0},{"not_picked":["Slimebound:SpikyOuterGoop+1","Slimebound:RollThrough+1","Streamline+1"],"picked":"Slimebound:RejuvenatingLick+1","floor":28.0},{"not_picked":["FIFO Queue+1","Slimebound:ItLooksTasty+1","Slimebound:SplitBruiser+1","Slimebound:FinishingTackle+1"],"picked":"SKIP","floor":29.0},{"not_picked":["Slimebound:ItLooksTasty+1","Slimebound:LeechingTouch+1","Genetic Algorithm+1","Slimebound:HungryTackle+1"],"picked":"SKIP","floor":31.0},{"not_picked":["Sweeping Beam+1","BootSequence+1","Slimebound:Schlurp+1","Barrage+1"],"picked":"SKIP","floor":32.0},{"not_picked":["Mirror Shield+1","hubris:Prefetch+1","Slimebound:LeechLife+1"],"picked":"Slimebound:DuplicatedForm+1","floor":33.0},{"not_picked":["Coolheaded+1","Slimebound:Chomp+1","ReplayTheSpireMod:System Scan+1","Slimebound:SplitSpecialist+1"],"picked":"SKIP","floor":37.0},{"not_picked":["Slimebound:ViciousTackle+1","Slimebound:SplitAcid+1","Go for the Eyes+1"],"picked":"Core Surge+1","floor":38.0},{"not_picked":["ReplayGash+1","Barrage+1","Slimebound:PressTheAttack+1","BasicCrystalCard+1"],"picked":"SKIP","floor":40.0},{"not_picked":["Doom and Gloom+1","Steam+1","Reinforced Body+1"],"picked":"Chaos+1","floor":42},{"not_picked":["Slimebound:DouseInSlime+1","Slimebound:SplitAcid+1","BootSequence+1"],"picked":"aspiration:Polymerization+1","floor":44},{"not_picked":["Cold Snap+1","Glacier+1","Slimebound:GrowthPunch+1"],"picked":"Slimebound:FormOfPuddle+1","floor":45},{"not_picked":["Slimebound:SplitMire+1","Chill+1","Slimebound:GoopSpray+1"],"picked":"Conserve Battery+1","floor":46},{"not_picked":["Slimebound:RollThrough+1","Slimebound:SplitLeeching+1","Gash+1"],"picked":"Conserve Battery+1","floor":47},{"not_picked":["ReplayTheSpireMod:Reroute Power+1","Slimebound:PressTheAttack+1","Slimebound:SlimeBarrage+1"],"picked":"Loop+1","floor":48},{"not_picked":["Slimebound:LeechingTouch+1","Slimebound:Overexert+1","Gash+1"],"picked":"Slimebound:Replication+1","floor":49}],"player_experience":476305,"relics_obtained":[{"floor":1.0,"key":"MealTicket"},{"floor":5.0,"key":"Molten Egg 2"},{"floor":7.0,"key":"Toy Ornithopter"},{"floor":10.0,"key":"Matryoshka"},{"floor":19.0,"key":"aspiration:FrozenJewel"},{"floor":24.0,"key":"Replay:Wax Seal"},{"floor":24.0,"key":"Toxic Egg 2"},{"floor":25.0,"key":"Mango"},{"floor":27.0,"key":"Bottled Lightning"},{"floor":38.0,"key":"conspire:Flyswatter"},{"floor":40.0,"key":"Nunchaku"},{"floor":41.0,"key":"Happy Flower"},{"floor":41.0,"key":"Replay:Ringing Soul"},{"floor":44,"key":"Replay:Bottled Eggs"}],"event_choices":[{"damage_healed":0.0,"max_hp_gain":0.0,"max_hp_loss":0.0,"gold_gain":0.0,"event_name":"Lab","player_choice":"Got Potions","floor":2.0,"gold_loss":0.0,"damage_taken":0.0},{"damage_healed":0.0,"max_hp_gain":0.0,"max_hp_loss":37.0,"gold_gain":0.0,"event_name":"Ghosts","player_choice":"Became a Ghost","floor":30.0,"gold_loss":0.0,"damage_taken":0.0,"cards_obtained":["Ghostly","Ghostly","Ghostly","Ghostly","Ghostly"]}],"is_beta":false,"boss_relics":[{"not_picked":["aspiration:SecretTechniqueScroll","Replay:Grab Bag"],"picked":"aspiration:DefectSkillbook"},{"not_picked":["ChewingGum","hubris:VirtuousBlindfold"],"picked":"conspire:SpecialSausage"}],"items_purged_floors":[13,28],"is_endless":false,"potions_floor_spawned":[4,9,10,11,16,22,25,29,31,32,37,42,44,46],"ascension_level":4}}