{"host":"8e68pzgs4bln6t6e","time":1608247535,"event":{"mods":["AchievementEnabler","Act Like it!","BaseMod","Better Note","BetterRewards","Colored Powertips","Googly Eyes","Hallownest","Hubris","Jorbs\u0027s Wanderer Trilogy","Marisa????????","Minty Spire (QoL Compilation)","Quick Restart","Rare Cards Sparkle","Replay The Spire","Shop Mod","StSLib","The Animator","The Bug Knight","The Cursed","The Disciple","The Hierophant","The Servant 0.9.4"],"gold_per_floor":[214,214,50,63,78,111,111,145,145,145,171,171,181,25,25,127,127,143,218,218,229,229,229,247,247,247,274,14,14,28,28,28,129,129,140,110,110,1109,1124,1124,280,280,325,325,341,26,46,66,66,66,66],"floor_reached":50,"playtime":6368,"items_purged":["Looming Evil","HollowMod:SoulSplash+1","Normality","Normality"],"score":676,"play_id":"88ebee87-6a87-4801-a4b7-8c0aea9d8ff6","local_time":"20201218002535","is_ascension_mode":false,"campfire_choices":[{"floor":7,"key":"REST"},{"data":"hubris:DuctTapeCard","floor":10,"key":"SMITH"},{"floor":15,"key":"REST"},{"floor":23,"key":"REST"},{"data":"Tempest","floor":25,"key":"SMITH"},{"floor":32,"key":"REST"},{"data":"Chrysalis","floor":40,"key":"SMITH"},{"floor":44,"key":"RECALL"},{"data":"Chaos","floor":49,"key":"SMITH"}],"circlet_count":0,"master_deck":["Strike_B","Strike_B","Strike_B","Strike_B","Defend_B","Defend_B","Defend_B","Defend_B","Tempest+1","hubris:DuctTapeCard+2","Capacitor","Redo","Auto Shields","Hyperbeam","Seek+1","Chrysalis+1","MysteriousBeam+1","Go for the Eyes","Chaos+1","Escape Plan+1","hierophant:Determination+1","BottledTime+1","BowlingBash+1","Parasite","Pommel Strike+1","Time Bomb","hierophant:Endure+1","stsjorbsmod:Materialize"],"relics":["Cracked Core","hubris:Towel","ReplayTheSpireMod:CursedCoin","hubris:DuctTape","Iron Hammer","Lantern","Blood Vial","White Beast Statue","PrismaticShard","Honey Jar","Geode","Replay:Antivirus Software","Snack Pack","hubris:HerbalPaste","ReplayTheSpireMod:Ring of Addiction","Chameleon Ring","Potion Belt","Black Star","FossilizedHelix","Medical Kit","MerchantsRug","Bronze Scales","hubris:BallOfYels","Strange Spoon"],"acts_visited":["Exordium","TheCity","TheBeyond"],"potions_floor_usage":[16,16,16,27,27,27,28,30,33,33,33,33,45,47,47,48,50,50,50],"damage_taken":[{"damage":0,"enemies":"2 Louse","floor":1,"turns":2},{"damage":6,"enemies":"Jaw Worm","floor":4,"turns":3},{"damage":1,"enemies":"Cultist","floor":5,"turns":3},{"damage":35,"enemies":"Lagavulin","floor":6,"turns":7},{"damage":14,"enemies":"HollowMod:MossKnight","floor":8,"turns":8},{"damage":14,"enemies":"Gremlin Nob","floor":11,"turns":3},{"damage":0,"enemies":"Gremlin Gang","floor":13,"turns":1},{"damage":16,"enemies":"Hexaghost","floor":16,"turns":10},{"damage":10,"enemies":"Spheric Guardian","floor":18,"turns":4},{"damage":5,"enemies":"Shell Parasite","floor":21,"turns":5},{"damage":1,"enemies":"Centurion and Healer","floor":24,"turns":5},{"damage":64,"enemies":"Book of Stabbing","floor":27,"turns":6},{"damage":0,"enemies":"3 Cultists","floor":30,"turns":3},{"damage":19,"enemies":"Pondfish","floor":33,"turns":9},{"damage":0,"enemies":"Orb Walker","floor":35,"turns":2},{"damage":6,"enemies":"3 Shapes","floor":39,"turns":2},{"damage":8,"enemies":"Writhing Mass","floor":45,"turns":6},{"damage":2,"enemies":"Transient","floor":47,"turns":5},{"damage":20,"enemies":"Sphere and 2 Shapes","floor":48,"turns":4},{"damage":114,"enemies":"Replay:Hell Engine","floor":50,"turns":19}],"seed_played":"-7188411660831338530","potions_obtained":[{"floor":6,"key":"SpeedPotion"},{"floor":11,"key":"PotionOfCapacity"},{"floor":13,"key":"Dexterity Potion"},{"floor":16,"key":"Energy Potion"},{"floor":18,"key":"PowerPotion"},{"floor":21,"key":"Fire Potion"},{"floor":24,"key":"SpeedPotion"},{"floor":27,"key":"Languid Potion"},{"floor":30,"key":"Weak Potion"},{"floor":31,"key":"BlessingOfTheForge"},{"floor":31,"key":"LiquidMemories"},{"floor":31,"key":"SpeedPotion"},{"floor":33,"key":"SteroidPotion"},{"floor":35,"key":"Elixir"},{"floor":36,"key":"Toxic Potion"},{"floor":36,"key":"Swift Potion"},{"floor":39,"key":"Explosive Potion"},{"floor":45,"key":"Dexterity Potion"},{"floor":47,"key":"FairyPotion"},{"floor":48,"key":"Fire Potion"}],"is_trial":false,"path_per_floor":["M","?","$","M","M","E","R","E","T","R","E","?","M","$","R","B",null,"M","?","?","M","$","R","M","R","T","E","$","?","M","?","R","B",null,"M","?","$","?","M","R","$","?","T","R","M","$","M","M","R","B"],"character_chosen":"DEFECT","items_purchased":["ReplayTheSpireMod:CursedCoin","hubris:DuctTape","PrismaticShard","Geode","hubris:HerbalPaste","Fruit Juice","FossilizedHelix","Medical Kit","MerchantsRug","Bronze Scales","Time Bomb","Strange Spoon"],"campfire_rested":4,"item_purchase_floors":[3,3,14,22,28,28,41,41,41,41,46,46],"current_hp_per_floor":[75,75,75,69,68,33,55,41,41,41,29,29,31,31,53,39,75,65,58,58,55,40,62,63,63,63,1,6,6,15,15,39,34,80,80,80,78,78,72,72,72,72,72,72,66,66,73,56,56,0,0],"gold":66,"neow_bonus":"HUNDRED_GOLD","is_daily":false,"chose_seed":false,"campfire_upgraded":4,"win_rate":0.0,"timestamp":1608247535,"path_taken":["M","?","?","M","?","E","R","E","T","R","E","?","M","$","R","BOSS","M","?","?","M","?","R","M","R","T","E","$","?","?","?","R","BOSS","M","?","?","?","M","R","$","?","T","R","M","$","?","M","R","BOSS"],"items_purchased_type":["Relic","Relic","Relic","Relic","Relic","Potion","Relic","Relic","Relic","Relic","Card","Relic"],"build_version":"2020-12-13","purchased_purges":4,"victory":false,"max_hp_per_floor":[75,75,75,75,75,75,75,75,75,75,75,75,75,75,75,75,75,75,75,75,75,75,75,75,75,75,75,80,80,80,80,80,80,80,80,80,78,78,78,76,76,76,74,74,74,74,74,74,74,74,74],"card_choices":[{"not_picked":["Gash","Streamline"],"picked":"Tempest","floor":1},{"not_picked":["Redo","BasicCrystalCard"],"picked":"Capacitor","floor":4},{"not_picked":["Rebound","Streamline"],"picked":"Redo","floor":5},{"not_picked":["Steam","Crystallizer"],"picked":"Auto Shields","floor":6},{"not_picked":["Compile Driver","Stack"],"picked":"Hyperbeam","floor":8},{"not_picked":["Auto Shields","ReplayGash"],"picked":"Seek","floor":11},{"not_picked":["Force Field","Rebound","BasicCrystalCard"],"picked":"SKIP","floor":13},{"not_picked":["Feed","Burst"],"picked":"Chrysalis","floor":16},{"not_picked":["stsjorbsmod:FaerieFire+1","Sabotage","stsjorbsmod:Mending+1"],"picked":"HollowMod:SoulSplash+1","floor":18},{"not_picked":["GasGiant","Turbo","Bane"],"picked":"MysteriousBeam+1","floor":21},{"not_picked":["animator:Guy","HollowMod:FastStrike+1","TheCursedMod:RapidMovement"],"picked":"Go for the Eyes","floor":24},{"not_picked":["Fission","hierophant:SolarFlare+1","MagicChant"],"picked":"Chaos","floor":27},{"not_picked":["stsjorbsmod:Godsbane","Perfected Strike","LockedMedicine"],"picked":"Escape Plan+1","floor":30},{"not_picked":["animator:ChaikaTrabant","animator:Father","ManaRampage"],"picked":"hierophant:Determination","floor":33},{"not_picked":["Bandage Up","stsjorbsmod:Goosebumps+1","TheCursedMod:HellfireBreathing+1"],"picked":"BottledTime+1","floor":35},{"not_picked":["Turbo","UnstableBomb+1","animator:Berserker+1"],"picked":"BowlingBash+1","floor":39},{"not_picked":["Scrape","Stack","PanicButton+1"],"picked":"Pommel Strike+1","floor":45},{"not_picked":["RefractionSpark","Replay:AtTheReady+1","FlurryOfBlows"],"picked":"hierophant:Endure+1","floor":47},{"not_picked":["Ghostly Armor","TheCursedMod:SpitefulStrike","stsjorbsmod:Expose"],"picked":"stsjorbsmod:Materialize","floor":48}],"player_experience":187111,"relics_obtained":[{"floor":6,"key":"Iron Hammer"},{"floor":8,"key":"Lantern"},{"floor":9,"key":"Blood Vial"},{"floor":11,"key":"White Beast Statue"},{"floor":26,"key":"Replay:Antivirus Software"},{"floor":27,"key":"Snack Pack"},{"floor":31,"key":"ReplayTheSpireMod:Ring of Addiction"},{"floor":31,"key":"Chameleon Ring"},{"floor":31,"key":"Potion Belt"},{"floor":43,"key":"hubris:BallOfYels"}],"event_choices":[{"damage_healed":0,"gold_gain":0,"player_choice":"Grow","damage_taken":0,"max_hp_gain":0,"max_hp_loss":0,"event_name":"Living Wall","floor":12,"gold_loss":0,"cards_upgraded":["Seek"]},{"damage_healed":0,"gold_gain":75,"player_choice":"Touch","damage_taken":7,"max_hp_gain":0,"max_hp_loss":0,"event_name":"FaceTrader","floor":19,"gold_loss":0},{"damage_healed":0,"gold_gain":0,"player_choice":"Ignored","damage_taken":0,"max_hp_gain":0,"max_hp_loss":0,"event_name":"betterNote:BetterNote","floor":20,"gold_loss":0,"cards_obtained":["Fusion"]},{"damage_healed":0,"gold_gain":0,"player_choice":"0 cards matched","damage_taken":0,"max_hp_gain":0,"max_hp_loss":0,"event_name":"Match and Keep!","floor":29,"gold_loss":0,"cards_obtained":[]},{"damage_healed":0,"gold_gain":0,"player_choice":"Bought 2 Potions","damage_taken":0,"max_hp_gain":0,"max_hp_loss":0,"event_name":"The Woman in Blue","floor":36,"gold_loss":0},{"damage_healed":0,"gold_gain":999,"player_choice":"Gold","damage_taken":0,"max_hp_gain":0,"max_hp_loss":0,"event_name":"MindBloom","floor":38,"gold_loss":0,"cards_obtained":["Normality","Normality"]},{"damage_healed":0,"gold_gain":0,"player_choice":"Forge","damage_taken":0,"max_hp_gain":0,"max_hp_loss":0,"event_name":"Accursed Blacksmith","floor":42,"gold_loss":0,"cards_upgraded":["hierophant:Determination"]}],"is_beta":false,"boss_relics":[{"not_picked":["Pandora\u0027s Box","Cursed Key"],"picked":"Honey Jar"},{"not_picked":["ReplayTheSpireMod:DimensionalGlitch","Astrolabe"],"picked":"Black Star"}],"items_purged_floors":[3,22,41,46],"is_endless":false,"potions_floor_spawned":[6,11,13,16,18,21,24,27,30,33,35,39,45,47,48],"killed_by":"Replay:Hell Engine","ascension_level":0}}