{"host":"3srbdas3e7jgqz5l","time":1608232800,"event":{"mods":["BaseMod","Downfall","Minty Spire (QoL Compilation)","StSLib","The Cursed"],"gold_per_floor":[118,130,142,112,17,45,60,72,72,72,106,129,154,173,173,273,273,293,308,152,152,152,152,170,195,195,195,227,244,73,86,86,183,183,194,194,205,105,105,105,115,115,115,131,164,179,179,194,194,194,194,194,7,39,39,39],"floor_reached":55,"playtime":3147,"items_purged":["Strike_P","Strike_P+1"],"score":834,"play_id":"b9aeccda-3ed9-485b-bdb9-28303b355970","local_time":"20201217192000","is_ascension_mode":false,"campfire_choices":[{"data":"SandsOfTime","floor":10.0,"key":"SMITH"},{"data":"SashWhip","floor":15.0,"key":"SMITH"},{"data":"BattleHymn","floor":23.0,"key":"SMITH"},{"data":"Protect","floor":27.0,"key":"SMITH"},{"data":"Vengeance","floor":32.0,"key":"SMITH"},{"data":"Establishment","floor":40.0,"key":"SMITH"},{"floor":47.0,"key":"RECALL"},{"data":"DeusExMachina","floor":49.0,"key":"SMITH"},{"data":"Meditate","floor":52.0,"key":"SMITH"}],"circlet_count":0,"master_deck":["Strike_P+1","Defend_P+1","Defend_P+1","Defend_P+1","Defend_P+1","Eruption","Vigilance","SashWhip+1","SandsOfTime+1","EmptyFist","Protect+1","DeceiveReality","FearNoEvil","ClearTheMind","ThirdEye","CrushJoints+1","DeusExMachina+1","Consecrate+1","BattleHymn+1","SandsOfTime+1","Wallop+1","EmptyMind+1","Vengeance+1","expansioncontent:HyperBeam+1","Crescendo+1","Establishment+1","MasterReality","Meditate+1","TalkToTheHand+1","FlurryOfBlows+1","Worship","Vault"],"relics":["Snecko Eye","Bird Faced Urn","Bronze Scales","Toy Ornithopter","Omamori","Molten Egg 2","SlaversCollar","Bag of Marbles","Mummified Hand","Anchor","VioletLotus","Smiling Mask","Sundial","Oddly Smooth Stone","Bottled Flame"],"acts_visited":["Exordium","TheCity","TheBeyond","TheEnding"],"potions_floor_usage":[55,55],"damage_taken":[{"damage":3.0,"enemies":"Jaw Worm","floor":1.0,"turns":3.0},{"damage":0.0,"enemies":"Cultist","floor":2.0,"turns":2.0},{"damage":0.0,"enemies":"2 Louse","floor":3.0,"turns":2.0},{"damage":0.0,"enemies":"Lagavulin","floor":6.0,"turns":3.0},{"damage":0.0,"enemies":"Exordium Wildlife","floor":7.0,"turns":3.0},{"damage":0.0,"enemies":"3 Louse","floor":8.0,"turns":3.0},{"damage":0.0,"enemies":"3 Sentries","floor":11.0,"turns":3.0},{"damage":0.0,"enemies":"Lagavulin","floor":13.0,"turns":3.0},{"damage":4.0,"enemies":"Gremlin Gang","floor":14.0,"turns":3.0},{"damage":12.0,"enemies":"Hexaghost","floor":16.0,"turns":5.0},{"damage":12.0,"enemies":"2 Thieves","floor":18.0,"turns":4.0},{"damage":1.0,"enemies":"3 Byrds","floor":19.0,"turns":3.0},{"damage":0.0,"enemies":"Snecko","floor":24.0,"turns":2.0},{"damage":8.0,"enemies":"Book of Stabbing","floor":25.0,"turns":5.0},{"damage":0.0,"enemies":"Slavers","floor":28.0,"turns":2.0},{"damage":0.0,"enemies":"3 Cultists","floor":29.0,"turns":3.0},{"damage":0.0,"enemies":"Centurion and Healer","floor":31.0,"turns":2.0},{"damage":1.0,"enemies":"Collector","floor":33.0,"turns":7.0},{"damage":0.0,"enemies":"3 Shapes","floor":35.0,"turns":1.0},{"damage":0.0,"enemies":"3 Darklings","floor":37.0,"turns":2.0},{"damage":0.0,"enemies":"4 Shapes","floor":41.0,"turns":1.0},{"damage":4.0,"enemies":"Jaw Worm Horde","floor":44.0,"turns":2.0},{"damage":0.0,"enemies":"Nemesis","floor":45.0,"turns":3.0},{"damage":0.0,"enemies":"Sphere and 2 Shapes","floor":46.0,"turns":3.0},{"damage":1.0,"enemies":"Maw","floor":48.0,"turns":5.0},{"damage":31.0,"enemies":"Awakened One","floor":50.0,"turns":9.0},{"damage":25.0,"enemies":"Shield and Spear","floor":54.0,"turns":4.0},{"damage":64,"enemies":"The Heart","floor":55,"turns":4}],"seed_played":"5910099843975877311","potions_obtained":[{"floor":4.0,"key":"sneckomod:MuddlingPotion"},{"floor":4.0,"key":"EssenceOfSteel"},{"floor":6.0,"key":"CultistPotion"},{"floor":7.0,"key":"Block Potion"},{"floor":13.0,"key":"Swift Potion"},{"floor":19.0,"key":"Swift Potion"},{"floor":28.0,"key":"StancePotion"},{"floor":48.0,"key":"Ambrosia"}],"is_trial":false,"path_per_floor":["M","M","M","?","$","E","M","M","T","R","E","T","E","M","R","B",null,"M","M","$","?","?","R","M","E","T","R","E","M","$","M","R","B",null,"M","?","M","$","?","R","M","?","T","M","E","M","R","M","R","B",null,"R","$","E","B"],"character_chosen":"WATCHER","items_purchased":["EmptyFist","Protect","BattleHymn","Vengeance","expansioncontent:HyperBeam+1","Oddly Smooth Stone","Worship"],"campfire_rested":0,"item_purchase_floors":[5,5,20,30,30,53,53],"current_hp_per_floor":[69,69,69,69,69,69,69,69,69,69,69,69,69,68,68,56,72,60,59,59,46,46,46,48,42,42,42,49,51,51,53,53,54,77,77,73,73,73,73,73,73,73,73,69,73,73,73,72,72,42,73,73,73,48,0,0],"gold":39,"neow_bonus":"BOSS_RELIC","is_daily":false,"chose_seed":false,"campfire_upgraded":8,"win_rate":0.0,"timestamp":1608232800,"path_taken":["M","M","M","?","?","E","M","?","T","R","E","?","E","M","R","BOSS","M","M","?","?","?","R","M","E","T","R","E","M","$","M","R","BOSS","M","?","M","$","?","R","?","?","T","M","E","M","R","M","R","BOSS","R","$","E","BOSS"],"items_purchased_type":["Card","Card","Card","Card","Card","Relic","Card"],"build_version":"2020-12-13","purchased_purges":2,"victory":false,"max_hp_per_floor":[72,72,72,72,72,72,72,72,72,72,72,72,72,72,72,72,72,72,72,72,77,77,77,77,77,77,77,77,77,77,77,77,77,77,77,73,73,73,73,73,73,73,73,73,73,73,73,73,73,73,73,73,73,73,73,73],"card_choices":[{"not_picked":["Halt","PathToVictory","Perseverance"],"picked":"SKIP","floor":1.0},{"not_picked":["LikeWater","FollowUp"],"picked":"SashWhip","floor":2.0},{"not_picked":["ReachHeaven","PathToVictory"],"picked":"SandsOfTime","floor":3.0},{"not_picked":["EmptyBody","Pray"],"picked":"DeceiveReality","floor":6.0},{"not_picked":["WaveOfTheHand","Devotion"],"picked":"FearNoEvil","floor":7.0},{"not_picked":["PathToVictory","JustLucky"],"picked":"ClearTheMind","floor":8.0},{"not_picked":["Sanctity","WheelKick"],"picked":"ThirdEye","floor":11.0},{"not_picked":["Perseverance","ClearTheMind","JustLucky+1"],"picked":"SKIP","floor":13.0},{"not_picked":["Crescendo","ThirdEye"],"picked":"CrushJoints+1","floor":14.0},{"not_picked":["ConjureBlade","Devotion"],"picked":"DeusExMachina","floor":16.0},{"not_picked":["EmptyBody+1","FlyingSleeves+1","Evaluate"],"picked":"SKIP","floor":18.0},{"not_picked":["Pray+1","CrushJoints+1"],"picked":"Consecrate+1","floor":19.0},{"not_picked":["BowlingBash+1","EmptyBody","PathToVictory"],"picked":"SKIP","floor":24.0},{"not_picked":["Halt","CrushJoints+1"],"picked":"SandsOfTime+1","floor":25.0},{"not_picked":["Ragnarok+1","SignatureMove+1"],"picked":"Wallop+1","floor":28.0},{"not_picked":["PathToVictory","SashWhip+1"],"picked":"EmptyMind+1","floor":29.0},{"not_picked":["EmptyMind","JustLucky+1"],"picked":"Crescendo+1","floor":31.0},{"not_picked":["DeusExMachina","LessonLearned+1"],"picked":"Establishment","floor":33.0},{"not_picked":["FollowUp+1","PathToVictory","Weave+1"],"picked":"SKIP","floor":35.0},{"not_picked":["JustLucky+1","FollowUp+1","Pray"],"picked":"SKIP","floor":37.0},{"not_picked":["Evaluate","Pray","WaveOfTheHand"],"picked":"SKIP","floor":41.0},{"not_picked":["WreathOfFlame","Fasting2+1"],"picked":"Meditate","floor":44.0},{"not_picked":["InnerPeace+1","LikeWater"],"picked":"TalkToTheHand+1","floor":45.0},{"not_picked":["Wallop+1","Consecrate+1"],"picked":"FlurryOfBlows+1","floor":46.0},{"not_picked":["Evaluate+1","FollowUp+1","WaveOfTheHand"],"picked":"SKIP","floor":48.0},{"not_picked":["Fasting2","JustLucky+1"],"picked":"Vault","floor":54.0}],"player_experience":427481,"relics_obtained":[{"floor":6.0,"key":"Bird Faced Urn"},{"floor":9.0,"key":"Bronze Scales"},{"floor":11.0,"key":"Toy Ornithopter"},{"floor":12.0,"key":"Omamori"},{"floor":13.0,"key":"Molten Egg 2"},{"floor":25.0,"key":"Bag of Marbles"},{"floor":26.0,"key":"Mummified Hand"},{"floor":28.0,"key":"Anchor"},{"floor":39.0,"key":"Smiling Mask"},{"floor":45.0,"key":"Sundial"},{"floor":54.0,"key":"Bottled Flame"}],"event_choices":[{"damage_healed":0.0,"max_hp_gain":0.0,"max_hp_loss":0.0,"gold_gain":0.0,"event_name":"The Woman in Blue","player_choice":"Bought 2 Potions","floor":4.0,"gold_loss":0.0,"damage_taken":0.0},{"damage_healed":0.0,"max_hp_gain":5.0,"max_hp_loss":0.0,"gold_gain":0.0,"event_name":"Forgotten Altar","player_choice":"Shed Blood","floor":21.0,"gold_loss":0.0,"damage_taken":18.0},{"damage_healed":0.0,"max_hp_gain":0.0,"max_hp_loss":0.0,"gold_gain":0.0,"event_name":"Back to Basics","player_choice":"Simplicity","floor":22.0,"gold_loss":0.0,"damage_taken":0.0,"cards_upgraded":["Strike_P","Strike_P","Strike_P","Defend_P","Defend_P","Defend_P","Defend_P"]},{"damage_healed":0.0,"max_hp_gain":0.0,"max_hp_loss":4.0,"gold_gain":0.0,"event_name":"Winding Halls","player_choice":"Max HP","floor":36.0,"gold_loss":0.0,"damage_taken":0.0},{"damage_healed":0.0,"max_hp_gain":0.0,"max_hp_loss":0.0,"gold_gain":0.0,"event_name":"Wheel of Change","player_choice":"Relic","floor":39.0,"gold_loss":0.0,"damage_taken":0.0},{"damage_healed":0.0,"max_hp_gain":0.0,"max_hp_loss":0.0,"gold_gain":0.0,"cards_transformed":["Strike_P"],"event_name":"Transmorgrifier","player_choice":"Transformed","floor":42.0,"gold_loss":0.0,"damage_taken":0.0,"cards_obtained":["MasterReality"]}],"is_beta":false,"boss_relics":[{"not_picked":["Cursed Key","Runic Dome"],"picked":"SlaversCollar"},{"not_picked":["Philosopher\u0027s Stone","Black Star"],"picked":"VioletLotus"}],"items_purged_floors":[20,38],"is_endless":false,"potions_floor_spawned":[6,7,11,13,19,24,28,29,37,41,48],"killed_by":"The Heart","ascension_level":0}}