{"host":"m1ntkrf87179kmo6","time":1608163382,"event":{"mods":["BaseMod","Better Third Choice","Minty Spire (QoL Compilation)","Shade Mod","StSLib"],"gold_per_floor":[109,84,84,102,277,277,288,0,0,18,18,18,77,92,92,195,245,263,0,0,13,28,54,54,54,79,79,92,110,56,56,56,153,153,170,170,22,22,33,33,58,10,56,56,75,75,101,121,121,121,121,121,21,53,53,53],"floor_reached":55,"playtime":4987,"items_purged":["Doubt","Shade:Strike_Shade"],"score":703,"play_id":"51967302-9f75-4820-b9aa-fb88f22a5a77","local_time":"20201216190302","is_ascension_mode":false,"campfire_choices":[{"floor":6,"key":"RECALL"},{"data":"Shade:TouchOfTheGrave","floor":11,"key":"SMITH"},{"floor":15,"key":"REST"},{"data":"Shade:Tombstone","floor":24,"key":"SMITH"},{"data":"Shade:GreyBargain","floor":32,"key":"SMITH"},{"data":"Shade:Excise","floor":40,"key":"SMITH"},{"floor":44,"key":"REST"},{"floor":49,"key":"REST"},{"data":"Shade:GreyBargain","floor":52,"key":"SMITH"}],"circlet_count":0,"master_deck":["Shade:Strike_Shade","Shade:Strike_Shade+1","Shade:Defend_Shade","Shade:Defend_Shade+1","Shade:Defend_Shade+1","Shade:Defend_Shade","Shade:AnimateDead+1","Shade:FuneraryArmor+1","Shade:Bite_Shade+1","Shade:TouchOfTheGrave+1","Shade:ExtraLimbs","Shade:ClawBack","Shade:Tombstone+1","Shade:OpenGraves","Shade:SensePrey","Shade:Excise+1","Shade:GreyBargain+1","Shade:FuneraryArmor","CurseOfTheBell","Shade:Brains+1","Shade:AncientSpear","Shade:GreyBargain+1","Shade:ScuttlingHand+1","Shade:Tombstone","Shade:Asphyxiate+1"],"relics":["Shade:YorickSkull","Dream Catcher","Matryoshka","Tiny House","Orichalcum","PreservedInsect","Ancient Tea Set","War Paint","Tiny Chest","Bag of Preparation","Anchor","Calling Bell","Boot","Gremlin Horn","Torii","Ice Cream","Lee\u0027s Waffle","StoneCalendar","Strawberry","Blood Vial","Bottled Tornado"],"acts_visited":["Exordium","TheCity","TheBeyond","TheEnding"],"potions_floor_usage":[1,10,13,18,22,23,23,33,50],"damage_taken":[{"damage":0,"enemies":"Jaw Worm","floor":1,"turns":4},{"damage":0,"enemies":"Small Slimes","floor":4,"turns":3},{"damage":0,"enemies":"2 Louse","floor":7,"turns":2},{"damage":0,"enemies":"Large Slime","floor":10,"turns":6},{"damage":11,"enemies":"Lagavulin Event","floor":13,"turns":5},{"damage":0,"enemies":"Exordium Wildlife","floor":14,"turns":4},{"damage":23,"enemies":"The Guardian","floor":16,"turns":11},{"damage":0,"enemies":"Chosen","floor":18,"turns":4},{"damage":0,"enemies":"3 Byrds","floor":21,"turns":5},{"damage":0,"enemies":"Snecko","floor":22,"turns":4},{"damage":15,"enemies":"Book of Stabbing","floor":23,"turns":7},{"damage":0,"enemies":"Snake Plant","floor":28,"turns":3},{"damage":0,"enemies":"Centurion and Healer","floor":29,"turns":5},{"damage":87,"enemies":"Collector","floor":33,"turns":16},{"damage":18,"enemies":"3 Darklings","floor":35,"turns":5},{"damage":0,"enemies":"Orb Walker","floor":39,"turns":3},{"damage":62,"enemies":"Giant Head","floor":41,"turns":9},{"damage":12,"enemies":"4 Shapes","floor":45,"turns":5},{"damage":0,"enemies":"Sphere and 2 Shapes","floor":48,"turns":4},{"damage":75,"enemies":"Donu and Deca","floor":50,"turns":10},{"damage":79,"enemies":"Shield and Spear","floor":54,"turns":8},{"damage":44,"enemies":"The Heart","floor":55,"turns":3}],"seed_played":"-4201120223775644725","potions_obtained":[{"floor":0,"key":"CultistPotion"},{"floor":0,"key":"Fruit Juice"},{"floor":0,"key":"FairyPotion"},{"floor":1,"key":"GamblersBrew"},{"floor":4,"key":"ColorlessPotion"},{"floor":13,"key":"SpeedPotion"},{"floor":17,"key":"Weak Potion"},{"floor":18,"key":"AttackPotion"},{"floor":22,"key":"Block Potion"},{"floor":28,"key":"Fire Potion"},{"floor":48,"key":"DuplicationPotion"}],"is_trial":false,"path_per_floor":["M","$","?","M","?","R","M","$","T","M","R","?","?","M","R","B",null,"M","?","T","M","M","E","R","?","T","T","M","M","$","?","R","B",null,"M","T","$","?","M","R","E","$","T","R","M","?","T","M","R","B",null,"R","$","E","B"],"character_chosen":"SHADE","items_purchased":["Shade:FuneraryArmor","Shade:TouchOfTheGrave","Dream Catcher","Shade:FuneraryArmor","Lee\u0027s Waffle","Shade:AncientSpear"],"campfire_rested":3,"item_purchase_floors":[2,8,8,30,37,42],"current_hp_per_floor":[70,70,70,70,70,70,70,70,70,70,70,56,48,51,70,53,75,75,75,75,75,75,63,63,63,63,63,66,69,69,69,69,22,75,60,60,82,82,82,82,23,23,30,56,47,47,47,52,78,5,89,89,89,13,0,0],"gold":53,"neow_bonus":"THREE_SMALL_POTIONS","is_daily":false,"chose_seed":false,"campfire_upgraded":5,"win_rate":0.0,"timestamp":1608163382,"path_taken":["M","$","?","M","?","R","M","$","T","M","R","?","?","?","R","BOSS","M","?","?","?","M","E","R","?","T","?","M","?","$","?","R","BOSS","M","?","$","?","?","R","E","$","T","R","M","?","?","?","R","BOSS","R","$","E","BOSS"],"items_purchased_type":["Card","Card","Relic","Card","Relic","Card"],"build_version":"2020-12-13","purchased_purges":2,"victory":false,"max_hp_per_floor":[70,70,70,70,70,70,70,70,70,70,70,70,70,70,70,70,75,75,75,75,75,75,75,75,75,75,75,75,75,75,75,75,75,75,75,75,82,82,82,82,82,82,89,89,89,89,89,89,89,89,89,89,89,89,89,89],"card_choices":[{"not_picked":["Shade:BoneShards","Shade:FingerOfDeath","Shade:Awaken"],"picked":"SKIP","floor":1},{"not_picked":["Shade:FuneraryArmor","Shade:SpectralStrikes"],"picked":"Shade:Bite_Shade","floor":4},{"not_picked":["Shade:SelfBurial","Shade:WallOfFlesh","Shade:BoneShards"],"picked":"SKIP","floor":7},{"not_picked":["Shade:GoDigging","Shade:Asphyxiate","Shade:Trample"],"picked":"SKIP","floor":10},{"not_picked":["Shade:GoDigging","Shade:BoneShards"],"picked":"Shade:ExtraLimbs","floor":13},{"not_picked":["Shade:Bonestorm","Shade:Frenzy","Shade:GraveStillness"],"picked":"SKIP","floor":14},{"not_picked":["Shade:RavenousHorde","Shade:FingerOfDeath"],"picked":"Shade:ClawBack","floor":15},{"not_picked":["Shade:MadHubris","Shade:UnbarTheGrave"],"picked":"Shade:Tombstone","floor":16},{"not_picked":["Shade:FeralStrike","Shade:FreshBones"],"picked":"Shade:OpenGraves","floor":17},{"not_picked":["Shade:RavenousHorde","Shade:Frenzy"],"picked":"Shade:SensePrey","floor":18},{"not_picked":["Shade:CallWraith","Shade:SkeletonHug+1"],"picked":"Shade:Excise","floor":21},{"not_picked":["Shade:Trample","Shade:Bonestorm+1"],"picked":"Shade:GreyBargain","floor":22},{"not_picked":["Shade:CloudOfShrapnel","Shade:SelfBurial","Shade:WallOfFlesh"],"picked":"SKIP","floor":23},{"not_picked":["Shade:ClawBack","Shade:Premonition","Shade:Bonestorm"],"picked":"SKIP","floor":28},{"not_picked":["Shade:GraveStillness+1","Shade:CommandSoldier+1","Shade:AuraOfUnlife"],"picked":"SKIP","floor":29},{"not_picked":["Shade:Patience","Shade:FingerOfDeath+1","Shade:Trample"],"picked":"SKIP","floor":35},{"not_picked":["Shade:Premonition","Shade:StitchTogether","Shade:Haruspicy"],"picked":"SKIP","floor":39},{"not_picked":["Shade:DangerousRitual","Shade:CoffinDance+1"],"picked":"Shade:Brains+1","floor":41},{"not_picked":["Shade:BoneShards","Shade:WallOfFlesh+1"],"picked":"Shade:GreyBargain","floor":45},{"not_picked":["Shade:Doomsay","Shade:PoundOfFlesh"],"picked":"Shade:ScuttlingHand+1","floor":48},{"not_picked":["Shade:SpectralStrikes+1","Shade:CallOfTheGrave+1"],"picked":"Shade:Tombstone","floor":49},{"not_picked":["Shade:SanguineRitual+1","Shade:RavenousHorde"],"picked":"Shade:Asphyxiate+1","floor":54}],"player_experience":1027968,"relics_obtained":[{"floor":13,"key":"Matryoshka"},{"floor":20,"key":"Orichalcum"},{"floor":20,"key":"PreservedInsect"},{"floor":23,"key":"Ancient Tea Set"},{"floor":26,"key":"Tiny Chest"},{"floor":26,"key":"Bag of Preparation"},{"floor":27,"key":"Anchor"},{"floor":34,"key":"Boot"},{"floor":34,"key":"Gremlin Horn"},{"floor":34,"key":"Torii"},{"floor":36,"key":"Ice Cream"},{"floor":41,"key":"StoneCalendar"},{"floor":43,"key":"Strawberry"},{"floor":47,"key":"Blood Vial"},{"floor":54,"key":"Bottled Tornado"}],"event_choices":[{"damage_healed":0,"gold_gain":0,"player_choice":"Grow","damage_taken":0,"max_hp_gain":0,"max_hp_loss":0,"event_name":"Living Wall","floor":3,"gold_loss":0,"cards_upgraded":["Shade:AnimateDead"]},{"damage_healed":0,"gold_gain":175,"player_choice":"AGREE","damage_taken":102,"max_hp_gain":0,"max_hp_loss":0,"event_name":"betterThird:BetterSerpent","floor":5,"gold_loss":0},{"damage_healed":70,"gold_gain":0,"player_choice":"Upgrade","damage_taken":14,"max_hp_gain":0,"max_hp_loss":70,"event_name":"betterThird:BetterShining","floor":12,"gold_loss":1,"cards_upgraded":["Shade:Bite_Shade","Shade:Defend_Shade"]},{"damage_healed":0,"gold_gain":0,"player_choice":"Searched \u00271\u0027 times","damage_taken":0,"max_hp_gain":0,"max_hp_loss":0,"event_name":"Dead Adventurer","floor":13,"gold_loss":0},{"damage_healed":0,"gold_gain":0,"player_choice":"Paid Fearfully","damage_taken":0,"max_hp_gain":0,"max_hp_loss":0,"event_name":"Masked Bandits","floor":19,"gold_loss":263},{"damage_healed":0,"gold_gain":0,"player_choice":"Opened","damage_taken":0,"relics_obtained":["War Paint"],"max_hp_gain":0,"max_hp_loss":0,"event_name":"The Mausoleum","floor":25,"gold_loss":0},{"cards_removed":["Shade:Strike_Shade"],"damage_healed":0,"gold_gain":0,"player_choice":"Purged","damage_taken":0,"max_hp_gain":0,"max_hp_loss":0,"event_name":"Purifier","floor":38,"gold_loss":0},{"cards_removed":["Shade:CarefulCut"],"damage_healed":0,"gold_gain":0,"player_choice":"Removed Attack","damage_taken":0,"max_hp_gain":0,"max_hp_loss":0,"event_name":"Falling","floor":46,"gold_loss":0}],"is_beta":false,"boss_relics":[{"not_picked":["Empty Cage","Philosopher\u0027s Stone"],"picked":"Tiny House"},{"not_picked":["Shade:YorickPolishedSkull","Snecko Eye"],"picked":"Calling Bell"}],"items_purged_floors":[8,53],"is_endless":false,"potions_floor_spawned":[1,4,13,18,22,28,48],"killed_by":"The Heart","ascension_level":0}}