{"host":"l3ur77z67xwgcvzd","time":1608183266,"event":{"mods":["2.2 Compatiblity","AchievementEnabler","BaseMod","Bestiary","Better Altar","Better Match","Better Sensory Stone","Better Skull","Better Third Choice","Block Reminder","Booster Modes","Colored Map","Colored Powertips","DeckTracker","Displayed Cursed Tome","Minty Spire (QoL Compilation)","Relic Sorter","Relic Stats","StSLib","Transform Curses","Unknown Chances"],"gold_per_floor":[118,138,158,172,33,58,58,73,73,101,101,111,146,159,159,233,233,247,172,191,106,116,146,146,199,211,257,288,58,77,111,111,188,188,207,217,217,217],"floor_reached":37,"playtime":2856,"items_purged":["Strike_B"],"score":906,"play_id":"751c00d8-b3e0-498c-b3b0-fc559d5c51ce","local_time":"20201216213426","is_ascension_mode":true,"campfire_choices":[{"data":"Self Repair","floor":7.0,"key":"SMITH"},{"data":"Reinforced Body","floor":15.0,"key":"SMITH"},{"data":"Defragment","floor":32.0,"key":"SMITH"}],"circlet_count":0,"master_deck":["AscendersBane","Strike_B","Strike_B","Defend_B","Defend_B","Defend_B","Defend_B","Zap","Dualcast","Melter","Sweeping Beam","Storm","Self Repair+1","Coolheaded","Ball Lightning","Reboot","Capacitor","Reinforced Body+1","Fission","Self Repair+1","Force Field+1","Auto Shields","Cold Snap+1","Compile Driver","Defragment+1","Undo","Conserve Battery","Echo Form","Echo Form","Genetic Algorithm+1"],"relics":["Coffee Dripper","Bronze Scales","Omamori","Vajra","Strawberry","Mercury Hourglass","Black Star","Cables","Bag of Marbles","Letter Opener","MawBank","MealTicket","Art of War","Tiny Chest","Bottled Tornado","Runic Pyramid"],"acts_visited":["TheCity","TheBeyond"],"potions_floor_usage":[],"damage_taken":[{"damage":0.0,"enemies":"Cultist","floor":1.0,"turns":3.0},{"damage":2.0,"enemies":"Small Slimes","floor":2.0,"turns":4.0},{"damage":2.0,"enemies":"Jaw Worm","floor":3.0,"turns":3.0},{"damage":11.0,"enemies":"Looter","floor":4.0,"turns":4.0},{"damage":32.0,"enemies":"Gremlin Nob","floor":6.0,"turns":4.0},{"damage":9.0,"enemies":"Red Slaver","floor":8.0,"turns":3.0},{"damage":21.0,"enemies":"3 Sentries","floor":10.0,"turns":5.0},{"damage":4.0,"enemies":"Blue Slaver","floor":12.0,"turns":3.0},{"damage":28.0,"enemies":"Gremlin Nob","floor":13.0,"turns":4.0},{"damage":6.0,"enemies":"Looter","floor":14.0,"turns":3.0},{"damage":16.0,"enemies":"The Guardian","floor":16.0,"turns":9.0},{"damage":0.0,"enemies":"Spheric Guardian","floor":18.0,"turns":3.0},{"damage":0.0,"enemies":"3 Byrds","floor":20.0,"turns":3.0},{"damage":20.0,"enemies":"Snake Plant","floor":22.0,"turns":4.0},{"damage":32.0,"enemies":"Book of Stabbing","floor":23.0,"turns":5.0},{"damage":28.0,"enemies":"Slavers","floor":27.0,"turns":3.0},{"damage":26.0,"enemies":"Sentry and Sphere","floor":28.0,"turns":3.0},{"damage":17.0,"enemies":"Centurion and Healer","floor":30.0,"turns":7.0},{"damage":2.0,"enemies":"Book of Stabbing","floor":31.0,"turns":6.0},{"damage":27.0,"enemies":"Collector","floor":33.0,"turns":8.0},{"damage":26,"enemies":"3 Darklings","floor":35,"turns":5},{"damage":10,"enemies":"3 Shapes","floor":36,"turns":4},{"damage":82,"enemies":"Transient","floor":37,"turns":5}],"seed_played":"8060344784730792475","potions_obtained":[{"floor":8.0,"key":"Regen Potion"},{"floor":10.0,"key":"Energy Potion"},{"floor":14.0,"key":"Ancient Potion"},{"floor":16.0,"key":"EntropicBrew"},{"floor":22.0,"key":"Energy Potion"},{"floor":27.0,"key":"FearPotion"},{"floor":30.0,"key":"FocusPotion"},{"floor":33.0,"key":"BlessingOfTheForge"}],"is_trial":false,"path_per_floor":["M","M","M","M","$","E","R","M","T","E","T","M","E","M","R","B",null,"M","?","M","?","M","E","?","T","T","E","M","$","M","E","R","B",null,"M","M","M"],"character_chosen":"DEFECT","items_purchased":["Self Repair","BlessingOfTheForge","Defragment","Undo"],"campfire_rested":0,"item_purchase_floors":[5,5,29,29],"current_hp_per_floor":[64,62,60,49,49,27,27,28,28,31,38,44,26,20,20,14,62,72,72,78,78,78,66,66,66,66,58,52,67,70,78,78,78,78,78,78,0,0],"gold":217,"neow_bonus":"BOSS_RELIC","is_daily":false,"chose_seed":false,"campfire_upgraded":3,"win_rate":0.0,"timestamp":1608183266,"path_taken":["M","M","M","M","$","E","R","M","T","E","?","M","E","M","R","BOSS","M","?","M","?","M","E","?","?","T","E","M","?","?","E","R","BOSS","M","M","M"],"items_purchased_type":["Card","Potion","Card","Card"],"build_version":"2020-12-13","purchased_purges":1,"victory":false,"max_hp_per_floor":[71,71,71,71,71,71,71,71,71,71,78,78,78,78,78,78,78,78,78,78,78,78,78,78,78,78,78,78,78,78,78,78,78,78,78,78,78,78],"relic_stats":{"counters":[23,100],"Bronze Scales":[330],"MealTicket":15,"Tiny Chest":0,"Black Star":3,"Art of War":[10],"Letter Opener":[119],"MawBank":48,"obtain_stats":[{"Vajra":10,"Omamori":9,"Letter Opener":23,"Bottled Tornado":31,"MawBank":25,"Mercury Hourglass":13,"Cables":21,"Bronze Scales":6,"Strawberry":11,"MealTicket":27,"Tiny Chest":31,"Coffee Dripper":0,"Black Star":17,"Bag of Marbles":23,"Art of War":27,"Cracked Core":0,"Runic Pyramid":34},{"Vajra":7,"Omamori":6,"Letter Opener":15,"Bottled Tornado":19,"MawBank":15,"Mercury Hourglass":9,"Cables":13,"Bronze Scales":5,"Strawberry":7,"MealTicket":16,"Tiny Chest":19,"Coffee Dripper":0,"Black Star":11,"Bag of Marbles":15,"Art of War":16,"Cracked Core":0,"Runic Pyramid":20},{"Vajra":26,"Omamori":21,"Letter Opener":59,"Bottled Tornado":78,"MawBank":59,"Mercury Hourglass":33,"Cables":50,"Bronze Scales":18,"Strawberry":26,"MealTicket":62,"Tiny Chest":78,"Coffee Dripper":0,"Black Star":44,"Bag of Marbles":59,"Art of War":62,"Cracked Core":0,"Runic Pyramid":86}],"Mercury Hourglass":[272],"Cables":[33,17,16,0,0]},"card_choices":[{"not_picked":["Gash","Beam Cell","Redo"],"picked":"SKIP","floor":1.0},{"not_picked":["Barrage","Capacitor"],"picked":"Melter","floor":2.0},{"not_picked":["Coolheaded","Turbo"],"picked":"Sweeping Beam","floor":3.0},{"not_picked":["Gash","Beam Cell"],"picked":"Storm","floor":4.0},{"not_picked":["FTL","Ball Lightning"],"picked":"Coolheaded","floor":6.0},{"not_picked":["Hologram","Streamline"],"picked":"Ball Lightning","floor":8.0},{"not_picked":["Melter","Redo"],"picked":"Reboot","floor":10.0},{"not_picked":["Hologram","Scrape","Recycle"],"picked":"SKIP","floor":12.0},{"not_picked":["Go for the Eyes","Cold Snap"],"picked":"Capacitor","floor":13.0},{"not_picked":["Rebound","Redo"],"picked":"Reinforced Body","floor":14.0},{"not_picked":["Multi-Cast","Thunder Strike"],"picked":"Fission","floor":16.0},{"not_picked":["Beam Cell","Barrage"],"picked":"Self Repair+1","floor":18.0},{"not_picked":["Turbo","Chaos","Redo"],"picked":"SKIP","floor":20.0},{"not_picked":["Ball Lightning","Gash"],"picked":"Force Field+1","floor":22.0},{"not_picked":["Hello World","Sweeping Beam"],"picked":"Auto Shields","floor":23.0},{"not_picked":["Hello World","Fusion"],"picked":"Cold Snap+1","floor":27.0},{"not_picked":["Steam Power+1","Leap+1"],"picked":"Compile Driver","floor":28.0},{"not_picked":["Beam Cell","Steam"],"picked":"Conserve Battery","floor":30.0},{"not_picked":["Turbo","Hologram+1"],"picked":"Echo Form","floor":31.0},{"not_picked":["Reboot","Machine Learning"],"picked":"Echo Form","floor":33.0},{"not_picked":["Undo","Turbo+1"],"picked":"Genetic Algorithm+1","floor":35},{"not_picked":["Rebound","Steam+1","Compile Driver"],"picked":"SKIP","floor":36}],"player_experience":380271,"relics_obtained":[{"floor":6.0,"key":"Bronze Scales"},{"floor":9.0,"key":"Omamori"},{"floor":10.0,"key":"Vajra"},{"floor":11.0,"key":"Strawberry"},{"floor":13.0,"key":"Mercury Hourglass"},{"floor":23.0,"key":"Bag of Marbles"},{"floor":23.0,"key":"Letter Opener"},{"floor":25.0,"key":"MawBank"},{"floor":27.0,"key":"MealTicket"},{"floor":27.0,"key":"Art of War"},{"floor":31.0,"key":"Tiny Chest"},{"floor":31.0,"key":"Bottled Tornado"}],"event_choices":[{"cards_removed":["Strike_B"],"damage_healed":0.0,"max_hp_gain":0.0,"max_hp_loss":0.0,"gold_gain":0.0,"event_name":"Beggar","player_choice":"Gave Gold","floor":19.0,"gold_loss":75.0,"damage_taken":0.0},{"damage_healed":0.0,"max_hp_gain":0.0,"max_hp_loss":0.0,"gold_gain":0.0,"event_name":"Addict","player_choice":"Obtained Relic","floor":21.0,"gold_loss":85.0,"damage_taken":0.0,"relics_obtained":["Cables"]},{"damage_healed":0.0,"max_hp_gain":0.0,"max_hp_loss":0.0,"gold_gain":0.0,"event_name":"The Mausoleum","player_choice":"Ignored","floor":24.0,"gold_loss":0.0,"damage_taken":0.0}],"is_beta":false,"boss_relics":[{"not_picked":["SacredBark","Fusion Hammer"],"picked":"Black Star"},{"not_picked":["Busted Crown","Calling Bell"],"picked":"Runic Pyramid"}],"items_purged_floors":[29],"is_endless":false,"potions_floor_spawned":[8,10,14,16,22,27,30,31,33,35],"killed_by":"Transient","ascension_level":20}}