{"host":"z60ck2mpr6goyib8","time":1608230220,"event":{"mods":["BaseMod","Best Route Mod","Bestiary","Better Third Choice","Block Reminder","Colored Map","Colored Powertips","Googly Eyes","Minty Spire (QoL Compilation)","Quick Restart","Relic Stats","Slay-I","StSLib","everything is the same but u backflip on backflip"],"gold_per_floor":[113,288,363,33,98,128,128,163,238,238,257,257,270,289,289,394,394,412,412,412,412,432,432,466,466,466,466,80,80,179,179,179],"floor_reached":31,"playtime":783,"items_purged":["Doubt"],"score":411,"play_id":"5c1361a8-9dfb-4cd6-9700-75278dda60ad","local_time":"20201217183700","is_ascension_mode":true,"campfire_choices":[{"data":"Fire Breathing","floor":7,"key":"SMITH"},{"data":"Combust","floor":10,"key":"SMITH"},{"floor":12,"key":"REST"},{"data":"Shrug It Off","floor":15,"key":"SMITH"},{"data":"Metallicize","floor":23,"key":"SMITH"},{"data":"Impervious","floor":29,"key":"SMITH"}],"circlet_count":0,"master_deck":["AscendersBane","Defend_R","Defend_R","Defend_R","Bash","Wild Strike+1","Reaper+1","Evolve+1","Shockwave","Combust+1","Fire Breathing+1","Wild Strike","Thunderclap","Spot Weakness","Shrug It Off+1","Reaper+1","Ghostly Armor","Bite","Bite","Bite","Bite","Bite","Inflame","Metallicize+1","Shrug It Off+1","Impervious+1"],"relics":["Orichalcum","Peace Pipe","Juzu Bracelet","Paper Frog","Runic Dome","Gambling Chip","Meat on the Bone","Nloth\u0027s Gift","Incense Burner"],"acts_visited":["Exordium","TheCity"],"potions_floor_usage":[16],"damage_taken":[{"damage":4,"enemies":"Small Slimes","floor":1,"turns":3},{"damage":29,"enemies":"3 Sentries","floor":6,"turns":5},{"damage":27,"enemies":"Lagavulin","floor":8,"turns":5},{"damage":8,"enemies":"Jaw Worm","floor":11,"turns":3},{"damage":9,"enemies":"2 Louse","floor":13,"turns":2},{"damage":15,"enemies":"Blue Slaver","floor":14,"turns":3},{"damage":23,"enemies":"Slime Boss","floor":16,"turns":6},{"damage":24,"enemies":"Spheric Guardian","floor":18,"turns":4},{"damage":24,"enemies":"2 Thieves","floor":22,"turns":4},{"damage":67,"enemies":"Gremlin Leader","floor":24,"turns":7},{"damage":18,"enemies":"Snake Plant","floor":31,"turns":1}],"seed_played":"-5996550019180184374","potions_obtained":[{"floor":1,"key":"EssenceOfSteel"},{"floor":11,"key":"BloodPotion"},{"floor":16,"key":"PowerPotion"}],"is_trial":false,"path_per_floor":["M","?","?","$","?","E","R","E","T","R","M","R","M","M","R","B",null,"M","?","?","?","M","R","E","?","T","?","$","R","?","M"],"character_chosen":"IRONCLAD","items_purchased":["Orichalcum","Shockwave","Combust","Incense Burner","Impervious"],"campfire_rested":1,"item_purchase_floors":[4,4,4,28,28],"current_hp_per_floor":[71,71,60,60,60,52,52,31,31,31,23,47,43,28,28,29,67,43,43,43,43,39,39,13,13,13,13,13,13,13,0,0],"gold":179,"neow_bonus":"BOSS_RELIC","is_daily":false,"chose_seed":false,"campfire_upgraded":5,"win_rate":0.0,"timestamp":1608230220,"path_taken":["M","?","?","$","?","E","R","E","T","R","M","R","M","M","R","BOSS","M","?","?","?","M","R","E","?","T","?","?","R","?","M"],"items_purchased_type":["Relic","Card","Card","Relic","Card"],"build_version":"2020-12-13","purchased_purges":1,"victory":false,"max_hp_per_floor":[80,80,80,80,80,80,80,80,80,80,80,80,80,80,80,80,80,80,56,56,56,56,56,56,56,56,56,56,56,56,56,56],"relic_stats":{"Peace Pipe":0,"counters":[11,43],"Gambling Chip":[1],"Juzu Bracelet":3,"Nloth\u0027s Gift":0,"Orichalcum":[174],"obtain_stats":[{"Peace Pipe":6,"Runic Dome":17,"Astrolabe":0,"Gambling Chip":24,"Juzu Bracelet":8,"Nloth\u0027s Gift":27,"Incense Burner":28,"Orichalcum":4,"Burning Blood":0,"Paper Frog":9,"Meat on the Bone":26},{"Peace Pipe":2,"Runic Dome":7,"Astrolabe":0,"Gambling Chip":10,"Juzu Bracelet":3,"Nloth\u0027s Gift":10,"Incense Burner":10,"Orichalcum":1,"Burning Blood":0,"Paper Frog":3,"Meat on the Bone":10},{"Peace Pipe":8,"Runic Dome":27,"Astrolabe":0,"Gambling Chip":42,"Juzu Bracelet":13,"Nloth\u0027s Gift":42,"Incense Burner":42,"Orichalcum":3,"Burning Blood":0,"Paper Frog":13,"Meat on the Bone":42}],"Meat on the Bone":0},"card_choices":[{"not_picked":["Whirlwind","Entrench"],"picked":"Clothesline","floor":1},{"not_picked":["Blood for Blood","Pommel Strike"],"picked":"Fire Breathing","floor":6},{"not_picked":["Iron Wave","Evolve"],"picked":"Wild Strike","floor":8},{"not_picked":["Shrug It Off","Entrench"],"picked":"Thunderclap","floor":11},{"not_picked":["Cleave","Sword Boomerang"],"picked":"Spot Weakness","floor":13},{"not_picked":["Anger","Wild Strike"],"picked":"Shrug It Off","floor":14},{"not_picked":["Feed","Corruption"],"picked":"Reaper","floor":16},{"not_picked":["True Grit","Headbutt"],"picked":"Ghostly Armor","floor":18},{"not_picked":["True Grit+1","Armaments"],"picked":"Metallicize","floor":22},{"not_picked":["Dark Embrace","Twin Strike"],"picked":"Shrug It Off+1","floor":24}],"player_experience":495356,"relics_obtained":[{"floor":6,"key":"Peace Pipe"},{"floor":8,"key":"Juzu Bracelet"},{"floor":9,"key":"Paper Frog"},{"floor":24,"key":"Gambling Chip"},{"floor":26,"key":"Meat on the Bone"}],"event_choices":[{"damage_healed":0,"gold_gain":175,"player_choice":"AGREE","damage_taken":113,"max_hp_gain":0,"max_hp_loss":0,"event_name":"betterThird:BetterSerpent","floor":2,"gold_loss":0},{"damage_healed":0,"gold_gain":75,"player_choice":"Gold","damage_taken":11,"max_hp_gain":0,"max_hp_loss":0,"event_name":"betterThird:BetterGoop","floor":3,"gold_loss":0},{"damage_healed":0,"gold_gain":65,"player_choice":"Gained Gold","damage_taken":0,"max_hp_gain":0,"max_hp_loss":0,"event_name":"Golden Wing","floor":5,"gold_loss":0},{"damage_healed":0,"gold_gain":0,"player_choice":"Became a vampire","damage_taken":0,"max_hp_gain":0,"max_hp_loss":24,"event_name":"Vampires","floor":19,"gold_loss":0,"cards_obtained":["Bite","Bite","Bite","Bite","Bite"]},{"damage_healed":0,"gold_gain":0,"player_choice":"Read","damage_taken":0,"max_hp_gain":0,"max_hp_loss":0,"event_name":"The Library","floor":20,"gold_loss":0,"cards_obtained":["Inflame"]},{"cards_removed":["Clothesline"],"damage_healed":0,"gold_gain":0,"player_choice":"Purged","damage_taken":0,"max_hp_gain":0,"max_hp_loss":0,"event_name":"Purifier","floor":21,"gold_loss":0},{"damage_healed":0,"gold_gain":0,"player_choice":"Upgraded","damage_taken":0,"max_hp_gain":0,"max_hp_loss":0,"event_name":"Upgrade Shrine","floor":25,"gold_loss":0,"cards_upgraded":["Reaper"]},{"damage_healed":0,"gold_gain":0,"player_choice":"Traded Relic","damage_taken":0,"relics_obtained":["Nloth\u0027s Gift"],"max_hp_gain":0,"max_hp_loss":0,"event_name":"N\u0027loth","floor":27,"relics_lost":["Astrolabe"],"gold_loss":0},{"damage_healed":0,"gold_gain":99,"player_choice":"Steal","damage_taken":0,"max_hp_gain":0,"max_hp_loss":0,"event_name":"betterThird:BetterNest","floor":30,"gold_loss":0}],"is_beta":false,"boss_relics":[{"not_picked":["SacredBark","Runic Pyramid"],"picked":"Runic Dome"}],"items_purged_floors":[4],"is_endless":false,"potions_floor_spawned":[1,11,16],"killed_by":"Snake Plant","ascension_level":10}}