{"host":"wha9hktbkslqvblg","time":1608164879,"event":{"mods":["BaseMod","Colored Map","Minty Spire (QoL Compilation)","Relic Stats","SuperFastMode","everything is the same but u backflip on backflip"],"gold_per_floor":[111,125,125,50,50,50,82,112,112,112,112,12,76,92,92,92,92],"floor_reached":16,"playtime":534,"items_purged":["Strike_R","Strike_R"],"score":192,"play_id":"b347ba5f-4366-4cf6-86bd-bbc3a823160d","local_time":"20201217092759","is_ascension_mode":true,"campfire_choices":[{"data":"Bash","floor":6.0,"key":"SMITH"},{"data":"Burning Pact","floor":10.0,"key":"SMITH"},{"data":"Rage","floor":15.0,"key":"SMITH"}],"circlet_count":0,"master_deck":["AscendersBane","Defend_R","Defend_R","Defend_R","Bash+1","Dropkick","Inflame","Burning Pact+1","Shrug It Off","Dropkick","Rage+1"],"relics":["Burning Blood","Question Card","Odd Mushroom","Paper Frog","Strawberry"],"acts_visited":["Exordium"],"potions_floor_usage":[16],"damage_taken":[{"damage":7.0,"enemies":"Small Slimes","floor":1.0,"turns":3.0},{"damage":9.0,"enemies":"2 Louse","floor":2.0,"turns":3.0},{"damage":11.0,"enemies":"Gremlin Nob","floor":7.0,"turns":3.0},{"damage":20.0,"enemies":"The Mushroom Lair","floor":8.0,"turns":5.0},{"damage":39.0,"enemies":"Gremlin Nob","floor":13.0,"turns":4.0},{"damage":6.0,"enemies":"Jaw Worm","floor":14.0,"turns":2.0},{"damage":30,"enemies":"Slime Boss","floor":16,"turns":8}],"seed_played":"2345905148110157463","potions_obtained":[{"floor":2.0,"key":"Swift Potion"},{"floor":7.0,"key":"EssenceOfSteel"}],"is_trial":false,"path_per_floor":["M","M","?","$","?","R","E","?","T","R","?","$","?","M","R","B"],"character_chosen":"IRONCLAD","items_purchased":[],"campfire_rested":0,"item_purchase_floors":[],"current_hp_per_floor":[67,64,64,64,57,57,52,38,38,38,60,60,34,34,34,4,4],"gold":92,"neow_bonus":"TRANSFORM_TWO_CARDS","is_daily":false,"chose_seed":false,"campfire_upgraded":3,"win_rate":0.0,"timestamp":1608164879,"path_taken":["M","M","?","$","?","R","E","?","T","R","?","$","?","M","R","BOSS"],"items_purchased_type":[],"build_version":"2020-12-13","purchased_purges":2,"victory":false,"max_hp_per_floor":[68,68,68,68,68,68,68,68,68,68,68,68,75,75,75,75,75],"relic_stats":{"counters":[7,28],"Question Card":3,"obtain_stats":[{"Strawberry":13,"Odd Mushroom":8,"Question Card":7,"Burning Blood":0,"Paper Frog":9},{"Strawberry":4,"Odd Mushroom":4,"Question Card":3,"Burning Blood":0,"Paper Frog":4},{"Strawberry":14,"Odd Mushroom":14,"Question Card":9,"Burning Blood":0,"Paper Frog":14}],"Burning Blood":36},"card_choices":[{"not_picked":["Havoc","Anger"],"picked":"Burning Pact","floor":1.0},{"not_picked":["Burning Pact","Flex"],"picked":"Shrug It Off","floor":2.0},{"not_picked":["Uppercut","Warcry","Headbutt"],"picked":"SKIP","floor":7.0},{"not_picked":["Burning Pact","Flame Barrier","Twin Strike"],"picked":"Rage","floor":8.0},{"not_picked":["True Grit","Thunderclap","Armaments","Disarm"],"picked":"SKIP","floor":14.0}],"player_experience":858564,"relics_obtained":[{"floor":7.0,"key":"Question Card"},{"floor":8.0,"key":"Odd Mushroom"},{"floor":9.0,"key":"Paper Frog"}],"event_choices":[{"damage_healed":0.0,"max_hp_gain":0.0,"max_hp_loss":0.0,"gold_gain":0.0,"cards_transformed":["Strike_R"],"event_name":"Living Wall","player_choice":"Change","floor":3.0,"gold_loss":0.0,"damage_taken":0.0,"cards_obtained":["Dropkick"]},{"cards_removed":["Strike_R"],"damage_healed":0.0,"max_hp_gain":0.0,"max_hp_loss":0.0,"gold_gain":0.0,"event_name":"Golden Wing","player_choice":"Card Removal","floor":5.0,"gold_loss":0.0,"damage_taken":7.0},{"damage_healed":0.0,"max_hp_gain":0.0,"max_hp_loss":0.0,"gold_gain":0.0,"event_name":"Mushrooms","player_choice":"Fought Mushrooms","floor":8.0,"gold_loss":0.0,"damage_taken":0.0},{"damage_healed":22.0,"max_hp_gain":0.0,"max_hp_loss":0.0,"gold_gain":0.0,"event_name":"Big Fish","player_choice":"Banana","floor":11.0,"gold_loss":0.0,"damage_taken":0.0},{"damage_healed":0.0,"max_hp_gain":0.0,"max_hp_loss":0.0,"gold_gain":0.0,"event_name":"Dead Adventurer","player_choice":"Searched \u00273\u0027 times","floor":13.0,"gold_loss":0.0,"damage_taken":0.0,"relics_obtained":["Strawberry"]}],"is_beta":false,"boss_relics":[],"items_purged_floors":[4,12],"is_endless":false,"potions_floor_spawned":[2,7],"killed_by":"Slime Boss","ascension_level":20}}