{"host":"yhemb00fn7g5zwp1","time":1608198465,"event":{"mods":["AchievementEnabler","Act Like it!","BaseMod","CapriCore","Gensokyo","Hallownest","Highlight Path","KinomotoSakuraMod(Ä¾Ö®±¾Ó£)","Koishi","KomeijiMod","Marisa£¨ìFÓê¡¡Ä§ÀíÉ³£©","Minty Spire (QoL Compilation)","MostiFishMod","Pale of the Ancients","Prisma Mod","Reimu£¨²©ÀöÁéÃÎ£©","Remilia£¨ÀÙÃ×ÀòÑÇ£©","StSLib","Td1madao Mod","The Factory","The Hayseed","The Servant 0.9.4","Youmu£¨»êÆÇÑýÃÎ£©","Yuyuko","¡¾¶«·½¶þ´Î´´×÷¡¿°ËÔÆ×Ïmod","¡¾ÒÅÎï¿¨ÅÆ¡¿REMEMod"],"gold_per_floor":[18,18,18,18,38,38,52,87,133,163,163,173,173,189,189,189,189],"floor_reached":16,"playtime":561,"items_purged":[],"score":250,"play_id":"b79b4f57-c5d3-4793-93e9-44eab38e2b03","local_time":"20201217174745","is_ascension_mode":true,"campfire_choices":[{"data":"Intimidate","floor":6,"key":"SMITH"},{"data":"Bash","floor":11,"key":"SMITH"},{"data":"Uppercut","floor":15,"key":"SMITH"}],"circlet_count":0,"master_deck":["AscendersBane","Strike_R","Strike_R","Strike_R","Strike_R","Defend_R","Defend_R","Defend_R","Bash+1","Pummel","CherryBlossomFlashing","Thunderclap","Dropkick+1","Intimidate+1","Thunderclap","Clothesline","Carnage","Uppercut+1","Pommel Strike"],"relics":["Burning Blood","REME_ComplimentaryCards","DaveBox","GreenFoldingFan","Question Card","Gensokyo:Justice","Bag of Preparation","REME_HandOfSuture","Bag of Marbles","Gensokyo:NagashiBinaDoll"],"acts_visited":["Exordium"],"potions_floor_usage":[8,16,16],"damage_taken":[{"damage":14,"enemies":"Gensokyo:Gryphon","floor":1,"turns":3},{"damage":4,"enemies":"Gensokyo:3_Fairies","floor":5,"turns":2},{"damage":4,"enemies":"Gensokyo:2_Kodama","floor":7,"turns":2},{"damage":22,"enemies":"Gensokyo:Mamizou","floor":8,"turns":6},{"damage":8,"enemies":"Gensokyo:Cirno","floor":10,"turns":4},{"damage":4,"enemies":"Gensokyo:VengefulSpirit","floor":12,"turns":2},{"damage":4,"enemies":"Gensokyo:LivingMonolith","floor":14,"turns":2},{"damage":78,"enemies":"Gensokyo:Yukari","floor":16,"turns":8}],"seed_played":"-8089241080492009273","potions_obtained":[{"floor":1,"key":"FearPotion"},{"floor":7,"key":"MagicPotion:ReiMu"},{"floor":12,"key":"CalmPotion"}],"is_trial":false,"path_per_floor":["M","?","?","$","M","R","M","E","T","E","R","M","?","M","R","B"],"character_chosen":"IRONCLAD","items_purchased":[],"campfire_rested":0,"item_purchase_floors":[],"current_hp_per_floor":[70,70,70,70,75,75,75,69,69,75,75,75,75,75,75,0,0],"gold":189,"neow_bonus":"TRANSFORM_TWO_CARDS","is_daily":false,"chose_seed":false,"campfire_upgraded":3,"win_rate":0.0,"timestamp":1608198465,"path_taken":["M","?","?","?","?","R","?","E","T","E","R","M","?","?","R","BOSS"],"items_purchased_type":[],"build_version":"2020-12-13","purchased_purges":0,"victory":false,"max_hp_per_floor":[75,75,75,75,75,75,75,75,75,75,75,75,75,75,75,75,75],"card_choices":[{"not_picked":["Wild Strike","Second Wind"],"picked":"Thunderclap","floor":1},{"not_picked":["Anger","Heavy Blade","Power Through"],"picked":"Intimidate","floor":5},{"not_picked":["Havoc","Headbutt","Carnage"],"picked":"Thunderclap","floor":7},{"not_picked":["Wild Strike","Warcry","Hemokinesis"],"picked":"Clothesline","floor":8},{"not_picked":["Combust","Cleave","MostiFishMod:ChineseTea"],"picked":"Carnage","floor":10},{"not_picked":["MostiFishMod:BrandingRite","True Grit","Sword Boomerang"],"picked":"Uppercut","floor":12},{"not_picked":["Headbutt","Body Slam","Havoc"],"picked":"Pommel Strike","floor":14}],"player_experience":426595,"relics_obtained":[{"floor":1,"key":"Question Card"},{"floor":8,"key":"Bag of Preparation"},{"floor":9,"key":"REME_HandOfSuture"},{"floor":10,"key":"Bag of Marbles"}],"event_choices":[],"is_beta":false,"boss_relics":[],"items_purged_floors":[],"is_endless":false,"potions_floor_spawned":[1,7,12],"killed_by":"Gensokyo:Yukari","ascension_level":20}}