{"host":"90zmhqhem9nbzoc6","time":1608185769,"event":{"mods":["AchievementEnabler","Aspiration","BaseMod","Better Note","Better Third Choice","BetterRewards","Colored Map","Colored Powertips","Conspire","Downfall","Energized Spire","Friendly Minions","GifTheSpireLib","Hermit","Hubris","Infinite Spire","Minty Spire (QoL Compilation)","Quick Restart","Replay The Spire","Spikes Relics","StSLib","Stuff the Spire","The Blue Laboratory","The Jungle"],"gold_per_floor":[109,284,284,303,318,318,318],"floor_reached":6,"playtime":277,"items_purged":[],"score":36,"play_id":"f397b3eb-7d05-447a-97ef-dd61d50e4172","local_time":"20201216221609","is_ascension_mode":false,"campfire_choices":[],"circlet_count":0,"master_deck":["hermit:Strike_Hermit","hermit:Strike_Hermit","hermit:Strike_Hermit","hermit:Strike_Hermit","hermit:Defend_Hermit","hermit:Defend_Hermit","hermit:Defend_Hermit","hermit:Defend_Hermit","hermit:Snapshot","hermit:Covet","expansioncontent:Chronoboost","hermit:BigShot","hermit:Quickdraw","Doubt","hermit:Dive","hermit:Horror"],"relics":["hermit:Momento","StuffTheSpire:BottledEssence","StuffTheSpire:Experiment12"],"acts_visited":["Exordium"],"potions_floor_usage":[6,6],"damage_taken":[{"damage":5,"enemies":"2 Louse","floor":1,"turns":2},{"damage":10,"enemies":"Small Slimes","floor":4,"turns":5},{"damage":0,"enemies":"Cultist","floor":5,"turns":4},{"damage":61,"enemies":"3 Sentries","floor":6,"turns":12}],"seed_played":"6026574611473766269","potions_obtained":[{"floor":4,"key":"SkillPotion"},{"floor":5,"key":"SkillPotion"}],"is_trial":false,"path_per_floor":["M","?","?","M","M","E"],"character_chosen":"HERMIT","items_purchased":["StuffTheSpire:BottledEssence","expansioncontent:Chronoboost","hermit:BigShot","hermit:Magnum"],"campfire_rested":0,"item_purchase_floors":[0,0,0,0],"current_hp_per_floor":[70,70,70,60,60,0,0],"gold":318,"neow_bonus":"","is_daily":false,"chose_seed":false,"campfire_upgraded":0,"win_rate":0.0,"timestamp":1608185769,"path_taken":["M","?","?","M","M","E"],"items_purchased_type":["Relic","Card","Card","Card"],"build_version":"2020-12-13","purchased_purges":0,"victory":false,"max_hp_per_floor":[75,75,75,75,75,75,75],"card_choices":[{"not_picked":["hermit:ItchyTrigger","hermit:LoneWolf"],"picked":"hermit:Quickdraw","floor":1},{"not_picked":["hermit:DeadMansHand","hermit:CalledShot"],"picked":"hermit:Dive","floor":4},{"not_picked":["hermit:LowProfile","hermit:BodyArmor"],"picked":"hermit:Horror","floor":5}],"player_experience":210857,"relics_obtained":[],"event_choices":[{"damage_healed":0,"gold_gain":175,"player_choice":"AGREE","damage_taken":109,"max_hp_gain":0,"max_hp_loss":0,"event_name":"betterThird:BetterSerpent","floor":2,"gold_loss":0},{"cards_removed":["hermit:Magnum"],"damage_healed":0,"gold_gain":0,"player_choice":"Gave Card","damage_taken":0,"relics_obtained":["StuffTheSpire:Experiment12"],"max_hp_gain":0,"max_hp_loss":0,"event_name":"WeMeetAgain","floor":3,"gold_loss":0}],"is_beta":false,"boss_relics":[],"items_purged_floors":[],"is_endless":false,"potions_floor_spawned":[4,5],"killed_by":"3 Sentries","ascension_level":0}}