{"host":"0fm1w3v00gid44jl","time":1608224595,"event":{"mods":["AchievementEnabler","BaseMod","Colored Map","Colored Powertips","Displayed Cursed Tome","Googly Eyes","Highlight Path","Minty Spire (QoL Compilation)","Permanent Neow","Relic Stats","StSLib","SuperFastMode","slay the spire mod where everything is the same but ironclad has a cowboy hat"],"gold_per_floor":[360,310,16,31,51,51,51],"floor_reached":6,"playtime":235,"items_purged":["Strike_G"],"score":38,"play_id":"42732286-bb5c-4be6-bbde-5330fcbca164","local_time":"20201217110315","is_ascension_mode":true,"campfire_choices":[],"circlet_count":0,"master_deck":["Strike_G","Strike_G","Strike_G","Defend_G","Defend_G","Defend_G","Defend_G","Defend_G","Survivor","Neutralize","Blade Dance","Accuracy","Backflip","A Thousand Cuts"],"relics":["Ring of the Snake","Chemical X"],"acts_visited":["Exordium"],"potions_floor_usage":[],"damage_taken":[{"damage":0,"enemies":"Jaw Worm","floor":1,"turns":5},{"damage":4,"enemies":"2 Louse","floor":4,"turns":2},{"damage":0,"enemies":"Cultist","floor":5,"turns":2},{"damage":49,"enemies":"Gremlin Nob","floor":6,"turns":5}],"seed_played":"-2870667176103301443","potions_obtained":[{"floor":4,"key":"Energy Potion"},{"floor":5,"key":"Dexterity Potion"}],"is_trial":false,"path_per_floor":["M","?","$","M","M","E"],"character_chosen":"THE_SILENT","items_purchased":["Accuracy","Chemical X"],"campfire_rested":0,"item_purchase_floors":[3,3],"current_hp_per_floor":[49,49,49,45,45,0,0],"gold":51,"neow_bonus":"TWO_FIFTY_GOLD","is_daily":false,"chose_seed":false,"campfire_upgraded":0,"win_rate":0.0,"timestamp":1608224595,"path_taken":["M","?","$","M","M","E"],"items_purchased_type":["Card","Relic"],"build_version":"2020-12-13","purchased_purges":1,"victory":false,"max_hp_per_floor":[70,70,70,70,70,70,70],"relic_stats":{"counters":[4,14],"Chemical X":[1],"obtain_stats":[{"Chemical X":3,"Ring of the Snake":0},{"Chemical X":1,"Ring of the Snake":0},{"Chemical X":5,"Ring of the Snake":0}],"Ring of the Snake":[8]},"card_choices":[{"not_picked":["PiercingWail","Prepared"],"picked":"Blade Dance","floor":1},{"not_picked":["Reflex","Bane"],"picked":"Backflip","floor":4},{"not_picked":["Acrobatics","Outmaneuver"],"picked":"A Thousand Cuts","floor":5}],"player_experience":1109821,"relics_obtained":[],"event_choices":[{"cards_removed":["Strike_G"],"damage_healed":0,"gold_gain":0,"player_choice":"Card Removal","damage_taken":0,"max_hp_gain":0,"max_hp_loss":0,"event_name":"The Cleric","floor":2,"gold_loss":50}],"is_beta":false,"boss_relics":[],"items_purged_floors":[3],"is_endless":false,"potions_floor_spawned":[4,5],"killed_by":"Gremlin Nob","ascension_level":1}}