{"host":"c2vrdknshfutmcsq","time":1608205407,"event":{"mods":["BaseMod","Minty Spire (QoL Compilation)"],"gold_per_floor":[113,2,2,2,17,52,52,84,135,173,185,212,234,246,258,369,381,405,417,344,49,59,88,88,106,106,118,133,159,159,170,170,266,266,283,300,300,11,23,55,73,73,99,116,148,148,148,160,160,160],"floor_reached":51,"playtime":6373,"items_purged":["Strike_B","Strike_B","Strike_B"],"score":1227,"play_id":"1dc9fb86-4b33-4714-8009-9f56bbc30c57","local_time":"20201217124327","is_ascension_mode":true,"campfire_choices":[{"data":"Zap","floor":7.0,"key":"SMITH"},{"data":"Fusion","floor":11.0,"key":"SMITH"},{"floor":15.0,"key":"REST"},{"floor":24.0,"key":"REST"},{"floor":32.0,"key":"REST"},{"data":"Creative AI","floor":42.0,"key":"SMITH"},{"floor":46.0,"key":"REST"},{"floor":49.0,"key":"REST"}],"circlet_count":0,"master_deck":["AscendersBane","Defend_B","Defend_B","Defend_B","Zap+1","Dualcast+1","Fusion+1","Melter","Ball Lightning+1","All For One","Sunder","Beam Cell+1","Capacitor","Aggregate","Multi-Cast","Streamline","Glacier","Compile Driver","Leap","FTL+1","Compile Driver","Conserve Battery","Leap","Conserve Battery+1","Creative AI+1","Conserve Battery+1","Chaos+1","Go for the Eyes","Ball Lightning+1","Tempest+1","White Noise","Barrage+1","All For One","Reinforced Body"],"relics":["Cracked Core","NeowsBlessing","Bag of Preparation","Smiling Mask","MawBank","Lantern","Busted Crown","Enchiridion","Lizard Tail","Pen Nib","Orichalcum","Pear","Omamori","Calling Bell","Centennial Puzzle","Ornamental Fan","Prayer Wheel","Nunchaku","White Beast Statue","Blood Vial","Toy Ornithopter"],"acts_visited":["Exordium","TheCity","TheBeyond"],"potions_floor_usage":[50,50,50,50],"damage_taken":[{"damage":0.0,"enemies":"Jaw Worm","floor":1.0,"turns":1.0},{"damage":0.0,"enemies":"Small Slimes","floor":5.0,"turns":1.0},{"damage":0.0,"enemies":"3 Sentries","floor":6.0,"turns":2.0},{"damage":0.0,"enemies":"Gremlin Nob","floor":8.0,"turns":2.0},{"damage":20.0,"enemies":"Lagavulin","floor":10.0,"turns":5.0},{"damage":0.0,"enemies":"2 Louse","floor":12.0,"turns":1.0},{"damage":0.0,"enemies":"2 Fungi Beasts","floor":13.0,"turns":1.0},{"damage":38.0,"enemies":"Hexaghost","floor":16.0,"turns":7.0},{"damage":25.0,"enemies":"Shell Parasite","floor":18.0,"turns":3.0},{"damage":6.0,"enemies":"2 Thieves","floor":22.0,"turns":2.0},{"damage":10.0,"enemies":"Slavers","floor":23.0,"turns":5.0},{"damage":0.0,"enemies":"Chosen and Byrds","floor":25.0,"turns":3.0},{"damage":7.0,"enemies":"Snecko","floor":27.0,"turns":4.0},{"damage":1.0,"enemies":"3 Cultists","floor":28.0,"turns":4.0},{"damage":20.0,"enemies":"Book of Stabbing","floor":29.0,"turns":4.0},{"damage":14.0,"enemies":"Sentry and Sphere","floor":31.0,"turns":6.0},{"damage":20.0,"enemies":"Collector","floor":33.0,"turns":9.0},{"damage":11.0,"enemies":"3 Darklings","floor":35.0,"turns":7.0},{"damage":0.0,"enemies":"Orb Walker","floor":36.0,"turns":4.0},{"damage":1.0,"enemies":"4 Shapes","floor":39.0,"turns":5.0},{"damage":12.0,"enemies":"Reptomancer","floor":40.0,"turns":6.0},{"damage":0.0,"enemies":"Spire Growth","floor":41.0,"turns":4.0},{"damage":2.0,"enemies":"Sphere and 2 Shapes","floor":44.0,"turns":3.0},{"damage":32.0,"enemies":"Giant Head","floor":45.0,"turns":6.0},{"damage":38.0,"enemies":"Writhing Mass","floor":48.0,"turns":6.0},{"damage":47,"enemies":"Awakened One","floor":50,"turns":12}],"seed_played":"-1201855203557109851","potions_obtained":[{"floor":1.0,"key":"Weak Potion"},{"floor":6.0,"key":"Fire Potion"},{"floor":12.0,"key":"FearPotion"},{"floor":22.0,"key":"DuplicationPotion"},{"floor":23.0,"key":"Dexterity Potion"},{"floor":25.0,"key":"PowerPotion"},{"floor":31.0,"key":"Explosive Potion"},{"floor":37.0,"key":"DuplicationPotion"},{"floor":37.0,"key":"SkillPotion"},{"floor":41.0,"key":"Strength Potion"},{"floor":45.0,"key":"SteroidPotion"},{"floor":48.0,"key":"EntropicBrew"}],"is_trial":false,"path_per_floor":["M","$","?","?","M","E","R","E","T","E","R","M","M","?","R","B",null,"M","?","?","$","M","E","R","M","T","M","M","E","?","M","R","B",null,"M","M","?","$","M","E","M","R","T","M","E","R","?","M","R","B",null],"character_chosen":"DEFECT","items_purchased":["Melter","Glacier","Pen Nib","Compile Driver","Nunchaku","CultistPotion"],"campfire_rested":5,"item_purchase_floors":[2,21,21,21,38,38],"current_hp_per_floor":[68,68,61,61,61,61,61,61,61,41,41,41,41,26,48,10,59,34,18,18,18,12,2,24,24,34,27,26,6,6,40,65,45,75,64,64,64,64,63,51,51,51,51,51,21,46,46,10,35,10],"gold":160,"neow_bonus":"THREE_ENEMY_KILL","is_daily":false,"chose_seed":false,"campfire_upgraded":3,"win_rate":0.0,"timestamp":1608205407,"path_taken":["M","$","?","?","M","E","R","E","T","E","R","M","M","?","R","BOSS","M","?","?","?","M","E","R","M","T","M","M","E","?","M","R","BOSS","M","M","?","$","M","E","M","R","T","?","E","R","?","M","R","BOSS"],"items_purchased_type":["Card","Card","Relic","Card","Relic","Potion"],"build_version":"2020-12-13","purchased_purges":3,"victory":true,"max_hp_per_floor":[75,75,75,75,75,75,75,75,75,75,75,75,75,75,75,75,75,75,75,75,75,75,75,75,75,85,85,85,85,85,85,85,85,85,85,85,85,85,85,85,85,85,85,85,85,85,85,85,85,85],"card_choices":[{"not_picked":["Recycle","Coolheaded"],"picked":"Fusion","floor":1.0},{"not_picked":["Hologram","Recycle"],"picked":"Ball Lightning","floor":5.0},{"not_picked":["Barrage","Storm"],"picked":"All For One","floor":6.0},{"not_picked":["Consume","Aggregate"],"picked":"Sunder","floor":8.0},{"not_picked":["Force Field","Storm"],"picked":"Beam Cell","floor":10.0},{"not_picked":["Scrape","Rebound"],"picked":"Capacitor","floor":12.0},{"not_picked":["Leap","Streamline"],"picked":"Aggregate","floor":13.0},{"not_picked":["Meteor Strike","Rainbow"],"picked":"Multi-Cast","floor":16.0},{"not_picked":[],"picked":"Streamline","floor":18.0},{"not_picked":[],"picked":"Leap","floor":22.0},{"not_picked":[],"picked":"FTL+1","floor":23.0},{"not_picked":[],"picked":"Compile Driver","floor":25.0},{"not_picked":["Aggregate"],"picked":"SKIP","floor":27.0},{"not_picked":[],"picked":"Conserve Battery","floor":28.0},{"not_picked":[],"picked":"Leap","floor":29.0},{"not_picked":[],"picked":"Conserve Battery+1","floor":31.0},{"not_picked":[],"picked":"Creative AI","floor":33.0},{"not_picked":[],"picked":"Conserve Battery+1","floor":35.0},{"not_picked":[],"picked":"Chaos+1","floor":35.0},{"not_picked":[],"picked":"Go for the Eyes","floor":36.0},{"not_picked":[],"picked":"Ball Lightning+1","floor":36.0},{"not_picked":[],"picked":"Tempest+1","floor":39.0},{"not_picked":[],"picked":"White Noise","floor":39.0},{"not_picked":["White Noise"],"picked":"SKIP","floor":40.0},{"not_picked":["Steam"],"picked":"SKIP","floor":41.0},{"not_picked":["Steam"],"picked":"SKIP","floor":41.0},{"not_picked":[],"picked":"Barrage+1","floor":44.0},{"not_picked":["Redo"],"picked":"SKIP","floor":44.0},{"not_picked":[],"picked":"All For One","floor":45.0},{"not_picked":["Sweeping Beam+1"],"picked":"SKIP","floor":48.0},{"not_picked":["Conserve Battery"],"picked":"SKIP","floor":48.0}],"player_experience":1144662,"relics_obtained":[{"floor":6.0,"key":"Bag of Preparation"},{"floor":8.0,"key":"Smiling Mask"},{"floor":9.0,"key":"MawBank"},{"floor":10.0,"key":"Lantern"},{"floor":19.0,"key":"Enchiridion"},{"floor":23.0,"key":"Orichalcum"},{"floor":26.0,"key":"Pear"},{"floor":29.0,"key":"Omamori"},{"floor":34.0,"key":"Centennial Puzzle"},{"floor":34.0,"key":"Ornamental Fan"},{"floor":34.0,"key":"Prayer Wheel"},{"floor":40.0,"key":"White Beast Statue"},{"floor":43.0,"key":"Blood Vial"},{"floor":45.0,"key":"Toy Ornithopter"}],"event_choices":[{"cards_removed":["Strike_B"],"damage_healed":0.0,"max_hp_gain":0.0,"max_hp_loss":0.0,"gold_gain":0.0,"event_name":"Golden Wing","player_choice":"Card Removal","floor":3.0,"gold_loss":0.0,"damage_taken":7.0},{"damage_healed":0.0,"max_hp_gain":0.0,"max_hp_loss":0.0,"gold_gain":0.0,"event_name":"Living Wall","player_choice":"Grow","floor":4.0,"gold_loss":0.0,"damage_taken":0.0,"cards_upgraded":["Dualcast"]},{"damage_healed":0.0,"max_hp_gain":0.0,"max_hp_loss":0.0,"gold_gain":0.0,"event_name":"Shining Light","player_choice":"Entered Light","floor":14.0,"gold_loss":0.0,"damage_taken":15.0,"cards_upgraded":["Ball Lightning","Beam Cell"]},{"damage_healed":0.0,"max_hp_gain":0.0,"max_hp_loss":0.0,"gold_gain":0.0,"event_name":"Cursed Tome","player_choice":"Obtained Book","floor":19.0,"gold_loss":0.0,"damage_taken":16.0},{"damage_healed":0.0,"max_hp_gain":0.0,"max_hp_loss":0.0,"gold_gain":0.0,"event_name":"Addict","player_choice":"Obtained Relic","floor":20.0,"gold_loss":85.0,"damage_taken":0.0,"relics_obtained":["Lizard Tail"]},{"damage_healed":0.0,"max_hp_gain":0.0,"max_hp_loss":0.0,"gold_gain":0.0,"event_name":"Ghosts","player_choice":"Ignored","floor":30.0,"gold_loss":0.0,"damage_taken":0.0},{"damage_healed":0.0,"max_hp_gain":0.0,"max_hp_loss":0.0,"gold_gain":0.0,"event_name":"Lab","player_choice":"Got Potions","floor":37.0,"gold_loss":0.0,"damage_taken":0.0},{"damage_healed":0.0,"max_hp_gain":0.0,"max_hp_loss":0.0,"gold_gain":0.0,"cards_transformed":["Defend_B"],"event_name":"Transmorgrifier","player_choice":"Transformed","floor":47.0,"gold_loss":0.0,"damage_taken":0.0,"cards_obtained":["Reinforced Body"]}],"is_beta":false,"boss_relics":[{"not_picked":["SacredBark","Snecko Eye"],"picked":"Busted Crown"},{"not_picked":["Pandora\u0027s Box","Tiny House"],"picked":"Calling Bell"}],"items_purged_floors":[2,21,38],"is_endless":false,"potions_floor_spawned":[1,6,12,22,23,25,31,33,35,41,44,45,48],"ascension_level":12}}