{"host":"hfvpa4llnnjpeawn","time":1608229214,"event":{"mods":["2.2 Compatiblity","AchievementEnabler","Act Like it!","Aspiration","Bard","BaseMod","Beaked The Cultist","Better Skull","Better Third Choice","BetterRewards","CapriCore","Conspire","Downfall","Elementarium","Energized Spire","Hermit","Hubris","Jorbs\u0027s Wanderer Trilogy","Koishi","Lobotomy","Minty Spire (QoL Compilation)","Replay The Spire","Shade Mod","Spicy Shops","StSLib","The Bladedancer","The Factory","The Gatherer","The Jungle","Waifu the Spire","Wandering Minibosses"],"gold_per_floor":[112,173,173,22,34,34,54,54,107,127,127,157,176,213,213,323,323,340,356,14,31,64,109,7,24,70,1,1,15,26,26,26,123,123,39,139,172,200,213,213,227,227,227,139,139,139,187,222,222,222,222,222,53,101,101],"floor_reached":56,"playtime":3912,"items_purged":["stsjorbsmod:ChainLightning","Normality","Parasite"],"score":1326,"play_id":"bd578866-ace1-44e5-9256-d0a464174ab2","local_time":"20201217132014","is_ascension_mode":false,"campfire_choices":[{"data":"stsjorbsmod:Firebolt","floor":6,"key":"SMITH"},{"data":"stsjorbsmod:RayOfFrost","floor":8,"key":"SMITH"},{"floor":11,"key":"RECALL"},{"data":"stsjorbsmod:Introspection","floor":15,"key":"SMITH"},{"data":"stsjorbsmod:MirrorImage","floor":42,"key":"SMITH"},{"data":"stsjorbsmod:MagicMissiles","floor":45,"key":"SMITH"},{"floor":49,"key":"REST"},{"data":"stsjorbsmod:FlameWard","floor":52,"key":"SMITH"}],"circlet_count":0,"master_deck":["stsjorbsmod:ForbiddenGrimoire+1","stsjorbsmod:Strike_Wanderer","stsjorbsmod:Strike_Wanderer","stsjorbsmod:Strike_Wanderer+1","stsjorbsmod:Strike_Wanderer+1","stsjorbsmod:Defend_Wanderer+1","stsjorbsmod:Defend_Wanderer+1","stsjorbsmod:Defend_Wanderer","stsjorbsmod:Defend_Wanderer+1","stsjorbsmod:FreshAdventure+1","stsjorbsmod:EyeOfTheStorm+1","stsjorbsmod:Counterspell","stsjorbsmod:Firebolt+1","stsjorbsmod:RayOfFrost+1","stsjorbsmod:Introspection+1","stsjorbsmod:Inferno+1","stsjorbsmod:Prestidigitation+1","stsjorbsmod:Pyromancy+1","stsjorbsmod:BurningFlask+1","stsjorbsmod:BookOfTongues+1","stsjorbsmod:Hibernate+1","stsjorbsmod:ArcaneWeapon+1","stsjorbsmod:Index+1","stsjorbsmod:FlameWard+1","stsjorbsmod:MagicMissiles+1","stsjorbsmod:MirrorImage+1","stsjorbsmod:Firebolt+1","stsjorbsmod:ColorSpray+1","expansioncontent:Collect+1","stsjorbsmod:Message+1","stsjorbsmod:Firebolt+1"],"relics":["stsjorbsmod:GrimoireRelic","hubris:Zylophone","Chemical X","PreservedInsect","Frozen Egg 2","aspiration:PoetsPen_weak","Membership Card","Kunai","FossilizedHelix","Art of War","hubris:HerbalPaste","Pen Nib","ReplayTheSpireMod:CursedCoin","aspiration:KaomsHeart"],"acts_visited":["Exordium","Exordium","TheBeyond","TheEnding"],"potions_floor_usage":[10,19,22,22,25,29,33,33,35,48,48,50],"damage_taken":[{"damage":0,"enemies":"Jaw Worm","floor":1,"turns":3},{"damage":0,"enemies":"2 Louse","floor":5,"turns":2},{"damage":0,"enemies":"Cultist","floor":7,"turns":3},{"damage":0,"enemies":"Large Slime","floor":10,"turns":3},{"damage":17,"enemies":"Replay:BlueRogue","floor":12,"turns":4},{"damage":0,"enemies":"conspire:2 RoseBushes","floor":13,"turns":4},{"damage":6,"enemies":"Exordium Thugs","floor":14,"turns":5},{"damage":2,"enemies":"Hexaghost","floor":16,"turns":6},{"damage":2,"enemies":"Elementarium:MUD_AND_TAR_GOLEMS","floor":18,"turns":2},{"damage":7,"enemies":"Elementarium:2_ELEMENTALS","floor":19,"turns":4},{"damage":6,"enemies":"Elementarium:Hydrostalker","floor":21,"turns":5},{"damage":1,"enemies":"Elementarium:STONE_GOLEMS","floor":22,"turns":2},{"damage":20,"enemies":"Elementarium:FIRE_NOBILITY","floor":23,"turns":6},{"damage":2,"enemies":"Elementarium:3_ELEMENTALS","floor":25,"turns":5},{"damage":0,"enemies":"Elementarium:CYCLONE_AND_LIVING_STORMCLOUD","floor":29,"turns":4},{"damage":36,"enemies":"Elementarium:VoidBeast","floor":30,"turns":4},{"damage":72,"enemies":"Elementarium:PHOENIXES","floor":33,"turns":7},{"damage":0,"enemies":"3 Darklings","floor":35,"turns":3},{"damage":9,"enemies":"3 Shapes","floor":37,"turns":4},{"damage":2,"enemies":"Spire Growth","floor":38,"turns":5},{"damage":7,"enemies":"Jaw Worm Horde","floor":39,"turns":5},{"damage":48,"enemies":"Writhing Mass","floor":41,"turns":7},{"damage":44,"enemies":"2 Orb Walkers","floor":47,"turns":6},{"damage":1,"enemies":"Giant Head","floor":48,"turns":6},{"damage":126,"enemies":"Time Eater","floor":50,"turns":14},{"damage":0,"enemies":"Shield and Spear","floor":54,"turns":3},{"damage":124,"enemies":"The Heart","floor":55,"turns":8}],"seed_played":"-1119185216001621545","potions_obtained":[{"floor":7,"key":"Fire Potion"},{"floor":14,"key":"Explosive Potion"},{"floor":16,"key":"ColorlessPotion"},{"floor":18,"key":"BlessingOfTheForge"},{"floor":23,"key":"Swift Potion"},{"floor":30,"key":"PowerPotion"},{"floor":33,"key":"AttackPotion"},{"floor":37,"key":"Fire Potion"},{"floor":39,"key":"Milkshake"},{"floor":48,"key":"Dexterity Potion"}],"is_trial":false,"path_per_floor":["M","?","?","$","M","R","M","R","T","M","R","E","M","M","R","B",null,"M","M","$","M","M","E","$","M","T","$","R","M","M","?","R","B",null,"M","?","M","M","M","R","M","R","T","$","R","?","?","E","R","B",null,"R","$","E","B",null],"character_chosen":"WANDERER","items_purchased":["Chemical X","Membership Card","Kunai","FossilizedHelix","stsjorbsmod:Patron","stsjorbsmod:ChainLightning","hubris:HerbalPaste","ReplayTheSpireMod:CursedCoin","aspiration:KaomsHeart","stsjorbsmod:ArcaneWeapon+1","stsjorbsmod:Index","SteroidPotion","SkillPotion","stsjorbsmod:Patron","stsjorbsmod:Firebolt+1"],"campfire_rested":1,"item_purchase_floors":[4,20,20,20,20,24,24,27,27,27,27,27,27,53,53],"current_hp_per_floor":[62,62,62,62,62,62,62,62,62,66,66,52,57,57,57,65,68,68,64,64,61,64,48,48,60,60,160,160,176,145,145,145,81,178,178,178,176,178,177,177,133,133,133,133,133,133,100,110,163,43,178,178,175,179,61],"gold":101,"neow_bonus":"ONE_RARE_RELIC","is_daily":false,"chose_seed":false,"campfire_upgraded":6,"win_rate":0.0,"timestamp":1608229214,"path_taken":["M","?","?","$","M","R","M","R","T","M","R","E","M","M","R","BOSS","M","M","$","M","M","E","$","M","T","?","R","M","M","?","R","BOSS","M","?","M","M","M","R","M","R","T","?","R","?","?","E","R","BOSS","R","$","E","BOSS"],"items_purchased_type":["Relic","Relic","Relic","Relic","Card","Card","Relic","Relic","Relic","Card","Card","Potion","Potion","Card","Card"],"build_version":"2020-12-13","purchased_purges":3,"victory":true,"max_hp_per_floor":[62,62,62,62,62,62,62,62,62,66,66,66,66,66,66,68,68,68,68,68,68,68,68,68,72,72,172,172,176,176,176,176,178,178,178,178,178,178,178,178,178,178,178,178,178,178,178,178,178,178,178,178,175,179,179],"card_choices":[{"not_picked":["stsjorbsmod:Hurt","stsjorbsmod:Inferno"],"picked":"stsjorbsmod:Counterspell","floor":1},{"not_picked":["stsjorbsmod:Hibernate","stsjorbsmod:Message"],"picked":"stsjorbsmod:Firebolt","floor":5},{"not_picked":["stsjorbsmod:UnseenServant","stsjorbsmod:FindFamiliar"],"picked":"stsjorbsmod:RayOfFrost","floor":7},{"not_picked":["stsjorbsmod:TollTheDead","stsjorbsmod:Prestidigitation"],"picked":"stsjorbsmod:Introspection","floor":10},{"not_picked":["stsjorbsmod:SchoolsOfMagic","stsjorbsmod:AnimateObjects"],"picked":"stsjorbsmod:Inferno","floor":12},{"not_picked":["stsjorbsmod:WeightOfMemory","stsjorbsmod:UnseenServant"],"picked":"stsjorbsmod:Prestidigitation+1","floor":13},{"not_picked":["stsjorbsmod:Firebolt","stsjorbsmod:Materialize","stsjorbsmod:Introspection+1"],"picked":"SKIP","floor":14},{"not_picked":["stsjorbsmod:ThirstingSword","stsjorbsmod:Fear"],"picked":"stsjorbsmod:Pyromancy+1","floor":16},{"not_picked":["stsjorbsmod:Channel","stsjorbsmod:HedgeWizard"],"picked":"stsjorbsmod:BurningFlask+1","floor":18},{"not_picked":["stsjorbsmod:WeightOfMemory","stsjorbsmod:Mania","stsjorbsmod:Introspection+1"],"picked":"SKIP","floor":19},{"not_picked":["stsjorbsmod:Hibernate","stsjorbsmod:Prepare","stsjorbsmod:FindFamiliar+1"],"picked":"SKIP","floor":21},{"not_picked":["stsjorbsmod:WanderingMind","stsjorbsmod:OldPocket"],"picked":"stsjorbsmod:BookOfTongues+1","floor":22},{"not_picked":["stsjorbsmod:Hurt+1","stsjorbsmod:LocateObject"],"picked":"stsjorbsmod:Hibernate+1","floor":23},{"not_picked":["stsjorbsmod:Counterspell","stsjorbsmod:Message","stsjorbsmod:ParryingBlow"],"picked":"SKIP","floor":25},{"not_picked":["stsjorbsmod:BurningFlask","stsjorbsmod:FranticSearch"],"picked":"stsjorbsmod:FlameWard","floor":29},{"not_picked":["stsjorbsmod:BurningFlask","stsjorbsmod:Materialize"],"picked":"stsjorbsmod:MagicMissiles","floor":30},{"not_picked":["stsjorbsmod:ArcaneForm+1","stsjorbsmod:PurgeMind"],"picked":"stsjorbsmod:MirrorImage","floor":33},{"not_picked":["stsjorbsmod:Prepare","stsjorbsmod:BurningFlask","stsjorbsmod:Prestidigitation+1"],"picked":"SKIP","floor":35},{"not_picked":["stsjorbsmod:HedgeWizard+1","stsjorbsmod:ParryingBlow+1"],"picked":"stsjorbsmod:Firebolt+1","floor":37},{"not_picked":["stsjorbsmod:Aid+1","stsjorbsmod:Hurt","stsjorbsmod:Mania"],"picked":"SKIP","floor":38},{"not_picked":["stsjorbsmod:Thorns","stsjorbsmod:Inferno"],"picked":"stsjorbsmod:ColorSpray+1","floor":39},{"not_picked":["stsjorbsmod:DoubleCheck+1","stsjorbsmod:Index+1","stsjorbsmod:Fireball"],"picked":"SKIP","floor":41},{"not_picked":["Midas Touch","Survey Options"],"picked":"expansioncontent:Collect+1","floor":46},{"not_picked":["stsjorbsmod:WanderingMind","stsjorbsmod:Channel+1"],"picked":"stsjorbsmod:Message+1","floor":48},{"not_picked":["stsjorbsmod:SmithingStrike","stsjorbsmod:Introspection+1","stsjorbsmod:HoldMonster"],"picked":"SKIP","floor":54}],"player_experience":256171,"relics_obtained":[{"floor":9,"key":"PreservedInsect"},{"floor":12,"key":"Frozen Egg 2"},{"floor":23,"key":"Art of War"},{"floor":26,"key":"Pen Nib"},{"floor":31,"key":"ReplayTheSpireMod:Ring of Challenge"},{"floor":31,"key":"Ring of Misfortune"}],"event_choices":[{"damage_healed":0,"gold_gain":61,"player_choice":"Gained Gold","damage_taken":0,"max_hp_gain":0,"max_hp_loss":0,"event_name":"Golden Wing","floor":2,"gold_loss":0},{"damage_healed":0,"gold_gain":0,"player_choice":"Upgraded","damage_taken":0,"max_hp_gain":0,"max_hp_loss":0,"event_name":"Upgrade Shrine","floor":3,"gold_loss":0,"cards_upgraded":["stsjorbsmod:EyeOfTheStorm"]},{"damage_healed":0,"gold_gain":100,"player_choice":"Pray","damage_taken":0,"max_hp_gain":0,"max_hp_loss":0,"event_name":"Golden Shrine","floor":36,"gold_loss":0},{"damage_healed":0,"gold_gain":0,"player_choice":"Memory 1","damage_taken":0,"max_hp_gain":0,"max_hp_loss":0,"event_name":"SensoryStone","floor":46,"gold_loss":0},{"damage_healed":0,"gold_gain":0,"player_choice":"Fight","damage_taken":0,"max_hp_gain":0,"max_hp_loss":0,"event_name":"Mysterious Sphere","floor":47,"gold_loss":0}],"is_beta":false,"boss_relics":[{"not_picked":["Fusion Hammer","Replay:Ancient Bell"],"picked":"aspiration:PoetsPen_weak"},{"not_picked":["aspiration:KMNothing","aspiration:KMNothing"],"picked":"aspiration:KMNothing"}],"items_purged_floors":[44,44,53],"is_endless":false,"potions_floor_spawned":[7,14,16,18,21,23,30,33,37,39,48],"ascension_level":0}}