{"host":"gmhvrhqrqxog9im1","time":1608221233,"event":{"mods":["2.2 Compatiblity","AchievementEnabler","BaseMod","Better Third Choice","BetterRewards","Colored Map","Conspire","Infinite Spire","Minty Spire (QoL Compilation)","Replay The Spire","Say the Spire","Shop Mod","StSLib","The Jungle"],"gold_per_floor":[109,109,109,133,133,133,147,147,167,167,212,292,292,292,292,292],"floor_reached":15,"playtime":263,"items_purged":[],"score":108,"play_id":"0d240866-dbaf-4475-a88b-c86ea30716c0","local_time":"20201217180713","is_ascension_mode":true,"campfire_choices":[{"data":"Entrench","floor":8.0,"key":"SMITH"},{"data":"ReplayTheSpireMod:Muscle Training","floor":10.0,"key":"SMITH"}],"circlet_count":0,"master_deck":["Strike_R","Strike_R","Strike_R","Strike_R","Strike_R+1","Defend_R","Defend_R","Defend_R","Defend_R+1","Bash","Replay:Undeath\u0027s Touch","Entrench+1","Regret","Shockwave","Cleave","ReplayTheSpireMod:Muscle Training+1","Twin Strike"],"relics":["Burning Blood","Juzu Bracelet","OrangePellets","Boot","Vajra","Golden Idol","Blood Vial","Kunai","Singing Bowl"],"acts_visited":[],"potions_floor_usage":[15],"damage_taken":[{"damage":7.0,"enemies":"2 Louse","floor":1.0,"turns":3.0},{"damage":10.0,"enemies":"Small Slimes","floor":4.0,"turns":4.0},{"damage":3.0,"enemies":"Jaw Worm","floor":7.0,"turns":3.0},{"damage":8.0,"enemies":"Looter","floor":9.0,"turns":4.0},{"damage":32.0,"enemies":"3 Sentries","floor":12.0,"turns":5.0},{"damage":13,"enemies":"Gremlin Nob","floor":15,"turns":2}],"seed_played":"-1211177979470887355","potions_obtained":[{"floor":7.0,"key":"Explosive Potion"},{"floor":9.0,"key":"Venom Potion"}],"is_trial":false,"path_per_floor":["M","?","?","M","PTL","PTL","M","R","M","R","T","?","?","?","E"],"character_chosen":"IRONCLAD","items_purchased":["Juzu Bracelet","OrangePellets","Boot","Replay:Undeath\u0027s Touch"],"campfire_rested":0,"item_purchase_floors":[0,0,0,0],"current_hp_per_floor":[71,71,51,47,47,47,50,50,48,48,48,24,17,1,0,0],"gold":292,"neow_bonus":"","is_daily":false,"chose_seed":false,"campfire_upgraded":2,"win_rate":0.0,"timestamp":1608221233,"path_taken":["M","?","?","M","PTL","PTL","M","R","M","R","T","?","?","?","E"],"items_purchased_type":["Relic","Relic","Relic","Card"],"build_version":"2020-12-13","purchased_purges":0,"victory":false,"max_hp_per_floor":[80,80,80,80,80,80,80,80,80,80,80,80,80,80,80,80],"card_choices":[{"not_picked":["Twin Strike","True Grit"],"picked":"Entrench","floor":1.0},{"not_picked":["Armaments","Havoc"],"picked":"Shockwave","floor":4.0},{"not_picked":["Havoc","Bloodletting"],"picked":"Cleave","floor":7.0},{"not_picked":["Sentinel","Wild Strike"],"picked":"ReplayTheSpireMod:Muscle Training","floor":9.0},{"not_picked":["Shrug It Off","Exhume"],"picked":"Twin Strike","floor":12.0}],"player_experience":595766,"relics_obtained":[{"floor":11.0,"key":"Blood Vial"},{"floor":12.0,"key":"Kunai"}],"event_choices":[{"damage_healed":0.0,"max_hp_gain":0.0,"max_hp_loss":0.0,"gold_gain":0.0,"event_name":"Big Fish","player_choice":"Box","floor":2.0,"gold_loss":0.0,"damage_taken":0.0,"relics_obtained":["Vajra"],"cards_obtained":["Regret"]},{"damage_healed":0.0,"max_hp_gain":0.0,"max_hp_loss":0.0,"gold_gain":0.0,"event_name":"Golden Idol","player_choice":"Take Damage","floor":3.0,"gold_loss":0.0,"damage_taken":20.0,"relics_obtained":["Golden Idol"]},{"damage_healed":0.0,"max_hp_gain":0.0,"max_hp_loss":0.0,"gold_gain":0.0,"event_name":"Dead Adventurer","player_choice":"Searched \u00272\u0027 times","floor":12.0,"gold_loss":0.0,"damage_taken":0.0},{"damage_healed":0.0,"max_hp_gain":0.0,"max_hp_loss":0.0,"gold_gain":0.0,"event_name":"betterThird:BetterScrap","player_choice":"Relic ","floor":13.0,"gold_loss":0.0,"damage_taken":7.0,"cards_obtained":["Replay:Poison Smokescreen"]},{"damage_healed":17.0,"max_hp_gain":0.0,"max_hp_loss":80.0,"gold_gain":0.0,"event_name":"betterThird:BetterShining","player_choice":"Upgrade","floor":14.0,"gold_loss":0.0,"damage_taken":16.0,"cards_upgraded":["Defend_R","Strike_R"]}],"is_beta":false,"boss_relics":[],"items_purged_floors":[],"is_endless":false,"potions_floor_spawned":[7,9],"killed_by":"Gremlin Nob","ascension_level":6}}