{"host":"o1wkfo8ppvrprpet","time":1608223384,"event":{"mods":["Aspiration","Astrologer","BaseMod","CapriCore","Colored Powertips","Koishi","Minty Spire (QoL Compilation)","Replay The Spire","RumiaBox-露米娅的神秘盒子","Spicy Shops","StSLib","The Administrix","The Alterego","The Gatherer","The Immortal","Waifu the Spire"],"gold_per_floor":[117,117,117,130,145,145,179,179,179,508,521,533,533,546,546,641,641,611,611,600,584,597,597,48,48,48,48,48,48,0,0,0,0,0],"floor_reached":33,"playtime":1551,"items_purged":["alterego_mod:Strike"],"score":253,"play_id":"d489b0b3-fa8e-4602-92c1-bd1c333286f9","local_time":"20201218004304","is_ascension_mode":false,"campfire_choices":[{"data":"alterego_mod:BigMeatyClaws","floor":6,"key":"SMITH"},{"data":"alterego_mod:Undulate","floor":8,"key":"SMITH"},{"data":"alterego_mod:Impale","floor":15,"key":"SMITH"},{"data":"alterego_mod:Exercise","floor":23,"key":"SMITH"},{"data":"alterego_mod:GachaTicket","floor":27,"key":"SMITH"},{"floor":29,"key":"REST"},{"data":"alterego_mod:BrynhildrsRune","floor":32,"key":"SMITH"}],"circlet_count":0,"master_deck":["alterego_mod:Strike+1","alterego_mod:Defend+1","alterego_mod:Defend+1","alterego_mod:Defend+1","alterego_mod:Defend+1","alterego_mod:Impale+1","alterego_mod:BigMeatyClaws+1","alterego_mod:BrynhildrsRune+1","alterego_mod:SideboobHour+1","alterego_mod:RocketPunch","alterego_mod:Undulate+1","alterego_mod:Exercise+1","alterego_mod:BiFurious","alterego_mod:Skirt","alterego_mod:InsideBaseball","alterego_mod:TrashNCrash+1","alterego_mod:Bloomers","alterego_mod:GachaTicket+1"],"relics":["Busted Crown","Bag of Marbles","aspiration:HummingbirdHeart","Old Coin","ReplayTheSpireMod:Shallot","SlaversCollar","MagicDraw1","MealTicket","aspiration:RitualStick","Replay:Accelerometer","alterego_mod:SomeoneToFightFor"],"acts_visited":["Exordium","TheCity"],"potions_floor_usage":[7,16,16],"damage_taken":[{"damage":5,"enemies":"Cultist","floor":1,"turns":3},{"damage":6,"enemies":"Small Slimes","floor":4,"turns":3},{"damage":8,"enemies":"Jaw Worm","floor":5,"turns":5},{"damage":9,"enemies":"3 Sentries","floor":7,"turns":7},{"damage":14,"enemies":"Gremlin Nob","floor":10,"turns":4},{"damage":3,"enemies":"Blue Slaver","floor":11,"turns":5},{"damage":8,"enemies":"Gremlin Gang","floor":12,"turns":9},{"damage":0,"enemies":"Exordium Thugs","floor":14,"turns":3},{"damage":10,"enemies":"Fading Forest","floor":16,"turns":11},{"damage":0,"enemies":"Chosen","floor":18,"turns":1},{"damage":0,"enemies":"3 Byrds","floor":20,"turns":2},{"damage":0,"enemies":"Shelled Parasite and Fungi","floor":21,"turns":3},{"damage":18,"enemies":"Sentry and Sphere","floor":22,"turns":5},{"damage":3,"enemies":"Chosen and Byrds","floor":30,"turns":1},{"damage":59,"enemies":"Collector","floor":33,"turns":7}],"seed_played":"-2785216348308335681","potions_obtained":[{"floor":1,"key":"Swift Potion"},{"floor":5,"key":"Elixir"},{"floor":11,"key":"AttackPotion"}],"is_trial":false,"path_per_floor":["M","?","?","M","M","R","E","R","T","E","M","M","T","M","R","B",null,"M","?","M","M","M","R","$","?","T","R","?","R","M","?","R","B"],"character_chosen":"The_Alterego","items_purchased":["MagicDraw1","alterego_mod:GachaTicket","MealTicket"],"campfire_rested":1,"item_purchase_floors":[24,24,24],"current_hp_per_floor":[65,65,65,59,51,51,42,42,42,28,32,31,31,31,31,39,70,70,70,70,70,52,52,52,38,38,38,38,59,56,56,56,0,0],"gold":0,"neow_bonus":"BOSS_RELIC","is_daily":false,"chose_seed":false,"campfire_upgraded":6,"win_rate":0.0,"timestamp":1608223384,"path_taken":["M","?","?","M","M","R","E","R","T","E","M","M","?","M","R","BOSS","M","?","M","?","M","R","$","?","T","R","?","R","M","?","R","BOSS"],"items_purchased_type":["Relic","Card","Relic"],"build_version":"2020-12-13","purchased_purges":1,"victory":false,"max_hp_per_floor":[70,70,70,70,70,70,70,70,70,70,70,70,70,70,70,70,70,70,70,70,70,70,70,70,70,70,70,70,70,70,70,70,70,70],"card_choices":[{"not_picked":["alterego_mod:BeGentle"],"picked":"SKIP","floor":1},{"not_picked":["alterego_mod:MagicResistance"],"picked":"SKIP","floor":4},{"not_picked":[],"picked":"alterego_mod:RocketPunch","floor":5},{"not_picked":["alterego_mod:Undulate"],"picked":"SKIP","floor":7},{"not_picked":[],"picked":"alterego_mod:Undulate","floor":7},{"not_picked":[],"picked":"alterego_mod:Exercise","floor":10},{"not_picked":[],"picked":"alterego_mod:BiFurious","floor":11},{"not_picked":[],"picked":"alterego_mod:Skirt","floor":12},{"not_picked":["alterego_mod:GoddessCore"],"picked":"SKIP","floor":14},{"not_picked":[],"picked":"alterego_mod:InsideBaseball","floor":16},{"not_picked":[],"picked":"alterego_mod:TrashNCrash+1","floor":18},{"not_picked":["alterego_mod:Complex"],"picked":"SKIP","floor":20},{"not_picked":["alterego_mod:Bounce"],"picked":"SKIP","floor":21},{"not_picked":["alterego_mod:BoobPocket"],"picked":"SKIP","floor":22},{"not_picked":["alterego_mod:BoobPocket"],"picked":"SKIP","floor":30}],"player_experience":599778,"relics_obtained":[{"floor":7,"key":"Bag of Marbles"},{"floor":9,"key":"aspiration:HummingbirdHeart"},{"floor":10,"key":"Old Coin"},{"floor":13,"key":"ReplayTheSpireMod:Shallot"},{"floor":26,"key":"Replay:Accelerometer"}],"event_choices":[{"damage_healed":0,"gold_gain":0,"cards_transformed":["alterego_mod:Strike"],"player_choice":"Transformed","damage_taken":0,"max_hp_gain":0,"max_hp_loss":0,"event_name":"Transmorgrifier","floor":19,"gold_loss":0,"cards_obtained":["alterego_mod:Bloomers"]},{"damage_healed":0,"gold_gain":0,"player_choice":"Choice 2","damage_taken":0,"relics_obtained":["alterego_mod:SomeoneToFightFor"],"max_hp_gain":0,"max_hp_loss":0,"event_name":"爱的神圣花园","floor":28,"gold_loss":0},{"damage_healed":0,"gold_gain":0,"player_choice":"Simplicity","damage_taken":0,"max_hp_gain":0,"max_hp_loss":0,"event_name":"Back to Basics","floor":31,"gold_loss":0,"cards_upgraded":["alterego_mod:Strike","alterego_mod:Defend","alterego_mod:Defend","alterego_mod:Defend","alterego_mod:Defend"]}],"is_beta":false,"boss_relics":[{"not_picked":["Abe\u0027s Treasure","ChewingGum"],"picked":"SlaversCollar"}],"items_purged_floors":[24],"is_endless":false,"potions_floor_spawned":[1,5,11],"killed_by":"Collector","ascension_level":0}}