{"host":"l99crexq2sc8megk","time":1608207205,"event":{"mods":["BaseMod","Downfall","Hermit","Minty Spire (QoL Compilation)","Quick Restart","Replay The Spire","StSLib","The Cursed"],"gold_per_floor":[113,133,133,133,133,133,159,177,256,272,289,289,322,334,334,413,413,428,197,230,130,220,220,236,263,263,263,263,281,307,327,327,401,401,414,414,424,103,103,103,131,131,131,158,177,177,229,26,51,51],"floor_reached":51,"playtime":1643,"items_purged":["Defend_R","Defend_R","Defend_R","Strike_R"],"score":1335,"play_id":"c05c1788-6cd2-4663-b806-2f2f1afdb5aa","local_time":"20201217201325","is_ascension_mode":true,"campfire_choices":[{"data":"Demon Form","floor":6.0,"key":"SMITH"},{"data":"Heavy Blade","floor":12.0,"key":"SMITH"},{"floor":15.0,"key":"REST"},{"floor":23.0,"key":"REST"},{"floor":32.0,"key":"REST"},{"data":"Limit Break","floor":40,"key":"SMITH"},{"data":"Offering","floor":42,"key":"SMITH"},{"data":"Headbutt","floor":46,"key":"SMITH"}],"circlet_count":1,"master_deck":["AscendersBane","Strike_R+1","Strike_R","Strike_R+1","Demon Form+1","Immolate+1","Heavy Blade+1","Headbutt+1","Limit Break+1","Double Tap+1","ReplayTheSpireMod:Limb From Limb+1","Headbutt+1","Impervious+1","ReplayTheSpireMod:LeadingStrike+1","Pummel+1","Offering+1"],"relics":["Burning Blood","NeowsBlessing","Orichalcum","Calipers","Snack Pack","Darkstone Periapt","Ooze Armor","Replay:Baseball","Red Mask","Pen Nib","MutagenicStrength","Whetstone","Circlet","Empty Cage","Replay:Wax Seal","Guide Book","Smiling Mask","Vajra","Juzu Bracelet","Charon\u0027s Ashes","Replay:Rubber Ducky","Champion Belt"],"acts_visited":["Exordium","TheCity","TheBeyond"],"potions_floor_usage":[33],"damage_taken":[{"damage":0.0,"enemies":"Cultist","floor":1.0,"turns":1.0},{"damage":0.0,"enemies":"Jaw Worm","floor":2.0,"turns":1.0},{"damage":0.0,"enemies":"3 Sentries","floor":7.0,"turns":1.0},{"damage":0.0,"enemies":"2 Louse","floor":8.0,"turns":1.0},{"damage":3.0,"enemies":"2 Fungi Beasts","floor":10.0,"turns":2.0},{"damage":11.0,"enemies":"Looter","floor":11.0,"turns":3.0},{"damage":20.0,"enemies":"Gremlin Nob","floor":13.0,"turns":4.0},{"damage":16.0,"enemies":"Red Slaver","floor":14.0,"turns":4.0},{"damage":48.0,"enemies":"The Guardian","floor":16.0,"turns":6.0},{"damage":23.0,"enemies":"2 Thieves","floor":18.0,"turns":4.0},{"damage":17.0,"enemies":"Masked Bandits","floor":20.0,"turns":3.0},{"damage":11.0,"enemies":"3 Byrds","floor":24.0,"turns":4.0},{"damage":32.0,"enemies":"Gremlin Leader","floor":25.0,"turns":5.0},{"damage":8.0,"enemies":"Centurion and Healer","floor":29.0,"turns":4.0},{"damage":0.0,"enemies":"Sentry and Sphere","floor":31.0,"turns":2.0},{"damage":24,"enemies":"Automaton","floor":33,"turns":5},{"damage":16,"enemies":"3 Darklings","floor":35,"turns":3},{"damage":0,"enemies":"3 Shapes","floor":37,"turns":1},{"damage":14,"enemies":"Giant Head","floor":41,"turns":5},{"damage":0,"enemies":"Reptomancer","floor":44,"turns":4},{"damage":6,"enemies":"Maw","floor":45,"turns":3},{"damage":10,"enemies":"2 Orb Walkers","floor":47,"turns":2},{"damage":9,"enemies":"Mind Bloom Boss Battle","floor":49,"turns":2},{"damage":33,"enemies":"Awakened One","floor":50,"turns":5}],"seed_played":"-4925417455041032022","potions_obtained":[{"floor":2.0,"key":"FearPotion"},{"floor":10.0,"key":"DuplicationPotion"},{"floor":11.0,"key":"Explosive Potion"},{"floor":13.0,"key":"BloodPotion"},{"floor":20.0,"key":"CultistPotion"},{"floor":25.0,"key":"AttackPotion"},{"floor":31.0,"key":"FairyPotion"},{"floor":33,"key":"BloodPotion"},{"floor":44,"key":"SkillPotion"},{"floor":45,"key":"Energy Potion"}],"is_trial":false,"path_per_floor":["M","M","?","?","?","R","E","M","T","M","M","R","E","M","R","B",null,"M","$","?","$","?","R","M","E","T","?","?","M","T","M","R","B",null,"M","?","M","$","?","R","E","R","T","E","M","R","?","$","R","B",null],"character_chosen":"IRONCLAD","items_purchased":["Replay:Baseball","Replay:Wax Seal","Guide Book","Replay:Rubber Ducky"],"campfire_rested":3,"item_purchase_floors":[19,38,38,48],"current_hp_per_floor":[74,75,68,68,68,68,74,75,75,75,70,70,56,46,68,43,67,52,52,43,43,31,53,52,30,30,30,30,30,30,38,60,63,72,64,64,70,70,70,70,70,70,70,75,75,75,73,73,74,56],"gold":51,"neow_bonus":"THREE_ENEMY_KILL","is_daily":false,"chose_seed":false,"campfire_upgraded":5,"win_rate":0.0,"timestamp":1608207205,"path_taken":["M","M","?","?","?","R","E","M","T","M","M","R","E","M","R","BOSS","M","$","?","$","?","R","?","E","T","?","?","M","?","M","R","BOSS","M","?","M","$","?","R","E","R","T","E","M","R","?","$","R","BOSS"],"items_purchased_type":["Relic","Relic","Relic","Relic"],"build_version":"2020-12-13","purchased_purges":4,"victory":true,"max_hp_per_floor":[75,75,75,75,75,75,75,75,75,75,75,75,75,75,75,75,75,75,75,75,75,75,75,75,75,75,75,75,75,75,75,75,75,75,75,75,75,75,75,75,75,75,75,75,75,75,75,75,75,75],"card_choices":[{"not_picked":["Armaments","Abandon","Clothesline"],"picked":"SKIP","floor":1.0},{"not_picked":["True Grit","Spot Weakness","Abandon"],"picked":"SKIP","floor":2.0},{"not_picked":["Pommel Strike","Havoc"],"picked":"Immolate","floor":7.0},{"not_picked":["Replay:Undeath\u0027s Touch","Twin Strike"],"picked":"Heavy Blade","floor":8.0},{"not_picked":["Hemokinesis","Body Slam"],"picked":"Headbutt","floor":10.0},{"not_picked":["Dropkick","Wild Strike","Thunderclap"],"picked":"SKIP","floor":11.0},{"not_picked":["Rampage","Twin Strike"],"picked":"Limit Break","floor":13.0},{"not_picked":["Thunderclap","Entrench","Combust"],"picked":"SKIP","floor":14.0},{"not_picked":["Demonic Infusion","Fiend Fire"],"picked":"Double Tap","floor":16.0},{"not_picked":["Body Slam","Thunderclap","Dropkick"],"picked":"SKIP","floor":18.0},{"not_picked":["Twin Strike+1","Ghostly Armor"],"picked":"ReplayTheSpireMod:Limb From Limb+1","floor":20.0},{"not_picked":["Spot Weakness","Flex","Cleave"],"picked":"SKIP","floor":24.0},{"not_picked":["Clash","Iron Wave","Replay:Undeath\u0027s Touch"],"picked":"SKIP","floor":25.0},{"not_picked":["Heavy Blade","Exhume","Pommel Strike"],"picked":"SKIP","floor":29.0},{"not_picked":["Heavy Blade","Armaments"],"picked":"Headbutt+1","floor":31.0},{"not_picked":["Barricade","Berserk"],"picked":"Impervious","floor":33},{"not_picked":["Armaments+1","Dual Wield"],"picked":"ReplayTheSpireMod:LeadingStrike","floor":35},{"not_picked":["Heavy Blade","Body Slam"],"picked":"Pummel+1","floor":37},{"not_picked":["Clash+1","Clothesline+1"],"picked":"Offering","floor":41},{"not_picked":["Havoc","Flame Barrier+1","Rampage"],"picked":"SKIP","floor":44},{"not_picked":["Uppercut","Clash","Armaments"],"picked":"SKIP","floor":45}],"player_experience":350441,"relics_obtained":[{"floor":7.0,"key":"Calipers"},{"floor":9.0,"key":"Snack Pack"},{"floor":13.0,"key":"Darkstone Periapt"},{"floor":20.0,"key":"Red Mask"},{"floor":25.0,"key":"Dead Branch"},{"floor":26.0,"key":"Pen Nib"},{"floor":30.0,"key":"Whetstone"},{"floor":41,"key":"Smiling Mask"},{"floor":43,"key":"Vajra"},{"floor":44,"key":"Juzu Bracelet"},{"floor":47,"key":"Charon\u0027s Ashes"},{"floor":49,"key":"Champion Belt"}],"event_choices":[{"damage_healed":0.0,"max_hp_gain":0.0,"max_hp_loss":0.0,"gold_gain":0.0,"event_name":"Scrap Ooze","player_choice":"Success","floor":3.0,"gold_loss":0.0,"damage_taken":7.0,"relics_obtained":["Orichalcum"]},{"damage_healed":0.0,"max_hp_gain":0.0,"max_hp_loss":0.0,"gold_gain":0.0,"cards_transformed":["Bash"],"event_name":"Living Wall","player_choice":"Change","floor":4.0,"gold_loss":0.0,"damage_taken":0.0,"cards_obtained":["Demon Form"]},{"damage_healed":0.0,"max_hp_gain":0.0,"max_hp_loss":0.0,"gold_gain":0.0,"event_name":"Masked Bandits","player_choice":"Fought Bandits","floor":20.0,"gold_loss":0.0,"damage_taken":0.0},{"damage_healed":0.0,"max_hp_gain":0.0,"max_hp_loss":0.0,"gold_gain":90.0,"event_name":"Knowing Skull","player_choice":"GOLD ","floor":22.0,"potions_obtained":[],"gold_loss":0.0,"damage_taken":12.0,"cards_obtained":[]},{"damage_healed":0.0,"max_hp_gain":0.0,"max_hp_loss":0.0,"gold_gain":0.0,"event_name":"Drug Dealer","player_choice":"Inject Mutagens","floor":27.0,"gold_loss":0.0,"damage_taken":0.0,"relics_obtained":["MutagenicStrength"]},{"damage_healed":0.0,"max_hp_gain":0.0,"max_hp_loss":0.0,"gold_gain":0.0,"event_name":"Cursed Tome","player_choice":"Ignored","floor":28.0,"gold_loss":0.0,"damage_taken":0.0},{"damage_healed":0,"gold_gain":0,"player_choice":"Ignored","damage_taken":0,"max_hp_gain":0,"max_hp_loss":0,"event_name":"Tomb of Lord Red Mask","floor":36,"gold_loss":0},{"damage_healed":0,"gold_gain":0,"player_choice":"Forge","damage_taken":0,"max_hp_gain":0,"max_hp_loss":0,"event_name":"Accursed Blacksmith","floor":39,"gold_loss":0,"cards_upgraded":["ReplayTheSpireMod:LeadingStrike"]},{"damage_healed":0,"gold_gain":0,"player_choice":"Fight","damage_taken":0,"max_hp_gain":0,"max_hp_loss":0,"event_name":"Mysterious Sphere","floor":47,"gold_loss":0},{"damage_healed":0,"gold_gain":0,"player_choice":"Fight","damage_taken":0,"max_hp_gain":0,"max_hp_loss":0,"event_name":"MindBloom","floor":49,"gold_loss":0}],"is_beta":false,"boss_relics":[{"not_picked":["Ring of Chaos","Replay:Drink Me"],"picked":"Ooze Armor"},{"not_picked":["Runic Cube","Sozu"],"picked":"Empty Cage"}],"items_purged_floors":[19,21,38,48],"is_endless":false,"potions_floor_spawned":[2,10,11,13,20,25,31,33,44,45],"ascension_level":14}}