{"host":"h7xtspmc2x3i8s2i","time":1608166474,"event":{"mods":["2.2 Compatiblity","AchievementEnabler","Act Like it!","AlwaysNeverKeys","Aspiration","Astrologer","BaseMod","Beaked The Cultist","Better Match","Better Sensory Stone","Better Third Choice","Better Vampires","BetterRewards","Challenge The Spire","Colored Map","Colored Powertips","Colorless Booster Pack","Curses Come First","Defuse TimeMaze Blight","Dio Mod","Downfall","Duelist Mod","EXCEPTION","Energized Spire","Friendly Minions","GifTheSpireLib","Gold Saver","Gremlin Skip","Halation","Hubris","Jedi Mod","Key Reminder","Marked Mod","Minty Spire (QoL Compilation)","Pale of the Ancients","Permanent Neow","Random Character Button","Random Character Mod","Rare Cards Sparkle","Relic Filter","Relic Stats","Replay The Spire","SacredBarkPlus","Shop Mod","Somnambulant","Spikes Relics","Spire Birthday Party","StSLib","Steal the Spire","Stuff the Spire","SuperFastMode","The Awakened One except there are too many feathers","The Blue Laboratory","The Cursed","The Death Knight","The Dragon Tamer","The Edgeheg","The Hierophant","The Problem Sleuth","The Wild Card","Transform Curses","Unceasing Turn Reminder","everything is the same but u backflip on backflip","slay the spire mod where everything is the same but ironclad has a cowboy hat","vexMod"],"gold_per_floor":[99,126,51,67,67,93,93,268,268,193,211,224,241,7,22,120,120,120,146,45,57,72,172,222,232,157,157,157,169,184,184,204,305,305,305,319,319,346,380,392,392,22,68,68,98,98,60,84,102,106],"floor_reached":51,"playtime":2720,"items_purged":["Doubt","Guardian:Defend_Guardian"],"score":887,"play_id":"a858d1c3-6209-4a16-b9d2-175de21a1922","local_time":"20201216195434","is_ascension_mode":false,"campfire_choices":[{"floor":1,"key":"RECALL"},{"floor":3,"key":"REST"},{"floor":5,"key":"REST"},{"data":"Guardian:TwinSlam","floor":10,"key":"SMITH"},{"data":"Guardian:Planning","floor":18,"key":"SMITH"},{"data":"Guardian:DecasProtection","floor":27,"key":"SMITH"},{"data":"Guardian:SpikerProtocol","floor":35,"key":"SMITH"},{"floor":44,"key":"REST"}],"circlet_count":0,"master_deck":["Guardian:Strike_Guardian","Guardian:Strike_Guardian","Guardian:Strike_Guardian","Guardian:Strike_Guardian","Guardian:Defend_Guardian","Guardian:Defend_Guardian","Guardian:Defend_Guardian","Guardian:CurlUp+1","Guardian:TwinSlam+1","Guardian:CrystalBeam","Guardian:Planning+1","Guardian:VentSteam","Guardian:Planning+1","Guardian:DecasProtection+1","Guardian:SpikerProtocol+1","Finesse+1","Guardian:Emergency+1","jedi:cleanse","Guardian:Clone","Guardian:DecasProtection","jedi:hex","theDuelist:Nameless:Magic:GridRod","sneckomod:UnknownCommonSkill","theDuelist:AgainstTheWind+1","Reforge","expansioncontent:Corrupt","Finesse","expansioncontent:SuperHexaguard","theDuelist:VisionFusion","Guardian:Emergency"],"relics":["Guardian:ModeShifter","SnailShell","downfall:HeartBlessingRed","Happy Flower","hubris:Potato","downfall:HeartBlessingGreen","Akabeko","aspiration:SecretTechniqueScroll","Replay:Mystery Machine","BicycleWheel","Matryoshka","Anchor","aspiration:Lifesprig","PrismaticShard","MutagenicStrength","hubris:HollowSoul","Bag of Marbles","Potion Belt","halation:TwoAmDonut","ReplayTheSpireMod:ShopPack","aspiration:ChemicalBlood","Replay:Bandana","Pondfish Scales"],"acts_visited":["Exordium","TheCity","TheBeyond"],"potions_floor_usage":[20,20,20,22,29,30,39,43,45],"damage_taken":[{"damage":66,"enemies":"Lagavulin","floor":2,"turns":13},{"damage":0,"enemies":"Jaw Worm","floor":4,"turns":5},{"damage":19,"enemies":"3 Sentries","floor":6,"turns":12},{"damage":0,"enemies":"Small Slimes","floor":11,"turns":3},{"damage":1,"enemies":"Cultist","floor":12,"turns":4},{"damage":0,"enemies":"Lots of Slimes","floor":13,"turns":5},{"damage":0,"enemies":"downfall:FleeingMerchant","floor":14,"turns":4},{"damage":9,"enemies":"Gremlin Gang","floor":15,"turns":6},{"damage":12,"enemies":"downfall:Watcher","floor":16,"turns":7},{"damage":0,"enemies":"theDuelist:KaibaA2","floor":19,"turns":6},{"damage":0,"enemies":"downfall:FleeingMerchant","floor":20,"turns":4},{"damage":0,"enemies":"Spheric Guardian","floor":21,"turns":4},{"damage":14,"enemies":"Snake Plant","floor":22,"turns":2},{"damage":0,"enemies":"downfall:Ironclad","floor":23,"turns":6},{"damage":0,"enemies":"Sentry and Sphere","floor":25,"turns":5},{"damage":2,"enemies":"Cultist and Chosen","floor":29,"turns":5},{"damage":0,"enemies":"Shelled Parasite and Fungi","floor":30,"turns":3},{"damage":0,"enemies":"Chosen and Byrds","floor":32,"turns":4},{"damage":0,"enemies":"downfall:Defect","floor":33,"turns":5},{"damage":0,"enemies":"Orb Walker","floor":36,"turns":3},{"damage":20,"enemies":"Reptomancer","floor":39,"turns":6},{"damage":0,"enemies":"3 Shapes","floor":40,"turns":3},{"damage":0,"enemies":"downfall:FleeingMerchant","floor":42,"turns":4},{"damage":29,"enemies":"Nemesis","floor":43,"turns":7},{"damage":0,"enemies":"Transient","floor":45,"turns":5},{"damage":0,"enemies":"Sphere and 2 Shapes","floor":48,"turns":6},{"damage":0,"enemies":"Maw","floor":49,"turns":5},{"damage":0,"enemies":"downfall:Silent","floor":50,"turns":11}],"seed_played":"-3503825066887612184","potions_obtained":[{"floor":6,"key":"Milkshake"},{"floor":12,"key":"FearPotion"},{"floor":15,"key":"PowerPotion"},{"floor":21,"key":"Explosive Potion"},{"floor":23,"key":"blueLaboratory:AbyssPotion"},{"floor":25,"key":"Adrenaline Potion"},{"floor":29,"key":"champ:CounterPotion"},{"floor":33,"key":"SteroidPotion"},{"floor":36,"key":"ColorlessPotion"},{"floor":43,"key":"Weak Potion"},{"floor":48,"key":"blueLaboratory:FrostheartPotion"},{"floor":49,"key":"blueLaboratory:EnragingPotion"}],"is_trial":false,"path_per_floor":["R_BF","E","R","M","R","E","T","?","?","R","M","M","M","$","M","B",null,"R","E","$","M","M","?","T","M","?","R","?","M","M","?","M","B",null,"R","M","?","T","E","M","T","$","E","R","M","?","$","M","M","B",null],"character_chosen":"GUARDIAN","items_purchased":["Akabeko","Finesse","ReplayTheSpireMod:ShopPack","aspiration:ChemicalBlood","Replay:Bandana","Reforge","Guardian:Emergency"],"campfire_rested":3,"item_purchase_floors":[14,20,42,42,42,42,47],"current_hp_per_floor":[80,14,38,38,62,43,43,43,69,69,69,68,68,68,59,47,80,80,80,80,80,66,66,66,66,66,66,58,56,56,56,56,56,80,80,80,56,56,36,36,36,36,7,31,39,47,47,47,47,47],"gold":106,"neow_bonus":"UPGRADE_CARD","is_daily":false,"chose_seed":false,"campfire_upgraded":4,"win_rate":0.0,"timestamp":1608166474,"path_taken":["R_BF","E","R","M","R","E","T","?","?","R","M","M","M","?","M","BOSS","R","E","?","?","M","?","T","?","?","R","?","M","?","?","M","BOSS","R","M","?","?","E","M","T","$","E","R","M","?","?","M","M","BOSS"],"items_purchased_type":["Relic","Card","Relic","Relic","Relic","Card","Card"],"build_version":"2020-12-13","purchased_purges":2,"victory":true,"max_hp_per_floor":[80,80,80,80,80,80,80,80,80,80,80,80,80,80,80,80,80,80,80,80,80,80,80,80,80,80,80,80,80,80,80,80,80,80,80,80,80,80,80,80,80,80,80,80,80,80,80,80,80,80],"relic_stats":{"Happy Flower":[41],"counters":[28,153],"obtain_stats":[{"Potion Belt":39,"SnailShell":2,"aspiration:Lifesprig":24,"downfall:HeartBlessingRed":3,"Happy Flower":6,"Guardian:ModeShifter":0,"downfall:HeartBlessingGreen":10,"hubris:HollowSoul":34,"aspiration:SecretTechniqueScroll":17,"Replay:Mystery Machine":19,"PrismaticShard":28,"Akabeko":14,"keyreminder:keyreminder":1,"Anchor":24,"Replay:Bandana":42,"Pondfish Scales":43,"Matryoshka":23,"MutagenicStrength":31,"Bag of Marbles":38,"halation:TwoAmDonut":41,"hubris:Potato":7,"BicycleWheel":23,"ReplayTheSpireMod:ShopPack":42,"aspiration:ChemicalBlood":42},{"Potion Belt":21,"SnailShell":1,"aspiration:Lifesprig":14,"downfall:HeartBlessingRed":1,"Happy Flower":3,"Guardian:ModeShifter":0,"downfall:HeartBlessingGreen":3,"hubris:HollowSoul":19,"aspiration:SecretTechniqueScroll":9,"Replay:Mystery Machine":10,"PrismaticShard":15,"Akabeko":7,"keyreminder:keyreminder":0,"Anchor":14,"Replay:Bandana":23,"Pondfish Scales":24,"Matryoshka":14,"MutagenicStrength":17,"Bag of Marbles":20,"halation:TwoAmDonut":22,"hubris:Potato":3,"BicycleWheel":14,"ReplayTheSpireMod:ShopPack":23,"aspiration:ChemicalBlood":23},{"Potion Belt":112,"SnailShell":13,"aspiration:Lifesprig":81,"downfall:HeartBlessingRed":13,"Happy Flower":30,"Guardian:ModeShifter":0,"downfall:HeartBlessingGreen":30,"hubris:HollowSoul":103,"aspiration:SecretTechniqueScroll":59,"Replay:Mystery Machine":65,"PrismaticShard":86,"Akabeko":46,"keyreminder:keyreminder":0,"Anchor":81,"Replay:Bandana":119,"Pondfish Scales":126,"Matryoshka":81,"MutagenicStrength":94,"Bag of Marbles":106,"halation:TwoAmDonut":115,"hubris:Potato":30,"BicycleWheel":81,"ReplayTheSpireMod:ShopPack":119,"aspiration:ChemicalBlood":119}]},"card_choices":[{"not_picked":["Guardian:PiercingHide","Guardian:TimeCapacitor"],"picked":"Guardian:Gem_Lightblue","floor":2},{"not_picked":["Guardian:Recover","Guardian:ChargeUp"],"picked":"Guardian:CrystalBeam","floor":4},{"not_picked":["Guardian:Planning","Guardian:RefractedBeam"],"picked":"Guardian:Gem_Synthetic","floor":6},{"not_picked":["Guardian:Reroute","Guardian:ShieldCharger"],"picked":"Guardian:Planning","floor":11},{"not_picked":["Guardian:ShieldSpikes","Guardian:WalkerClaw"],"picked":"Guardian:VentSteam","floor":12},{"not_picked":["Guardian:Gem_Fragmented","Guardian:WalkerClaw"],"picked":"Guardian:Gem_Red","floor":13},{"not_picked":["Guardian:GatlingBeam","Guardian:PiercingHide"],"picked":"Guardian:Planning","floor":14},{"not_picked":["Guardian:Recover","Guardian:RollAttack","Guardian:Orbwalk"],"picked":"SKIP","floor":15},{"not_picked":["Guardian:PrimingBeam+1","Guardian:PrismaticBarrier"],"picked":"Guardian:DecasProtection","floor":19},{"not_picked":["Guardian:TimeCapacitor","Guardian:Harden"],"picked":"Guardian:SpikerProtocol","floor":20},{"not_picked":["Guardian:ShieldSpikes","Guardian:PrimingBeam"],"picked":"Guardian:Gem_Red","floor":21},{"not_picked":["Guardian:Gem_Green","Guardian:PiercingHide"],"picked":"Guardian:Emergency","floor":22},{"not_picked":["Guardian:ChargeCore+1","Guardian:PrimingBeam"],"picked":"Guardian:Gem_Purple","floor":23},{"not_picked":["Guardian:RollAttack+1","Guardian:Reroute","Guardian:ConstructionForm"],"picked":"SKIP","floor":25},{"not_picked":["Panache","jedi:LeechingStrike"],"picked":"jedi:cleanse","floor":26},{"not_picked":["Guardian:TimeCapacitor","Guardian:PrismaticBarrier"],"picked":"Guardian:Clone","floor":26},{"not_picked":["Guardian:TemporalShield","Guardian:FierceBash"],"picked":"Guardian:DecasProtection","floor":28},{"not_picked":["hexamod:ShieldOfDarkness","theDuelist:DoomShaman+1"],"picked":"jedi:hex","floor":29},{"not_picked":["theDuelist:PMCaptor","theDuelist:InsectKnight","theDuelist:Beatraptor"],"picked":"SKIP","floor":30},{"not_picked":["theDuelist:Pumpking","theDuelist:BoosterDragon","theDuelist:GoldSarcophagus"],"picked":"SKIP","floor":32},{"not_picked":["Blasphemy","DeathKnight:MarkOfBlood"],"picked":"theDuelist:Nameless:Magic:GridRod","floor":33},{"not_picked":["Eviscerate+1","theDuelist:Skullgios+1","TheCursedMod:CursedShiv+1"],"picked":"SKIP","floor":36},{"not_picked":["theDuelist:MagicCylinder","champ:CalledShot"],"picked":"sneckomod:UnknownCommonSkill","floor":39},{"not_picked":["theDuelist:ReptiliannePoison","theDuelist:DarkTinker+1"],"picked":"theDuelist:AgainstTheWind+1","floor":40},{"not_picked":["Meteor Strike","theDuelist:GoldenApples","DeathKnight:MindFreeze+1"],"picked":"SKIP","floor":42},{"not_picked":["CBP: ChaoticOffering","Violence"],"picked":"expansioncontent:Corrupt","floor":42},{"not_picked":["theEdgeheg:TurboChaos","CBP: PlotConvenience"],"picked":"Finesse","floor":42},{"not_picked":["HandOfGreed","Feint"],"picked":"expansioncontent:SuperHexaguard","floor":42},{"not_picked":["DTMod:MagiciansMark+1","theDuelist:ArchfiendSoldier"],"picked":"theDuelist:VisionFusion","floor":43},{"not_picked":["Beam Cell+1","theDuelist:Boneheimer","theDuelist:Lightserpent+1"],"picked":"SKIP","floor":45},{"not_picked":["StuffTheSpire:BumpUp","Clothesline","theDuelist:EagleShark"],"picked":"SKIP","floor":48},{"not_picked":["theDuelist:GoyoDefender+1","theDuelist:CallMummy+1","theDuelist:DefenseDraw"],"picked":"SKIP","floor":49}],"player_experience":491327,"relics_obtained":[{"floor":2,"key":"SnailShell"},{"floor":6,"key":"Happy Flower"},{"floor":7,"key":"hubris:Potato"},{"floor":19,"key":"Replay:Mystery Machine"},{"floor":23,"key":"BicycleWheel"},{"floor":23,"key":"Matryoshka"},{"floor":24,"key":"Anchor"},{"floor":24,"key":"aspiration:Lifesprig"},{"floor":28,"key":"PrismaticShard"},{"floor":38,"key":"Bag of Marbles"},{"floor":39,"key":"Potion Belt"},{"floor":41,"key":"halation:TwoAmDonut"},{"floor":43,"key":"Pondfish Scales"}],"event_choices":[{"damage_healed":26,"gold_gain":0,"player_choice":"Banana","damage_taken":0,"max_hp_gain":0,"max_hp_loss":0,"event_name":"Big Fish","floor":9,"gold_loss":0},{"damage_healed":0,"gold_gain":0,"player_choice":"1","damage_taken":0,"max_hp_gain":0,"max_hp_loss":0,"event_name":"betterMatch:BetterMatch","floor":26,"gold_loss":0,"cards_obtained":["betterMatch:ColorlessRareCard","betterMatch:UncommonCard","betterMatch:CommonCard"]},{"damage_healed":0,"gold_gain":0,"player_choice":"Inject Mutagens","damage_taken":0,"relics_obtained":["MutagenicStrength"],"max_hp_gain":0,"max_hp_loss":0,"event_name":"Drug Dealer","floor":31,"gold_loss":0}],"is_beta":false,"boss_relics":[{"not_picked":["Replay:Bronze Core","vexMod:MegatonBomb"],"picked":"aspiration:SecretTechniqueScroll"},{"not_picked":["hubris:Stopwatch","vexMod:DeviousBotling"],"picked":"hubris:HollowSoul"}],"items_purged_floors":[14,42],"is_endless":false,"potions_floor_spawned":[6,12,15,21,23,25,29,33,36,43,48,49],"ascension_level":0}}