{"host":"ki5kvxn974a96omm","time":1608233260,"event":{"mods":["BaseMod","Colored Map","Colored Powertips","Downfall","Key Reminder","Minty Spire (QoL Compilation)","Relic Sorter","StSLib"],"gold_per_floor":[99,129,129,154,154,154,178,206,206,240,340,440,510,560,579,579,579],"floor_reached":16,"playtime":917,"items_purged":[],"score":235,"play_id":"02525cd7-7550-4c44-be7e-46f90b27ef7e","local_time":"20201217142740","is_ascension_mode":true,"campfire_choices":[{"data":"hexamod:Float","floor":1.0,"key":"SMITH"},{"data":"hexamod:EmpoweredFlame","floor":6.0,"key":"SMITH"},{"data":"hexamod:Incineration","floor":9.0,"key":"SMITH"}],"circlet_count":0,"master_deck":["hexamod:Strike","hexamod:Strike","hexamod:Defend","hexamod:Defend","hexamod:Defend","hexamod:Sear","hexamod:Float+1","hexamod:EmpoweredFlame+1","hexamod:Hexaguard","hexamod:Incineration+1","hexamod:Firestarter","hexamod:HeatCrush","hexamod:ThirdSeal","hexamod:TimeOfNeed+1","hexamod:RainOfEmbers","hexamod:AdvancingGuard","hexamod:FlamesFromBeyond"],"relics":["hexamod:SpiritBrand","downfall:HeartsMalice","Ice Cream","Ginger","Omamori","hexamod:BolsterEngine","Pear","keyreminder:keyreminder","downfall:CloakOfManyFaces","CultistMask","FaceOfCleric","NlothsMask","GremlinMask","SsserpentHead"],"acts_visited":["Exordium"],"potions_floor_usage":[16],"damage_taken":[{"damage":0.0,"enemies":"Gremlin Nob","floor":2.0,"turns":1.0},{"damage":0.0,"enemies":"Small Slimes","floor":3.0,"turns":1.0},{"damage":0.0,"enemies":"Lagavulin","floor":4.0,"turns":1.0},{"damage":19.0,"enemies":"3 Sentries","floor":8.0,"turns":7.0},{"damage":20.0,"enemies":"Lagavulin","floor":10.0,"turns":6.0},{"damage":14.0,"enemies":"downfall:Heads","floor":11.0,"turns":6.0},{"damage":0.0,"enemies":"downfall:FaceTrader","floor":12.0,"turns":4.0},{"damage":0.0,"enemies":"2 Louse","floor":13.0,"turns":3.0},{"damage":0.0,"enemies":"Cultist","floor":15.0,"turns":3.0},{"damage":23,"enemies":"downfall:Ironclad","floor":16,"turns":7}],"seed_played":"-2695840491077727621","potions_obtained":[{"floor":2.0,"key":"PowerPotion"},{"floor":4.0,"key":"GamblersBrew"},{"floor":8.0,"key":"DistilledChaos"}],"is_trial":false,"path_per_floor":["R","E","M","E","?","R","T","E","R","E","?","?","M","T","M","B"],"character_chosen":"THE_SPIRIT","items_purchased":[],"campfire_rested":0,"item_purchase_floors":[],"current_hp_per_floor":[63,63,63,63,63,63,63,44,44,34,20,20,21,21,22,0,0],"gold":579,"neow_bonus":"THREE_ENEMY_KILL","is_daily":false,"chose_seed":false,"campfire_upgraded":3,"win_rate":0.0,"timestamp":1608233260,"path_taken":["R","E","M","E","?","R","T","E","R","E","?","?","?","?","M","BOSS"],"items_purchased_type":[],"build_version":"2020-12-13","purchased_purges":0,"victory":false,"max_hp_per_floor":[70,70,70,70,70,70,70,70,70,80,80,80,81,81,82,82,82],"card_choices":[{"not_picked":["hexamod:RecurringNightmare","hexamod:PowerFromBeyond"],"picked":"hexamod:EmpoweredFlame","floor":2.0},{"not_picked":["hexamod:NightmareGuise","hexamod:ShieldOfDarkness"],"picked":"hexamod:Hexaguard","floor":3.0},{"not_picked":["hexamod:StepThrough","hexamod:Firestarter"],"picked":"hexamod:Incineration","floor":4.0},{"not_picked":["hexamod:SkipABeat","hexamod:InspiringFlames"],"picked":"hexamod:Firestarter","floor":8.0},{"not_picked":["hexamod:GhostOfSpirePast","hexamod:NecessarySacrifice"],"picked":"hexamod:HeatCrush","floor":10.0},{"not_picked":["hexamod:NightmareGuise","hexamod:SuperheatedStrike"],"picked":"hexamod:ThirdSeal","floor":11.0},{"not_picked":["hexamod:ChargedBarrage","hexamod:ThermalTransfer"],"picked":"hexamod:RainOfEmbers","floor":12.0},{"not_picked":["hexamod:HauntingEcho","hexamod:DynamicBlow"],"picked":"hexamod:AdvancingGuard","floor":13.0},{"not_picked":["hexamod:EmpoweringStance","hexamod:GhostShield"],"picked":"hexamod:FlamesFromBeyond","floor":13.0},{"not_picked":["hexamod:BurningTouch","hexamod:ThermalTransfer","hexamod:FastForward"],"picked":"SKIP","floor":15.0},{"not_picked":["hexamod:BurningTouch","hexamod:HauntingEcho","hexamod:GhostOfSpirePast"],"picked":"SKIP","floor":15.0}],"player_experience":1850860,"relics_obtained":[{"floor":2.0,"key":"Ice Cream"},{"floor":4.0,"key":"Ginger"},{"floor":7.0,"key":"Omamori"},{"floor":8.0,"key":"hexamod:BolsterEngine"},{"floor":10.0,"key":"Pear"},{"floor":12.0,"key":"downfall:CloakOfManyFaces"}],"event_choices":[],"is_beta":false,"boss_relics":[],"items_purged_floors":[],"is_endless":false,"potions_floor_spawned":[2,4,8],"killed_by":"downfall:Ironclad","ascension_level":7}}