{"host":"cz3p2o9n3b1gdmkz","time":1608231864,"event":{"mods":["AchievementEnabler","BaseMod","CapriCore","GungeonMod","Hermit","Lobotomy","Minty Spire (QoL Compilation)","Replay The Spire","Shop Mod","StSLib","SuperFastMode","The Cursed","The Dragon Tamer","The Gatherer","The Jungle","The Poker Player","The Runesmith"],"gold_per_floor":[118,193,193,213,213,213,240,97,97,115,125,197,213,228,228,326,326,342,267,283,1,1,1,18,18,18,88,88,88,119,132,132,230,230,245,245,245,37,54,82,94,94,94,94,124,136,136,152,152,152],"floor_reached":51,"playtime":3231,"items_purged":["hermit:Strike_Hermit","hermit:Headshot","hermit:Brawl"],"score":1063,"play_id":"0aff69ed-32af-48e9-a3eb-dcd810101df9","local_time":"20201218040424","is_ascension_mode":true,"campfire_choices":[{"floor":6.0,"key":"REST"},{"floor":15.0,"key":"REST"},{"data":"hermit:LoneWolf","floor":23.0,"key":"SMITH"},{"data":"hermit:HighNoon","floor":25.0,"key":"SMITH"},{"floor":29.0,"key":"REST"},{"floor":32.0,"key":"REST"},{"floor":42.0,"key":"REST"},{"floor":44.0,"key":"REST"},{"floor":47.0,"key":"REST"},{"floor":49.0,"key":"REST"}],"circlet_count":0,"master_deck":["AscendersBane","hermit:Strike_Hermit+1","hermit:Strike_Hermit+1","hermit:Strike_Hermit+1","hermit:Defend_Hermit+1","hermit:Defend_Hermit","hermit:Defend_Hermit+1","hermit:Defend_Hermit+1","hermit:Covet+1","hermit:PistolWhip","hermit:Maintenance+1","hermit:LoneWolf+1","hermit:HighNoon+1","hermit:OverwhelmingPower+1","hermit:Gestalt+1"],"relics":["hermit:Momento","Ice Cream","Counterbalance","ReplayFunnel","hermit:Horseshoe","Ring of Chaos","Membership Card","Replay:Baseball","Gremlin Food","PreservedInsect","CultistMask","Replay:Bottled Steam","Black Star","Replay:Rubber Ducky","DemoMod:MeatBun","Bag of Marbles","Calipers","DemoMod:Bottle","Blue Doll","DemoMod:MemoryAlloy"],"acts_visited":["Exordium","TheCity","TheBeyond"],"potions_floor_usage":[],"damage_taken":[{"damage":9.0,"enemies":"2 Louse","floor":1.0,"turns":3.0},{"damage":5.0,"enemies":"Small Slimes","floor":4.0,"turns":3.0},{"damage":32.0,"enemies":"Gremlin Nob","floor":7.0,"turns":4.0},{"damage":0.0,"enemies":"Cultist","floor":10.0,"turns":2.0},{"damage":5.0,"enemies":"Large Slime","floor":11.0,"turns":5.0},{"damage":1.0,"enemies":"3 Louse","floor":13.0,"turns":2.0},{"damage":0.0,"enemies":"2 Fungi Beasts","floor":14.0,"turns":4.0},{"damage":0.0,"enemies":"The Guardian","floor":16.0,"turns":10.0},{"damage":7.0,"enemies":"Shell Parasite","floor":18.0,"turns":6.0},{"damage":3.0,"enemies":"Spheric Guardian","floor":20.0,"turns":5.0},{"damage":17.0,"enemies":"Shelled Parasite and Fungi","floor":24.0,"turns":6.0},{"damage":9.0,"enemies":"Replay:Snechameleon","floor":30.0,"turns":6.0},{"damage":21.0,"enemies":"Chosen and Byrds","floor":31.0,"turns":7.0},{"damage":1.0,"enemies":"Automaton","floor":33.0,"turns":9.0},{"damage":15.0,"enemies":"3 Shapes","floor":35.0,"turns":6.0},{"damage":25.0,"enemies":"3 Darklings","floor":39.0,"turns":5.0},{"damage":8.0,"enemies":"Nemesis","floor":40.0,"turns":7.0},{"damage":13.0,"enemies":"Writhing Mass","floor":41.0,"turns":7.0},{"damage":51.0,"enemies":"R_Hoarder","floor":45.0,"turns":12.0},{"damage":9.0,"enemies":"Maw","floor":46.0,"turns":9.0},{"damage":3.0,"enemies":"3 Darklings","floor":48.0,"turns":7.0},{"damage":2.0,"enemies":"Replay:Hell Engine","floor":50.0,"turns":17.0},{"damage":29.0,"enemies":"Malkuth","floor":51.0,"turns":34.0},{"damage":14.0,"enemies":"Hod","floor":51.0,"turns":9.0}],"seed_played":"-546117880870934162","potions_obtained":[{"floor":10.0,"key":"SteroidPotion"},{"floor":11.0,"key":"Fire Potion"},{"floor":13.0,"key":"SteroidPotion"},{"floor":16.0,"key":"Fire Potion"},{"floor":18.0,"key":"Elixir"},{"floor":20.0,"key":"Doom Potion"},{"floor":27.0,"key":"Flashbang"},{"floor":27.0,"key":"Flashbang"},{"floor":30.0,"key":"Strength Potion"},{"floor":35.0,"key":"SpeedPotion"},{"floor":41.0,"key":"Elixir"},{"floor":46.0,"key":"Toxic Potion"}],"is_trial":false,"path_per_floor":["M","?","?","M","?","R","E","$","T","M","M","?","M","M","R","B",null,"M","$","M","$","?","R","M","R","T","?","?","R","E","M","R","B",null,"M","?","?","$","M","E","M","R","T","R","E","M","R","M","R","B",null,null],"character_chosen":"HERMIT","items_purchased":["ReplayFunnel","Membership Card","Replay:Baseball","Replay:Rubber Ducky","DemoMod:MeatBun"],"campfire_rested":8,"item_purchase_floors":[8,21,21,38,38],"current_hp_per_floor":[59,48,33,28,28,50,18,18,18,18,13,13,12,12,34,34,65,58,58,55,55,55,55,38,38,38,38,38,60,51,30,52,51,69,54,54,54,68,43,35,22,44,44,66,15,6,28,25,47,45],"gold":152,"neow_bonus":"ONE_RARE_RELIC","is_daily":false,"chose_seed":false,"campfire_upgraded":2,"win_rate":0.0,"timestamp":1608231864,"path_taken":["M","?","?","M","?","R","E","$","T","?","M","?","M","M","R","BOSS","M","$","M","$","?","R","M","R","T","?","?","R","E","?","R","BOSS","M","?","?","$","M","E","M","R","T","R","E","M","R","M","R","BOSS"],"items_purchased_type":["Relic","Relic","Relic","Relic","Relic"],"build_version":"2020-12-13","purchased_purges":3,"victory":true,"max_hp_per_floor":[75,75,75,75,75,75,75,75,75,75,75,75,75,75,75,75,75,75,75,75,75,75,75,75,75,75,75,75,75,75,75,75,75,75,75,75,75,75,75,75,75,75,75,75,75,75,75,75,75,75],"card_choices":[{"not_picked":["hermit:Glare","hermit:Coalescence"],"picked":"hermit:Headshot","floor":1.0},{"not_picked":["hermit:CalledShot","hermit:TrackingShot","hermit:Roulette"],"picked":"SKIP","floor":4.0},{"not_picked":["hermit:Malice","hermit:Feint"],"picked":"hermit:PistolWhip","floor":7.0},{"not_picked":["hermit:Midnight","hermit:Headshot"],"picked":"hermit:Maintenance","floor":10.0},{"not_picked":["hermit:Reprieve","hermit:SprayPray"],"picked":"hermit:LoneWolf","floor":11.0},{"not_picked":["hermit:WideOpen","hermit:Roulette"],"picked":"hermit:Brawl","floor":13.0},{"not_picked":["hermit:Snipe","hermit:Gestalt","hermit:Vantage"],"picked":"SKIP","floor":14.0},{"not_picked":["hermit:BlackWind","hermit:Magnum"],"picked":"hermit:HighNoon","floor":16.0},{"not_picked":["hermit:Virtue","hermit:ItchyTrigger","hermit:WideOpen"],"picked":"SKIP","floor":18.0},{"not_picked":["hermit:Vantage","hermit:Feint","hermit:Malice"],"picked":"SKIP","floor":20.0},{"not_picked":["hermit:TakeAim","hermit:Misfire","hermit:Showdown+1"],"picked":"SKIP","floor":24.0},{"not_picked":["hermit:Quickdraw+1","hermit:FlashPowder+1","hermit:Feint+1"],"picked":"SKIP","floor":30.0},{"not_picked":["hermit:Headshot+1","hermit:BodyArmor","hermit:Gestalt"],"picked":"SKIP","floor":31.0},{"not_picked":["hermit:Gambit","hermit:FatalDesire"],"picked":"hermit:OverwhelmingPower","floor":33.0},{"not_picked":["hermit:WideOpen","hermit:CalledShot+1","hermit:Determination"],"picked":"SKIP","floor":35.0},{"not_picked":["hermit:CursedWeapon","hermit:ItchyTrigger","hermit:Gestalt+1"],"picked":"SKIP","floor":39.0},{"not_picked":["hermit:Determination","hermit:HoleUp+1","hermit:Grudge+1"],"picked":"SKIP","floor":40.0},{"not_picked":["hermit:ItchyTrigger","hermit:Glare","hermit:Ricochet+1"],"picked":"SKIP","floor":41.0},{"not_picked":["hermit:TrackingShot+1","hermit:Manifest"],"picked":"hermit:Gestalt+1","floor":45.0},{"not_picked":["hermit:DeadMansHand+1","hermit:Deadeye+1","hermit:ShadowCloak"],"picked":"SKIP","floor":46.0},{"not_picked":["hermit:PistolWhip+1","hermit:Ricochet","hermit:Manifest+1"],"picked":"SKIP","floor":48.0}],"player_experience":963779,"relics_obtained":[{"floor":7.0,"key":"Counterbalance"},{"floor":9.0,"key":"hermit:Horseshoe"},{"floor":26.0,"key":"Gremlin Food"},{"floor":27.0,"key":"PreservedInsect"},{"floor":30.0,"key":"Replay:Bottled Steam"},{"floor":40.0,"key":"Bag of Marbles"},{"floor":40.0,"key":"Calipers"},{"floor":43.0,"key":"DemoMod:Bottle"},{"floor":45.0,"key":"Blue Doll"},{"floor":45.0,"key":"DemoMod:MemoryAlloy"}],"event_choices":[{"damage_healed":0.0,"max_hp_gain":0.0,"max_hp_loss":0.0,"gold_gain":75.0,"event_name":"World of Goop","player_choice":"Gather Gold","floor":2.0,"gold_loss":0.0,"damage_taken":11.0},{"damage_healed":0.0,"max_hp_gain":0.0,"max_hp_loss":0.0,"gold_gain":0.0,"event_name":"Shining Light","player_choice":"Entered Light","floor":3.0,"gold_loss":0.0,"damage_taken":15.0,"cards_upgraded":["hermit:Strike_Hermit","hermit:Strike_Hermit"]},{"cards_removed":["Writhe"],"damage_healed":0.0,"max_hp_gain":0.0,"max_hp_loss":0.0,"gold_gain":0.0,"event_name":"Purifier","player_choice":"Purged","floor":5.0,"gold_loss":0.0,"damage_taken":0.0},{"damage_healed":0.0,"max_hp_gain":0.0,"max_hp_loss":0.0,"gold_gain":72.0,"event_name":"Golden Wing","player_choice":"Gained Gold","floor":12.0,"gold_loss":0.0,"damage_taken":0.0},{"damage_healed":0.0,"max_hp_gain":0.0,"max_hp_loss":0.0,"gold_gain":0.0,"event_name":"Ghosts","player_choice":"Ignored","floor":22.0,"gold_loss":0.0,"damage_taken":0.0},{"damage_healed":0.0,"max_hp_gain":0.0,"max_hp_loss":0.0,"gold_gain":0.0,"event_name":"FaceTrader","player_choice":"Trade","floor":28.0,"gold_loss":0.0,"damage_taken":0.0,"relics_obtained":["CultistMask"]},{"cards_removed":["hermit:Snapshot"],"damage_healed":0.0,"max_hp_gain":0.0,"max_hp_loss":0.0,"gold_gain":0.0,"event_name":"Falling","player_choice":"Removed Attack","floor":36.0,"gold_loss":0.0,"damage_taken":0.0},{"damage_healed":0.0,"max_hp_gain":0.0,"max_hp_loss":0.0,"gold_gain":0.0,"event_name":"Accursed Blacksmith","player_choice":"Forge","floor":37.0,"gold_loss":0.0,"damage_taken":0.0,"cards_upgraded":["hermit:OverwhelmingPower"]}],"is_beta":false,"boss_relics":[{"not_picked":["SlaversCollar","Runesmith:UraniumAnvil"],"picked":"Ring of Chaos"},{"not_picked":["Snecko Eye","Coffee Dripper"],"picked":"Black Star"}],"items_purged_floors":[19,21,38],"is_endless":false,"potions_floor_spawned":[10,11,13,16,18,20,30,35,41,46],"ascension_level":10}}