{"host":"dwyzfvnzfcqffr30","time":1608208633,"event":{"mods":["2.2 Compatiblity","Act Like it!","BaseMod","Beaked The Cultist","Better Altar","Better Sensory Stone","Better Third Choice","Clockwork Mod","Colored Map","Colored Powertips","Conspire","Downfall","Elementarium","GifTheSpireLib","Halation","Hermit","Hubris","Jedi Mod","Menagerie","Mimic Mod","Minty Spire (QoL Compilation)","Permanent Neow","Random Character Button","Replay The Spire","Spicy Shops","StSLib","Stuff the Spire","The Construct","The Druid","TheFirefly","Trackpad","vexMod"],"gold_per_floor":[410,410,410,426,139,173,192,192,246,275,275,308,308,339,339,444,444,463,497,497,69,80,80,0,0,45,45,70,82,111,61,111,222,222,249,249,7,27,50,87,108,143,143,143,143,171,171,71,71,79,79,79,336,383,399],"floor_reached":56,"playtime":4761,"items_purged":["Dualcast+1","Strike_B+1","Strike_B+1","Decay","Strike_B+1"],"score":1850,"play_id":"015ea8ac-c08e-4ef5-b51e-a0e09ceca33c","local_time":"20201217043713","is_ascension_mode":true,"campfire_choices":[{"floor":8,"key":"RECALL"},{"floor":11,"key":"REST"},{"floor":15,"key":"REST"},{"data":"StuffTheSpire:Perfection","floor":23,"key":"SMITH"},{"floor":25,"key":"REST"},{"floor":27,"key":"REST"},{"data":"Defend_B+1","floor":49,"key":"PURGE"},{"data":"StuffTheSpire:BrainWave","floor":52,"key":"SMITH"}],"circlet_count":0,"master_deck":["Strike_B+1","Defend_B+1","Defend_B+1","Defend_B+1","Zap+1","jedi:meditation+1","MasterReality+1","jedi:BurstLightning+1","jedi:BurstFrost+1","ReplayTheSpireMod:Calculation Training+1","Leap+1","jedi:BurstFrost+1","jedi:BurstLightning+1","jedi:meditation+1","Amplify+1","Cold Snap+1","StuffTheSpire:Harmony+1","ReplayTheSpireMod:Dual Polarity+1","AscendersBane","StuffTheSpire:Ambrosia","FIFO Queue+1","StuffTheSpire:BrainWave+1","Cold Snap+1","StuffTheSpire:Synthwave+1"],"relics":["Cracked Core","Bottled Tornado","Quantum Egg","Frozen Egg 2","Toxic Egg 2","Molten Egg 2","Black Star","Juzu Bracelet","beaked:ShinyBauble","Menagerie:ShiftingBlessing","StuffTheSpire:Saxophone","StuffTheSpire:Experiment12","jedi:Pinwheel","Smiling Mask","MealTicket","vexMod:PlasmaPancake","construct:FoamFinger","halation:EternalFortune","halation:AfternoonTea","ReplayTheSpireMod:Lightbulb","jedi:paperlyon","jedi:paperfaux","Ice Cream","Replay:Frozen Program","Elementarium:HuntersBracer","Replay:Rubber Ducky","trackpad:ByrdCharm","trackpad:AdjectivePendant","Elementarium:ElementariumTrophy","Ring of Shattering","ReplayTheSpireMod:Ring of Addiction","Potion Belt","White Beast Statue","Mummified Hand","jedi:shrinkray","Blue Doll","Akabeko","vexMod:CardConverter","PreservedInsect","hubris:Icosahedron","hubris:NiceRug","construct:RocketBooster","Replay:Bandana","jedi:fakemustache","Orichalcum","ReplayTheSpireMod:TigerMarble"],"acts_visited":["Menagerie:Menagerie","Elementarium:Elementarium","TheBeyond","TheEnding"],"potions_floor_usage":[6,16,16,39,41,42,50,50,50,54,55,55,55,55,55],"damage_taken":[{"damage":0,"enemies":"Menagerie:2_RABBITS","floor":1,"turns":3},{"damage":0,"enemies":"Menagerie:MonstrousExperiment","floor":4,"turns":3},{"damage":4,"enemies":"Menagerie:VoidReaper","floor":6,"turns":7},{"damage":0,"enemies":"Menagerie:WhisperingWraith","floor":7,"turns":3},{"damage":1,"enemies":"Menagerie:MaskedSummoner","floor":10,"turns":9},{"damage":0,"enemies":"Menagerie:VoidReaper","floor":12,"turns":5},{"damage":2,"enemies":"Menagerie:MaskedSummoner","floor":14,"turns":8},{"damage":2,"enemies":"Menagerie:AVATARS","floor":16,"turns":5},{"damage":0,"enemies":"Elementarium:VoidCorruption","floor":18,"turns":4},{"damage":5,"enemies":"Gremlin Leader","floor":19,"turns":6},{"damage":0,"enemies":"Elementarium:MUD_AND_TAR_GOLEMS","floor":22,"turns":4},{"damage":0,"enemies":"Elementarium:WarGolem","floor":28,"turns":5},{"damage":0,"enemies":"Elementarium:3_ELEMENTALS","floor":29,"turns":4},{"damage":0,"enemies":"Elementarium:FIRE_NOBILITY","floor":30,"turns":6},{"damage":0,"enemies":"Elementarium:PHOENIXES","floor":33,"turns":8},{"damage":0,"enemies":"3 Shapes","floor":35,"turns":4},{"damage":0,"enemies":"3 Darklings","floor":38,"turns":3},{"damage":0,"enemies":"Writhing Mass","floor":39,"turns":5},{"damage":0,"enemies":"Giant Head","floor":40,"turns":7},{"damage":0,"enemies":"Sphere and 2 Shapes","floor":41,"turns":3},{"damage":0,"enemies":"Reptomancer","floor":42,"turns":6},{"damage":0,"enemies":"Maw","floor":46,"turns":5},{"damage":0,"enemies":"Replay:Hell Engine","floor":50,"turns":8},{"damage":0,"enemies":"hubris:Merchant","floor":53,"turns":5},{"damage":0,"enemies":"Shield and Spear","floor":54,"turns":4},{"damage":0,"enemies":"The Heart","floor":55,"turns":7}],"seed_played":"-7750199052068885479","potions_obtained":[{"floor":1,"key":"SpeedPotion"},{"floor":10,"key":"Strength Potion"},{"floor":14,"key":"Languid Potion"},{"floor":28,"key":"Energy Potion"},{"floor":33,"key":"jedi:StrikingPotion"},{"floor":35,"key":"Elixir"},{"floor":36,"key":"FocusPotion"},{"floor":36,"key":"LiquidMemories"},{"floor":40,"key":"FocusPotion"},{"floor":41,"key":"ColorlessPotion"},{"floor":46,"key":"Elixir"},{"floor":53,"key":"Elixir"},{"floor":53,"key":"LiquidBronze"},{"floor":53,"key":"Strength Potion"},{"floor":54,"key":"FearPotion"}],"is_trial":false,"path_per_floor":["M","T","?","M","$","E","M","R","T","E","R","E","?","E","R","B",null,"M","?","?","$","M","R","?","R","T","R","E","M","E","$","R_BF","B",null,"M","?","$","M","M","E","M","E","T","?","?","M","?","$","R_BF","B",null,"R","$","E","B",null],"character_chosen":"DEFECT","items_purchased":["ReplayTheSpireMod:Calculation Training+1","StuffTheSpire:Saxophone","Ice Cream","Replay:Frozen Program","Mummified Hand","Cold Snap+1"],"campfire_rested":4,"item_purchase_floors":[5,5,21,21,37,53],"current_hp_per_floor":[75,75,66,66,66,62,62,62,62,67,88,88,91,89,91,91,91,91,86,69,84,84,84,84,91,91,91,91,91,91,91,91,94,94,97,97,97,97,97,97,97,100,100,106,106,105,109,109,107,108,108,108,111,112,113],"gold":399,"neow_bonus":"TEN_PERCENT_HP_BONUS","is_daily":false,"chose_seed":false,"campfire_upgraded":2,"win_rate":0.0,"timestamp":1608208633,"path_taken":["M","?","?","M","$","E","M","R","T","E","R","E","?","E","R","BOSS","M","?","?","$","M","R","?","R","T","R","E","M","E","$","R_BF","BOSS","M","?","$","M","M","E","M","E","T","?","?","M","?","$","R_BF","BOSS","R","$","E","BOSS"],"items_purchased_type":["Card","Relic","Relic","Relic","Relic","Card"],"build_version":"2020-12-13","purchased_purges":5,"victory":true,"max_hp_per_floor":[82,82,82,82,82,82,82,82,82,88,88,88,91,91,91,91,91,91,91,96,96,96,96,91,91,91,91,91,91,91,91,91,94,94,97,97,97,97,97,97,97,100,100,106,106,105,109,109,107,108,108,108,111,112,113],"card_choices":[{"not_picked":["ReplayGash+1","Sweeping Beam+1"],"picked":"jedi:BurstLightning+1","floor":1},{"not_picked":["Gash+1","jedi:blockon+1"],"picked":"jedi:BurstFrost+1","floor":4},{"not_picked":["Conserve Battery+1","Streamline+1"],"picked":"Leap+1","floor":6},{"not_picked":["Panic Button+1","Streamline+1","StuffTheSpire:LaunchingStrike+1"],"picked":"SKIP","floor":7},{"not_picked":["Panic Button+1","Streamline+1","StuffTheSpire:LaunchingStrike+1"],"picked":"SKIP","floor":7},{"not_picked":["Coolheaded+1","Rebound+1"],"picked":"jedi:BurstFrost+1","floor":10},{"not_picked":["conspire:Rain+1","hubris:DoWhile+1","Scrape+1"],"picked":"SKIP","floor":12},{"not_picked":["Coolheaded+1","Reboot+1"],"picked":"jedi:BurstLightning+1","floor":14},{"not_picked":["Rainbow+1","All For One+1"],"picked":"jedi:meditation+1","floor":16},{"not_picked":["Auto Shields+1","StuffTheSpire:SnapShoot+1","conspire:SharedLibrary+1"],"picked":"SKIP","floor":18},{"not_picked":["Coolheaded+1","Reinforced Body+1","Compile Driver+1"],"picked":"SKIP","floor":22},{"not_picked":["jedi:BurstFrost+1","Steam+1","jedi:darknesscall+1"],"picked":"SKIP","floor":28},{"not_picked":["Leap+1","Coolheaded+1","jedi:BurstFrost+1"],"picked":"SKIP","floor":29},{"not_picked":["Hello World+1","Panic Button+1","Go for the Eyes+1"],"picked":"SKIP","floor":30},{"not_picked":["Fission+1","Mirror Shield+1"],"picked":"Amplify+1","floor":33},{"not_picked":["Coolheaded+1","Panic Button+1"],"picked":"Cold Snap+1","floor":35},{"not_picked":["Steam+1","Undo+1","FTL+1"],"picked":"SKIP","floor":38},{"not_picked":["Stack+1","StuffTheSpire:LoadUp+1","Streamline+1"],"picked":"SKIP","floor":39},{"not_picked":["Rainbow+1","Sweeping Beam+1","Panic Button+1"],"picked":"SKIP","floor":40},{"not_picked":["BootSequence+1","Cold Snap+1"],"picked":"ReplayTheSpireMod:Dual Polarity+1","floor":41},{"not_picked":["Redo+1","Static Discharge+1","Gash+1"],"picked":"SKIP","floor":42},{"not_picked":["Compile Driver+1","Capacitor+1","jedi:BurstLightning+1"],"picked":"SKIP","floor":46},{"not_picked":["FTL+1"],"picked":"SKIP","floor":53},{"not_picked":["Chill+1"],"picked":"SKIP","floor":53},{"not_picked":["Stack+1"],"picked":"SKIP","floor":53},{"not_picked":["Hello World+1"],"picked":"SKIP","floor":53},{"not_picked":["expansioncontent:BronzeBeam+1"],"picked":"SKIP","floor":53},{"not_picked":["StuffTheSpire:Recharge+1"],"picked":"SKIP","floor":53},{"not_picked":["StuffTheSpire:SnapShoot+1","Barrage+1"],"picked":"StuffTheSpire:Synthwave+1","floor":54}],"player_experience":1995124,"relics_obtained":[{"floor":2,"key":"beaked:ShinyBauble"},{"floor":6,"key":"StuffTheSpire:Experiment12"},{"floor":6,"key":"jedi:Pinwheel"},{"floor":9,"key":"Smiling Mask"},{"floor":10,"key":"MealTicket"},{"floor":10,"key":"vexMod:PlasmaPancake"},{"floor":12,"key":"construct:FoamFinger"},{"floor":14,"key":"halation:AfternoonTea"},{"floor":14,"key":"ReplayTheSpireMod:Lightbulb"},{"floor":19,"key":"jedi:paperfaux"},{"floor":28,"key":"Replay:Rubber Ducky"},{"floor":28,"key":"trackpad:ByrdCharm"},{"floor":30,"key":"trackpad:AdjectivePendant"},{"floor":33,"key":"halation:EternalFortune"},{"floor":35,"key":"halation:EternalFortune"},{"floor":36,"key":"Ring of Shattering"},{"floor":36,"key":"ReplayTheSpireMod:Ring of Addiction"},{"floor":36,"key":"Potion Belt"},{"floor":36,"key":"White Beast Statue"},{"floor":40,"key":"jedi:shrinkray"},{"floor":40,"key":"Blue Doll"},{"floor":42,"key":"halation:EternalFortune"},{"floor":42,"key":"Akabeko"},{"floor":42,"key":"vexMod:CardConverter"},{"floor":43,"key":"PreservedInsect"},{"floor":53,"key":"construct:RocketBooster"},{"floor":53,"key":"Replay:Bandana"},{"floor":53,"key":"jedi:fakemustache"},{"floor":53,"key":"Orichalcum"},{"floor":53,"key":"ReplayTheSpireMod:TigerMarble"}],"event_choices":[{"damage_healed":0,"gold_gain":0,"player_choice":"Simplicity","damage_taken":0,"max_hp_gain":0,"max_hp_loss":8,"event_name":"betterThird:BetterWriting","floor":0,"gold_loss":0},{"damage_healed":0,"gold_gain":0,"player_choice":"Upgraded","damage_taken":0,"max_hp_gain":0,"max_hp_loss":0,"event_name":"Upgrade Shrine","floor":0,"gold_loss":0,"cards_upgraded":["Zap"]},{"damage_healed":0,"gold_gain":0,"player_choice":"Upgraded","damage_taken":0,"max_hp_gain":0,"max_hp_loss":0,"event_name":"Upgrade Shrine","floor":0,"gold_loss":0,"cards_upgraded":["Dualcast"]},{"damage_healed":0,"gold_gain":0,"player_choice":"Touch","damage_taken":9,"relics_obtained":["Menagerie:ShiftingBlessing"],"max_hp_gain":0,"max_hp_loss":0,"event_name":"Menagerie:LunarGift","floor":3,"gold_loss":0},{"damage_healed":0,"gold_gain":0,"player_choice":"Enter","damage_taken":0,"max_hp_gain":0,"max_hp_loss":0,"event_name":"Elementarium:OtherworldlyPassage","floor":19,"gold_loss":0},{"damage_healed":0,"gold_gain":0,"player_choice":"Sacrifice","damage_taken":22,"max_hp_gain":5,"max_hp_loss":0,"event_name":"Elementarium:RadiantAltar","floor":20,"gold_loss":0},{"damage_healed":0,"gold_gain":0,"player_choice":"Sling","damage_taken":0,"relics_obtained":["Elementarium:HuntersBracer"],"max_hp_gain":0,"max_hp_loss":5,"event_name":"Elementarium:BigGameHunter","floor":24,"gold_loss":80},{"damage_healed":0,"gold_gain":50,"player_choice":"Take","damage_taken":0,"max_hp_gain":0,"max_hp_loss":0,"event_name":"Elementarium:StickySituation","floor":32,"gold_loss":0},{"damage_healed":0,"gold_gain":3,"player_choice":"3","damage_taken":0,"max_hp_gain":0,"max_hp_loss":0,"event_name":"betterStone:BetterStone","floor":44,"gold_loss":0,"cards_obtained":["FIFO Queue"]},{"damage_healed":0,"gold_gain":0,"player_choice":"Cursed","damage_taken":0,"max_hp_gain":0,"max_hp_loss":0,"event_name":"Wheel of Change","floor":47,"gold_loss":0,"cards_obtained":["Decay"]}],"is_beta":false,"boss_relics":[{"not_picked":["StuffTheSpire:ModemDavis","trackpad:Trackpad"],"picked":"jedi:paperlyon"},{"not_picked":["Runic Dome","halation:ForbiddenBikini","Pandora\u0027s Box"]}],"items_purged_floors":[5,21,31,48,48],"is_endless":false,"potions_floor_spawned":[1,10,14,28,33,35,38,39,40,41,46,54],"ascension_level":9}}