{"host":"6azrrw3tf7wb0f4b","time":1608169431,"event":{"mods":["BaseMod","DeckTracker","Minty Spire (QoL Compilation)","SuperFastMode"],"gold_per_floor":[113,127,147,222,242,242,93,93,93,106,106,135,52,77,77,77,77],"floor_reached":16,"playtime":423,"items_purged":["Strike_R"],"score":198,"play_id":"4bdeb85f-b6aa-4fbc-9c6a-80b28b8bccda","local_time":"20201217104351","is_ascension_mode":true,"campfire_choices":[{"data":"Wild Strike","floor":6,"key":"SMITH"},{"data":"Uppercut","floor":8,"key":"SMITH"},{"data":"Bash","floor":11,"key":"SMITH"},{"data":"Fire Breathing","floor":15,"key":"SMITH"}],"circlet_count":0,"master_deck":["AscendersBane","Strike_R","Strike_R","Strike_R","Strike_R","Defend_R","Defend_R","Defend_R","Defend_R","Bash+1","Wild Strike+1","Uppercut+1","Cleave","Reaper","Combust","Fire Breathing+1","Offering","Immolate"],"relics":["Burning Blood","NeowsBlessing","Mercury Hourglass","Gremlin Horn","Toxic Egg 2"],"acts_visited":["Exordium"],"potions_floor_usage":[14],"damage_taken":[{"damage":0,"enemies":"Cultist","floor":1,"turns":1},{"damage":0,"enemies":"2 Louse","floor":2,"turns":2},{"damage":0,"enemies":"Jaw Worm","floor":3,"turns":1},{"damage":12,"enemies":"Blue Slaver","floor":5,"turns":4},{"damage":8,"enemies":"Exordium Wildlife","floor":10,"turns":3},{"damage":32,"enemies":"3 Sentries","floor":12,"turns":5},{"damage":17,"enemies":"Gremlin Nob","floor":14,"turns":3},{"damage":28,"enemies":"The Guardian","floor":16,"turns":5}],"seed_played":"637256389333760557","potions_obtained":[{"floor":3,"key":"Dexterity Potion"},{"floor":5,"key":"Swift Potion"},{"floor":14,"key":"FearPotion"}],"is_trial":false,"path_per_floor":["M","M","M","?","M","R","$","R","T","M","R","E","$","E","R","B"],"character_chosen":"IRONCLAD","items_purchased":["Reaper","Offering"],"campfire_rested":0,"item_purchase_floors":[7,13],"current_hp_per_floor":[74,75,75,64,58,58,58,58,58,56,56,39,39,28,28,0,0],"gold":77,"neow_bonus":"THREE_ENEMY_KILL","is_daily":false,"chose_seed":false,"campfire_upgraded":4,"win_rate":0.0,"timestamp":1608169431,"path_taken":["M","?","M","?","M","R","?","R","T","M","R","E","$","E","R","BOSS"],"items_purchased_type":["Card","Card"],"build_version":"2020-12-13","purchased_purges":1,"victory":false,"max_hp_per_floor":[75,75,75,75,75,75,75,75,75,75,75,75,75,75,75,75,75],"card_choices":[{"not_picked":["Pommel Strike","Twin Strike"],"picked":"Wild Strike","floor":1},{"not_picked":["Body Slam","Rampage","Iron Wave"],"picked":"SKIP","floor":2},{"not_picked":["Heavy Blade","Armaments"],"picked":"Uppercut","floor":3},{"not_picked":["Entrench","Rupture"],"picked":"Cleave","floor":5},{"not_picked":["Body Slam","Clash"],"picked":"Combust","floor":10},{"not_picked":["Rupture","Blood for Blood"],"picked":"Fire Breathing","floor":12},{"not_picked":["Blood for Blood","Sentinel+1"],"picked":"Immolate","floor":14}],"player_experience":596986,"relics_obtained":[{"floor":9,"key":"Mercury Hourglass"},{"floor":12,"key":"Gremlin Horn"},{"floor":14,"key":"Toxic Egg 2"}],"event_choices":[{"damage_healed":0,"gold_gain":75,"player_choice":"Gather Gold","damage_taken":11,"max_hp_gain":0,"max_hp_loss":0,"event_name":"World of Goop","floor":4,"gold_loss":0}],"is_beta":false,"boss_relics":[],"items_purged_floors":[7],"is_endless":false,"potions_floor_spawned":[3,5,14],"killed_by":"The Guardian","ascension_level":16}}