{"host":"epo9t9qajflxsfbx","time":1608195877,"event":{"mods":["Act Like it!","BaseMod","Better Altar","Better Match","Better Note","Better Sensory Stone","Better Skull","Better Third Choice","Better Vampires","BetterRewards","Clockwork Mod","Defuse TimeMaze Blight","Displayed Cursed Tome","Elementarium","Hermit","Highlight Path","Hubris","Infinite Spire","Minty Spire (QoL Compilation)","Quick Restart","Relic Stats","Replay The Spire","Shade Mod","Shop Mod","Somnambulant","StSLib","The Bladedancer","The Cursed","The Hierophant","The Jungle","The Servant 0.9.4","everything is the same but u backflip on backflip"],"gold_per_floor":[117,32,50,50,68,69,69,61,61,61,52,32,32,32,32,32,32],"floor_reached":16,"playtime":655,"items_purged":[],"score":110,"play_id":"8e4c3851-d0b7-43ba-bb51-1ee77231a57e","local_time":"20201217010437","is_ascension_mode":false,"campfire_choices":[{"floor":7,"key":"REST"},{"floor":10,"key":"REST"},{"floor":15,"key":"REST"}],"circlet_count":0,"master_deck":["hierophant:Strike_Hierophant","hierophant:Strike_Hierophant","hierophant:Strike_Hierophant","hierophant:Strike_Hierophant","hierophant:Punish","hierophant:Defend_Hierophant","hierophant:Defend_Hierophant","hierophant:Defend_Hierophant","hierophant:Defend_Hierophant","hierophant:ChurchCoffers","hierophant:FieryStrike","ReplayTheSpireMod:Uncanny Aura","hierophant:HammerAndAnvil","hierophant:FlamingChariot","hierophant:HammerAndAnvil","hierophant:DeathKnell","hierophant:HammerAndAnvil","Stack","Burn","Regret"],"relics":["Shade:YorickSkull","NeowsBlessing","infinitespire:Cubic Diamond","Toy Ornithopter","CaptainsWheel","hubris:DisguiseKit","Tiny Chest"],"acts_visited":["Exordium"],"potions_floor_usage":[6],"damage_taken":[{"damage":0,"enemies":"Cultist","floor":1,"turns":1},{"damage":0,"enemies":"2 Louse","floor":3,"turns":1},{"damage":0,"enemies":"Small Slimes","floor":5,"turns":1},{"damage":54,"enemies":"Lagavulin","floor":6,"turns":7},{"damage":36,"enemies":"3 Sentries","floor":8,"turns":7},{"damage":2,"enemies":"2 Fungi Beasts","floor":11,"turns":3},{"damage":12,"enemies":"Large Slime","floor":12,"turns":6},{"damage":46,"enemies":"Slime Boss","floor":16,"turns":6}],"seed_played":"1202443579664704366","potions_obtained":[{"floor":1,"key":"Toxic Potion"},{"floor":8,"key":"SpeedPotion"},{"floor":12,"key":"EssenceOfSteel"}],"is_trial":false,"path_per_floor":["M","$","M","?","M","E","R","E","T","R","M","M","?","?","R","B"],"character_chosen":"HIEROPHANT","items_purchased":["ReplayTheSpireMod:Uncanny Aura"],"campfire_rested":3,"item_purchase_floors":[2],"current_hp_per_floor":[75,75,75,75,75,21,43,7,7,29,27,15,15,15,37,0,0],"gold":32,"neow_bonus":"THREE_ENEMY_KILL","is_daily":false,"chose_seed":false,"campfire_upgraded":0,"win_rate":0.0,"timestamp":1608195877,"path_taken":["M","$","?","?","M","E","R","E","T","R","M","M","?","?","R","BOSS"],"items_purchased_type":["Card"],"build_version":"2020-12-13","purchased_purges":0,"victory":false,"max_hp_per_floor":[75,75,75,75,75,75,75,75,75,75,75,75,75,75,75,75,75],"relic_stats":{"counters":[8,32],"Tiny Chest":0,"obtain_stats":[{"hubris:DisguiseKit":9,"CaptainsWheel":8,"NeowsBlessing":0,"Shade:YorickSkull":4,"hierophant:PropheticMaskRelic":0,"Tiny Chest":14,"infinitespire:Cubic Diamond":4,"Toy Ornithopter":6},{"hubris:DisguiseKit":5,"CaptainsWheel":5,"NeowsBlessing":0,"Shade:YorickSkull":2,"hierophant:PropheticMaskRelic":0,"Tiny Chest":7,"infinitespire:Cubic Diamond":2,"Toy Ornithopter":4},{"hubris:DisguiseKit":17,"CaptainsWheel":17,"NeowsBlessing":0,"Shade:YorickSkull":2,"hierophant:PropheticMaskRelic":0,"Tiny Chest":26,"infinitespire:Cubic Diamond":2,"Toy Ornithopter":10}],"Toy Ornithopter":0},"card_choices":[{"not_picked":["hierophant:SealAway","hierophant:HammerAndAnvil"],"picked":"hierophant:FieryStrike","floor":1},{"not_picked":["hierophant:Remorse","hierophant:Shelter"],"picked":"hierophant:HammerAndAnvil","floor":3},{"not_picked":["hierophant:CursedGold","hierophant:Charity"],"picked":"hierophant:FlamingChariot","floor":5},{"not_picked":["hierophant:FlamingChariot","hierophant:Community"],"picked":"hierophant:HammerAndAnvil","floor":6},{"not_picked":["hierophant:FaithHealing","hierophant:Alms"],"picked":"hierophant:DeathKnell","floor":8},{"not_picked":["hierophant:AuricShield","hierophant:DisplayOfPower","Scrape"],"picked":"hierophant:HammerAndAnvil","floor":11},{"not_picked":["hierophant:Remorse","hierophant:PassingBell","hierophant:FlamingChariot"],"picked":"Stack","floor":12}],"player_experience":249592,"relics_obtained":[{"floor":6,"key":"Toy Ornithopter"},{"floor":8,"key":"CaptainsWheel"},{"floor":9,"key":"hubris:DisguiseKit"}],"event_choices":[{"damage_healed":15,"gold_gain":0,"player_choice":"Embrace Burn","damage_taken":0,"max_hp_gain":0,"max_hp_loss":75,"event_name":"betterThird:BetterShining","floor":13,"gold_loss":0},{"damage_healed":0,"gold_gain":0,"player_choice":"Box","damage_taken":0,"relics_obtained":["Tiny Chest"],"max_hp_gain":0,"max_hp_loss":0,"event_name":"Big Fish","floor":14,"gold_loss":0,"cards_obtained":["Regret"]}],"is_beta":false,"boss_relics":[],"items_purged_floors":[],"is_endless":false,"potions_floor_spawned":[1,8,12],"killed_by":"Slime Boss","ascension_level":0}}