{"host":"hjw1ay65n7jm40lc","time":1608173748,"event":{"mods":["AchievementEnabler","BaseMod","Colored Map","Colored Powertips","Googly Eyes","Highlight Path","Minty Spire (QoL Compilation)","Quick Restart","Relic Stats"],"gold_per_floor":[211,9,22,40,55,55,81,181,181,194,1,12,39,55,55,158,158,173,173,191,217,177,210,210,237,262,362,375,375,406,426,426,529,529,548,563,575,575,537,563,396,429,429,429,466,498,498,510,510,510,510,510,143,179,179],"floor_reached":56,"playtime":6375,"items_purged":["Strike_G","Strike_G","Strike_G+1"],"score":1847,"play_id":"38e0d9e9-e172-436c-bc96-e0fffccd9f17","local_time":"20201216215548","is_ascension_mode":true,"campfire_choices":[{"data":"Dash","floor":6,"key":"SMITH"},{"data":"Footwork","floor":15,"key":"SMITH"},{"data":"Die Die Die","floor":24,"key":"SMITH"},{"floor":29,"key":"REST"},{"data":"Noxious Fumes","floor":32,"key":"SMITH"},{"data":"Well Laid Plans","floor":44,"key":"SMITH"},{"floor":49,"key":"RECALL"},{"floor":52,"key":"REST"}],"circlet_count":0,"master_deck":["Strike_G+1","Strike_G+1","Defend_G+1","Defend_G+1","Defend_G+1","Defend_G+1","Defend_G+1","Survivor+1","Neutralize+1","Blade Dance+1","Die Die Die+1","Tools of the Trade+1","Poisoned Stab+1","Backstab+1","Dash+1","Terror+1","Footwork+1","Dodge and Roll+1","Well Laid Plans+1","Corpse Explosion+1","Crippling Poison+1","Bouncing Flask+1","Backflip+1","Noxious Fumes+1","Leg Sweep+1","Blade Dance+1","After Image+1","Calculated Gamble+1","Adrenaline+1","Master of Strategy+1","Wraith Form v2+1","Noxious Fumes+1","Blur+1","Pain","Footwork+1","Thinking Ahead","Escape Plan"],"relics":["Ring of the Serpent","Bottled Flame","InkBottle","Membership Card","Darkstone Periapt","Cursed Key","HornCleat","Red Mask","Omamori","Lantern","FossilizedHelix","Frozen Egg 2","Bag of Marbles","Bottled Tornado","Bronze Scales","Singing Bowl","Ornamental Fan","CeramicFish","Blood Vial","Mark of the Bloom","Chemical X","Anchor","StrikeDummy"],"acts_visited":["Exordium","TheCity","TheBeyond","TheEnding"],"potions_floor_usage":[13,13,16,25,27,33,37,50,50,55,55,55],"damage_taken":[{"damage":2,"enemies":"Cultist","floor":1,"turns":5},{"damage":0,"enemies":"2 Louse","floor":3,"turns":1},{"damage":0,"enemies":"Jaw Worm","floor":4,"turns":3},{"damage":0,"enemies":"2 Fungi Beasts","floor":5,"turns":1},{"damage":11,"enemies":"3 Sentries","floor":7,"turns":7},{"damage":1,"enemies":"Large Slime","floor":10,"turns":5},{"damage":0,"enemies":"Exordium Wildlife","floor":12,"turns":1},{"damage":18,"enemies":"Gremlin Nob","floor":13,"turns":3},{"damage":3,"enemies":"Looter","floor":14,"turns":2},{"damage":10,"enemies":"The Guardian","floor":16,"turns":10},{"damage":0,"enemies":"Chosen","floor":18,"turns":4},{"damage":0,"enemies":"Spheric Guardian","floor":20,"turns":4},{"damage":0,"enemies":"Masked Bandits","floor":21,"turns":1},{"damage":21,"enemies":"Book of Stabbing","floor":23,"turns":6},{"damage":16,"enemies":"Gremlin Leader","floor":25,"turns":6},{"damage":1,"enemies":"Colosseum Slavers","floor":27,"turns":3},{"damage":0,"enemies":"Colosseum Nobs","floor":27,"turns":2},{"damage":0,"enemies":"Centurion and Healer","floor":28,"turns":7},{"damage":5,"enemies":"Book of Stabbing","floor":30,"turns":4},{"damage":0,"enemies":"Snecko","floor":31,"turns":3},{"damage":32,"enemies":"Automaton","floor":33,"turns":9},{"damage":0,"enemies":"3 Shapes","floor":35,"turns":1},{"damage":4,"enemies":"3 Darklings","floor":36,"turns":3},{"damage":7,"enemies":"Transient","floor":37,"turns":5},{"damage":10,"enemies":"Nemesis","floor":40,"turns":7},{"damage":0,"enemies":"Giant Head","floor":42,"turns":8},{"damage":0,"enemies":"Reptomancer","floor":45,"turns":5},{"damage":0,"enemies":"Spire Growth","floor":48,"turns":5},{"damage":21,"enemies":"Time Eater","floor":50,"turns":10},{"damage":5,"enemies":"Shield and Spear","floor":54,"turns":5},{"damage":0,"enemies":"The Heart","floor":55,"turns":11}],"seed_played":"-8673239899838257327","potions_obtained":[{"floor":3,"key":"SpeedPotion"},{"floor":7,"key":"LiquidMemories"},{"floor":12,"key":"AttackPotion"},{"floor":13,"key":"LiquidBronze"},{"floor":14,"key":"Block Potion"},{"floor":20,"key":"Poison Potion"},{"floor":21,"key":"Fire Potion"},{"floor":25,"key":"DuplicationPotion"},{"floor":27,"key":"Dexterity Potion"},{"floor":33,"key":"Strength Potion"},{"floor":35,"key":"Fire Potion"},{"floor":37,"key":"Strength Potion"}],"is_trial":false,"path_per_floor":["M","$","M","M","M","R","E","?","T","M","$","M","E","M","R","B",null,"M","?","M","?","$","E","R","E","T","?","M","R","E","M","R","B",null,"M","M","M","?","$","E","$","E","T","R","E","T","?","M","R","B",null,"R","$","E","B",null],"character_chosen":"THE_SILENT","items_purchased":["Die Die Die","Tools of the Trade","Membership Card","Footwork","Dodge and Roll","Noxious Fumes","Noxious Fumes+1","Bronze Scales","Footwork+1","Chemical X","Anchor","ColorlessPotion","Block Potion","Thinking Ahead"],"campfire_rested":2,"item_purchase_floors":[2,2,11,11,11,22,41,41,53,53,53,53,53,53],"current_hp_per_floor":[61,61,61,61,61,61,50,50,50,49,49,49,31,28,28,18,57,57,57,57,57,57,36,36,20,20,19,19,40,35,35,35,3,53,53,49,42,42,42,32,32,34,34,34,34,40,40,40,40,19,19,19,19,14,14],"gold":179,"neow_bonus":"HUNDRED_GOLD","is_daily":false,"chose_seed":false,"campfire_upgraded":5,"win_rate":0.0,"timestamp":1608173748,"path_taken":["M","$","M","M","?","R","E","?","T","M","$","?","E","M","R","BOSS","M","?","?","?","$","E","R","E","T","?","M","R","E","M","R","BOSS","M","M","M","?","$","E","$","E","T","R","E","?","?","M","R","BOSS","R","$","E","BOSS"],"items_purchased_type":["Card","Card","Relic","Card","Card","Card","Card","Relic","Card","Relic","Relic","Potion","Potion","Card"],"build_version":"2020-12-13","purchased_purges":3,"victory":true,"max_hp_per_floor":[70,70,70,70,70,70,70,70,70,70,70,70,70,70,70,70,70,70,70,70,70,70,70,70,70,70,70,70,70,70,70,70,70,70,70,70,70,70,70,70,70,72,72,72,72,78,78,80,80,80,80,80,80,80,80],"relic_stats":{"Darkstone Periapt":6,"Blood Vial":0,"Mark of the Bloom":80,"Singing Bowl":4,"counters":[31,147],"Ornamental Fan":[100],"Bronze Scales":[243],"CeramicFish":45,"Chemical X":[1],"Cursed Key":3,"obtain_stats":[{"Darkstone Periapt":13,"Lantern":25,"Mark of the Bloom":47,"Singing Bowl":42,"CeramicFish":45,"Omamori":23,"Frozen Egg 2":27,"Bottled Tornado":40,"Cursed Key":17,"Blood Vial":46,"Bottled Flame":7,"Anchor":53,"HornCleat":19,"Ornamental Fan":43,"Bronze Scales":41,"Red Mask":21,"Bag of Marbles":30,"Membership Card":11,"Chemical X":53,"StrikeDummy":54,"InkBottle":9,"FossilizedHelix":27,"Ring of the Serpent":34,"Ring of the Snake":0},{"Darkstone Periapt":8,"Lantern":15,"Mark of the Bloom":27,"Singing Bowl":26,"CeramicFish":27,"Omamori":14,"Frozen Egg 2":17,"Bottled Tornado":25,"Cursed Key":10,"Blood Vial":27,"Bottled Flame":5,"Anchor":29,"HornCleat":11,"Ornamental Fan":26,"Bronze Scales":25,"Red Mask":13,"Bag of Marbles":19,"Membership Card":6,"Chemical X":29,"StrikeDummy":30,"InkBottle":5,"FossilizedHelix":17,"Ring of the Serpent":21,"Ring of the Snake":0},{"Darkstone Periapt":26,"Lantern":59,"Mark of the Bloom":116,"Singing Bowl":111,"CeramicFish":116,"Omamori":53,"Frozen Egg 2":64,"Bottled Tornado":103,"Cursed Key":38,"Blood Vial":116,"Bottled Flame":17,"Anchor":131,"HornCleat":42,"Ornamental Fan":111,"Bronze Scales":103,"Red Mask":47,"Bag of Marbles":75,"Membership Card":22,"Chemical X":131,"StrikeDummy":136,"InkBottle":17,"FossilizedHelix":64,"Ring of the Serpent":87,"Ring of the Snake":0}],"InkBottle":[65]},"card_choices":[{"not_picked":["Dagger Throw","Endless Agony"],"picked":"Blade Dance","floor":1},{"not_picked":["Cloak And Dagger","PiercingWail"],"picked":"Poisoned Stab","floor":3},{"not_picked":["Distraction","Outmaneuver"],"picked":"Backstab","floor":4},{"not_picked":["Burst","Dodge and Roll"],"picked":"Dash","floor":5},{"not_picked":["Heel Hook","Reflex","Cloak And Dagger"],"picked":"SKIP","floor":7},{"not_picked":["Quick Slash","Sucker Punch"],"picked":"Terror","floor":10},{"not_picked":["PiercingWail","Expertise","Sucker Punch"],"picked":"SKIP","floor":12},{"not_picked":["Dagger Throw","Underhanded Strike","Dash"],"picked":"SKIP","floor":13},{"not_picked":["Bane","Calculated Gamble"],"picked":"Well Laid Plans","floor":14},{"not_picked":["A Thousand Cuts","Envenom"],"picked":"Corpse Explosion","floor":16},{"not_picked":["Slice","Deflect"],"picked":"Crippling Poison","floor":18},{"not_picked":["PiercingWail","Expertise+1"],"picked":"Bouncing Flask+1","floor":20},{"not_picked":["Cloak And Dagger","Underhanded Strike+1"],"picked":"Backflip","floor":21},{"not_picked":["Cloak And Dagger+1","Outmaneuver","Dagger Spray+1"],"picked":"SKIP","floor":23},{"not_picked":["Distraction+1","Underhanded Strike"],"picked":"Leg Sweep","floor":25},{"not_picked":["Deadly Poison","Flying Knee"],"picked":"Blade Dance+1","floor":27},{"not_picked":["Reflex+1","Underhanded Strike","Blade Dance"],"picked":"SKIP","floor":28},{"not_picked":["Eviscerate+1","Expertise"],"picked":"After Image+1","floor":30},{"not_picked":["Cloak And Dagger","Deadly Poison+1"],"picked":"Calculated Gamble+1","floor":31},{"not_picked":["Corpse Explosion","Tools of the Trade+1"],"picked":"Adrenaline","floor":33},{"not_picked":["Underhanded Strike","Bane","Reflex+1"],"picked":"SKIP","floor":35},{"not_picked":["Infinite Blades+1","Cloak And Dagger","Endless Agony"],"picked":"SKIP","floor":36},{"not_picked":["Leg Sweep","Reflex+1","Choke"],"picked":"SKIP","floor":37},{"not_picked":["Good Instincts","Dramatic Entrance"],"picked":"Master of Strategy","floor":38},{"not_picked":["Blade Dance+1","Backflip"],"picked":"Wraith Form v2+1","floor":40},{"not_picked":["PiercingWail","Slice+1","Choke"],"picked":"Singing Bowl","floor":42},{"not_picked":["Prepared+1","Predator"],"picked":"Blur+1","floor":45},{"not_picked":["Dodge and Roll","Outmaneuver","Deflect+1"],"picked":"Singing Bowl","floor":48},{"not_picked":["Dodge and Roll","Unload"],"picked":"Escape Plan","floor":54}],"player_experience":287832,"relics_obtained":[{"floor":7,"key":"Bottled Flame"},{"floor":9,"key":"InkBottle"},{"floor":13,"key":"Darkstone Periapt"},{"floor":19,"key":"HornCleat"},{"floor":21,"key":"Red Mask"},{"floor":23,"key":"Omamori"},{"floor":25,"key":"Lantern"},{"floor":27,"key":"FossilizedHelix"},{"floor":27,"key":"Frozen Egg 2"},{"floor":30,"key":"Bag of Marbles"},{"floor":40,"key":"Bottled Tornado"},{"floor":42,"key":"Singing Bowl"},{"floor":43,"key":"Ornamental Fan"},{"floor":45,"key":"CeramicFish"},{"floor":46,"key":"Blood Vial"},{"floor":54,"key":"StrikeDummy"}],"event_choices":[{"damage_healed":0,"gold_gain":100,"player_choice":"Gold","damage_taken":0,"max_hp_gain":0,"max_hp_loss":0,"event_name":"Wheel of Change","floor":8,"gold_loss":0},{"damage_healed":0,"gold_gain":0,"player_choice":"Relic","damage_taken":0,"max_hp_gain":0,"max_hp_loss":0,"event_name":"Wheel of Change","floor":19,"gold_loss":0},{"damage_healed":0,"gold_gain":0,"player_choice":"Fought Bandits","damage_taken":0,"max_hp_gain":0,"max_hp_loss":0,"event_name":"Masked Bandits","floor":21,"gold_loss":0},{"damage_healed":0,"gold_gain":0,"player_choice":"Fight","damage_taken":0,"max_hp_gain":0,"max_hp_loss":0,"event_name":"Colosseum","floor":27,"gold_loss":0},{"damage_healed":0,"gold_gain":0,"player_choice":"Fought Nobs","damage_taken":0,"max_hp_gain":0,"max_hp_loss":0,"event_name":"Colosseum","floor":27,"gold_loss":0},{"damage_healed":0,"gold_gain":0,"player_choice":"Memory 1","damage_taken":0,"max_hp_gain":0,"max_hp_loss":0,"event_name":"SensoryStone","floor":38,"gold_loss":0},{"damage_healed":0,"gold_gain":0,"player_choice":"Upgrade","damage_taken":0,"relics_obtained":["Mark of the Bloom"],"max_hp_gain":0,"max_hp_loss":0,"event_name":"MindBloom","floor":47,"gold_loss":0,"cards_upgraded":["Strike_G","Strike_G","Strike_G","Defend_G","Defend_G","Defend_G","Defend_G","Defend_G","Survivor","Neutralize","Blade Dance","Tools of the Trade","Poisoned Stab","Backstab","Terror","Dodge and Roll","Corpse Explosion","Crippling Poison","Backflip","Leg Sweep","Adrenaline","Master of Strategy"]}],"is_beta":false,"boss_relics":[{"not_picked":["Coffee Dripper","SlaversCollar"],"picked":"Cursed Key"},{"not_picked":["HoveringKite","Black Star"],"picked":"Ring of the Serpent"}],"items_purged_floors":[39,41,53],"is_endless":false,"potions_floor_spawned":[3,7,12,13,14,20,21,25,27,33,35,37],"ascension_level":8}}