{"host":"ci7ivtocgfxh0ueo","time":1608177964,"event":{"mods":["BaseMod","GifTheSpireLib","Minty Spire (QoL Compilation)","StSLib"],"gold_per_floor":[115,26,43,54,204,233,233,304,330,330,2,0,0,19,19,98,98,110,110,135,1,1,1,18,29,74,86,86],"floor_reached":27,"playtime":628,"items_purged":["Doubt"],"score":387,"play_id":"8ca52f41-dcc3-4437-8f3b-a553cc2e5c7c","local_time":"20201217120604","is_ascension_mode":true,"campfire_choices":[{"data":"Noxious Fumes","floor":7,"key":"SMITH"},{"data":"Neutralize","floor":13,"key":"SMITH"},{"floor":15,"key":"REST"},{"data":"After Image","floor":23,"key":"SMITH"}],"circlet_count":0,"master_deck":["AscendersBane","Strike_G","Strike_G","Strike_G","Strike_G","Strike_G","Defend_G","Defend_G","Defend_G","Defend_G","Defend_G","Survivor","Neutralize+1","PiercingWail","Noxious Fumes+1","Dagger Throw","Dagger Throw","Escape Plan","Poisoned Stab","After Image+1","Distraction","Deadly Poison","Poisoned Stab"],"relics":["Ring of the Snake","NeowsBlessing","Boot","Singing Bowl","Toy Ornithopter","MealTicket","WristBlade","Regal Pillow","MawBank"],"acts_visited":["Exordium","TheCity"],"potions_floor_usage":[6,6,16,16,24],"damage_taken":[{"damage":0,"enemies":"Cultist","floor":1,"turns":1},{"damage":0,"enemies":"Jaw Worm","floor":3,"turns":1},{"damage":0,"enemies":"Small Slimes","floor":4,"turns":1},{"damage":34,"enemies":"Lagavulin","floor":6,"turns":7},{"damage":9,"enemies":"Looter","floor":14,"turns":4},{"damage":23,"enemies":"The Guardian","floor":16,"turns":9},{"damage":30,"enemies":"Spheric Guardian","floor":18,"turns":6},{"damage":7,"enemies":"2 Thieves","floor":24,"turns":4},{"damage":17,"enemies":"Centurion and Healer","floor":25,"turns":7},{"damage":53,"enemies":"Shelled Parasite and Fungi","floor":27,"turns":5}],"seed_played":"5680288698730815396","potions_obtained":[{"floor":1,"key":"CunningPotion"},{"floor":4,"key":"CunningPotion"},{"floor":14,"key":"Weak Potion"}],"is_trial":false,"path_per_floor":["M","$","M","M","?","E","R","T","T","$","$","?","R","M","R","B",null,"M","?","T","$","?","R","M","M","T","M"],"character_chosen":"THE_SILENT","items_purchased":["Noxious Fumes","MealTicket","LiquidBronze","Distraction","Block Potion"],"campfire_rested":1,"item_purchase_floors":[2,11,11,21,21],"current_hp_per_floor":[59,59,59,59,59,25,25,25,25,25,25,25,25,16,35,22,55,25,25,25,40,66,66,59,42,42,0,0],"gold":86,"neow_bonus":"THREE_ENEMY_KILL","is_daily":false,"chose_seed":false,"campfire_upgraded":3,"win_rate":0.0,"timestamp":1608177964,"path_taken":["M","$","?","M","?","E","R","?","T","?","$","?","R","M","R","BOSS","M","?","?","$","?","R","M","M","T","M"],"items_purchased_type":["Card","Relic","Potion","Card","Potion"],"build_version":"2020-12-13","purchased_purges":1,"victory":false,"max_hp_per_floor":[66,66,66,66,66,66,66,66,66,66,66,66,66,66,66,66,66,66,66,66,66,66,66,66,66,66,66,66],"card_choices":[{"not_picked":["Cloak And Dagger","Acrobatics"],"picked":"PiercingWail","floor":1},{"not_picked":["Endless Agony","Skewer"],"picked":"Dagger Throw","floor":3},{"not_picked":["Flying Knee","Expertise"],"picked":"Dagger Throw","floor":4},{"not_picked":["Sucker Punch","Quick Slash"],"picked":"Escape Plan","floor":6},{"not_picked":["Slice","Grand Finale"],"picked":"Poisoned Stab","floor":14},{"not_picked":["Tools of the Trade","Night Terror"],"picked":"After Image","floor":16},{"not_picked":["Dodge and Roll","Cloak And Dagger"],"picked":"Catalyst","floor":18},{"not_picked":["PiercingWail","Slice"],"picked":"Deadly Poison","floor":24},{"not_picked":["Accuracy","Riddle With Holes"],"picked":"Poisoned Stab","floor":25}],"player_experience":1260648,"relics_obtained":[{"floor":6,"key":"Boot"},{"floor":8,"key":"Singing Bowl"},{"floor":9,"key":"Toy Ornithopter"},{"floor":20,"key":"Regal Pillow"},{"floor":26,"key":"MawBank"}],"event_choices":[{"damage_healed":0,"gold_gain":150,"player_choice":"AGREE","damage_taken":0,"max_hp_gain":0,"max_hp_loss":0,"event_name":"Liars Game","floor":5,"gold_loss":0,"cards_obtained":["Doubt"]},{"damage_healed":0,"gold_gain":0,"player_choice":"Left Gold","damage_taken":0,"max_hp_gain":0,"max_hp_loss":0,"event_name":"World of Goop","floor":12,"gold_loss":2},{"damage_healed":0,"gold_gain":0,"player_choice":"Ignored","damage_taken":0,"max_hp_gain":0,"max_hp_loss":0,"event_name":"Cursed Tome","floor":19,"gold_loss":0},{"cards_removed":["Catalyst"],"damage_healed":26,"gold_gain":0,"player_choice":"Offered Uncommon","damage_taken":0,"max_hp_gain":0,"max_hp_loss":0,"event_name":"Bonfire Elementals","floor":22,"gold_loss":0}],"is_beta":false,"boss_relics":[{"not_picked":["Busted Crown","Black Star"],"picked":"WristBlade"}],"items_purged_floors":[11],"is_endless":false,"potions_floor_spawned":[1,4,14],"killed_by":"Shelled Parasite and Fungi","ascension_level":17}}