{"host":"ormi09wwzv7sq47a","time":1608225039,"event":{"mods":["2.2 Compatiblity","AchievementEnabler","Act Like it!","BaseMod","Bestiary","Better Note","Better Sensory Stone","Better Skull","Better Vampires","Colored Map","Colored Powertips","Curses Come First","DeckTracker","Downfall","Highlight Path","Minty Spire (QoL Compilation)","Permanent Neow","Quick Restart","Rare Cards Sparkle","Relic Stats","Shop Mod","StSLib","The Jungle"],"gold_per_floor":[109,119,69,85,10,36,36,67,367,367,384,134,134,166,166,269,269,289,289,289,306,322,322,354,354,354,354,368,368,368,385,385,480,480,490,505,1,1,1,1,18,18,18,38,48,0,19,50,50,50,50,50,12,37,37,37],"floor_reached":55,"playtime":3181,"items_purged":["Strike_B","Strike_B","Defend_B"],"score":735,"play_id":"bd8ac917-03da-4f75-a5fc-f83a7ae19148","local_time":"20201217151039","is_ascension_mode":false,"campfire_choices":[{"data":"Sweeping Beam","floor":7,"key":"SMITH"},{"data":"Consume","floor":10,"key":"SMITH"},{"data":"Zap","floor":15,"key":"SMITH"},{"data":"Biased Cognition","floor":23,"key":"SMITH"},{"data":"Ball Lightning","floor":25,"key":"SMITH"},{"data":"Hologram","floor":27,"key":"SMITH"},{"data":"Dualcast","floor":29,"key":"SMITH"},{"data":"Reboot","floor":32,"key":"SMITH"},{"data":"Core Surge","floor":40,"key":"SMITH"},{"data":"Turbo","floor":42,"key":"SMITH"},{"floor":49,"key":"RECALL"},{"data":"Glacier","floor":52,"key":"SMITH"}],"circlet_count":0,"master_deck":["Defend_B","Zap+1","Dualcast+1","Sweeping Beam+1","Glacier+1","Consume+1","Hologram+1","Ball Lightning+1","Turbo+1","Biased Cognition+1","Conserve Battery+1","Coolheaded+1","Sunder+1","Reboot+1","Compile Driver+1","Core Surge+1","Lockon+1","Conserve Battery+1","Recycle+1","Skim+1"],"relics":["Cracked Core","Torii","WingedGreaves","Omamori","InkBottle","Inserter","Nloth\u0027s Gift","The Courier","MealTicket","Gremlin Horn","Black Star","ClockworkSouvenir","Lizard Tail","Whetstone","Red Mask","Blue Candle","Regal Pillow","Shuriken","Toy Ornithopter"],"acts_visited":["Exordium","TheCity","TheBeyond","TheEnding"],"potions_floor_usage":[6,14,18,24,33,33,47,54,55],"damage_taken":[{"damage":1,"enemies":"Cultist","floor":1,"turns":3},{"damage":2,"enemies":"Small Slimes","floor":2,"turns":2},{"damage":1,"enemies":"2 Louse","floor":4,"turns":2},{"damage":0,"enemies":"3 Sentries","floor":6,"turns":7},{"damage":29,"enemies":"Gremlin Nob","floor":8,"turns":4},{"damage":0,"enemies":"Blue Slaver","floor":11,"turns":5},{"damage":1,"enemies":"3 Sentries","floor":14,"turns":5},{"damage":3,"enemies":"Hexaghost","floor":16,"turns":11},{"damage":0,"enemies":"2 Thieves","floor":18,"turns":2},{"damage":10,"enemies":"3 Byrds","floor":21,"turns":3},{"damage":1,"enemies":"Centurion and Healer","floor":22,"turns":5},{"damage":20,"enemies":"Slavers","floor":24,"turns":4},{"damage":0,"enemies":"Cultist and Chosen","floor":28,"turns":5},{"damage":0,"enemies":"Snecko","floor":31,"turns":5},{"damage":29,"enemies":"Champ","floor":33,"turns":8},{"damage":1,"enemies":"3 Shapes","floor":35,"turns":3},{"damage":0,"enemies":"Orb Walker","floor":36,"turns":3},{"damage":10,"enemies":"Jaw Worm Horde","floor":41,"turns":3},{"damage":0,"enemies":"Sphere and 2 Shapes","floor":44,"turns":2},{"damage":3,"enemies":"4 Shapes","floor":45,"turns":2},{"damage":0,"enemies":"Transient","floor":47,"turns":5},{"damage":0,"enemies":"Giant Head","floor":48,"turns":5},{"damage":1,"enemies":"Awakened One","floor":50,"turns":9},{"damage":91,"enemies":"Shield and Spear","floor":54,"turns":11},{"damage":40,"enemies":"The Heart","floor":55,"turns":11}],"seed_played":"-9069146523343077660","potions_obtained":[{"floor":2,"key":"Fire Potion"},{"floor":8,"key":"SkillPotion"},{"floor":14,"key":"Swift Potion"},{"floor":16,"key":"SteroidPotion"},{"floor":21,"key":"Energy Potion"},{"floor":22,"key":"EssenceOfDarkness"},{"floor":28,"key":"SneckoOil"},{"floor":36,"key":"SmokeBomb"},{"floor":44,"key":"Slimebound:ThreeZeroPotion"},{"floor":47,"key":"FearPotion"},{"floor":54,"key":"LiquidMemories"}],"is_trial":false,"path_per_floor":["M","M","?","M","$","E","R","E","T","R","M","$","?","E","R","B",null,"M","?","T","M","M","R","E","R","T","R","M","R","?","M","R","B",null,"M","M","$","T","?","R","M","R","T","M","M","?","M","E","R","B",null,"R","$","E","B"],"character_chosen":"DEFECT","items_purchased":["Omamori","ClockworkSouvenir","Conserve Battery","Lizard Tail","Dexterity Potion"],"campfire_rested":0,"item_purchase_floors":[12,37,37,37,53],"current_hp_per_floor":[67,65,65,64,64,64,64,35,35,35,35,35,35,34,34,31,68,68,68,68,58,57,57,37,37,37,37,37,37,37,37,37,8,68,67,67,68,68,68,68,58,58,58,58,55,55,55,55,55,54,68,68,68,34,0,0],"gold":37,"neow_bonus":"REMOVE_TWO","is_daily":false,"chose_seed":false,"campfire_upgraded":11,"win_rate":0.0,"timestamp":1608225039,"path_taken":["M","?","?","M","$","E","R","E","T","R","M","$","?","E","R","BOSS","M","?","?","?","M","R","E","R","T","R","?","R","?","M","R","BOSS","M","M","$","?","?","R","M","R","T","?","M","?","M","E","R","BOSS","R","$","E","BOSS"],"items_purchased_type":["Relic","Relic","Card","Relic","Potion"],"build_version":"2020-12-13","purchased_purges":3,"victory":false,"max_hp_per_floor":[68,68,68,68,68,68,68,68,68,68,68,68,68,68,68,68,68,68,68,68,68,68,68,68,68,68,68,68,68,68,68,68,68,68,68,68,68,68,68,68,68,68,68,68,68,68,68,68,68,68,68,68,68,68,68,68],"relic_stats":{"Regal Pillow":0,"Inserter":[43],"Torii":16,"Gremlin Horn":[14,14],"counters":[25,125],"Blue Candle":[0],"Whetstone":[],"Lizard Tail":34,"Shuriken":[0],"MealTicket":1,"Nloth\u0027s Gift":5,"Black Star":2,"obtain_stats":[{"Regal Pillow":48,"Inserter":17,"Torii":6,"Gremlin Horn":26,"Blue Candle":48,"The Courier":20,"Omamori":12,"Whetstone":43,"Old Coin":9,"ClockworkSouvenir":37,"Lizard Tail":37,"Shuriken":54,"MealTicket":24,"WingedGreaves":8,"Nloth\u0027s Gift":19,"Black Star":34,"Red Mask":46,"Cracked Core":0,"InkBottle":14,"Toy Ornithopter":54},{"Regal Pillow":22,"Inserter":8,"Torii":4,"Gremlin Horn":12,"Blue Candle":22,"The Courier":9,"Omamori":6,"Whetstone":18,"Old Coin":5,"ClockworkSouvenir":17,"Lizard Tail":17,"Shuriken":24,"MealTicket":12,"WingedGreaves":5,"Nloth\u0027s Gift":9,"Black Star":15,"Red Mask":20,"Cracked Core":0,"InkBottle":7,"Toy Ornithopter":24},{"Regal Pillow":94,"Inserter":39,"Torii":14,"Gremlin Horn":53,"Blue Candle":94,"The Courier":41,"Omamori":23,"Whetstone":80,"Old Coin":18,"ClockworkSouvenir":77,"Lizard Tail":77,"Shuriken":114,"MealTicket":53,"WingedGreaves":18,"Nloth\u0027s Gift":41,"Black Star":71,"Red Mask":84,"Cracked Core":0,"InkBottle":28,"Toy Ornithopter":114}],"InkBottle":[50],"Toy Ornithopter":5},"card_choices":[{"not_picked":["Steam","Tempest"],"picked":"Sweeping Beam","floor":1},{"not_picked":["Stack","Compile Driver","Barrage"],"picked":"SKIP","floor":2},{"not_picked":["All For One","Go for the Eyes"],"picked":"Glacier","floor":4},{"not_picked":["Steam","White Noise"],"picked":"Consume","floor":6},{"not_picked":["Beam Cell","Double Energy"],"picked":"Hologram","floor":8},{"not_picked":["Stack","Hologram"],"picked":"Ball Lightning","floor":11},{"not_picked":["Redo","Barrage"],"picked":"Turbo","floor":14},{"not_picked":["Rainbow","Core Surge"],"picked":"Biased Cognition","floor":16},{"not_picked":["Storm","Leap"],"picked":"Conserve Battery+1","floor":18},{"not_picked":["Hello World+1","Reprogram"],"picked":"Coolheaded+1","floor":21},{"not_picked":["Doom and Gloom","Gash+1"],"picked":"Sunder+1","floor":22},{"not_picked":["Barrage","Capacitor"],"picked":"Reboot","floor":24},{"not_picked":["All For One","Gash+1"],"picked":"Compile Driver+1","floor":28},{"not_picked":["Sweeping Beam","Amplify","Hologram"],"picked":"SKIP","floor":31},{"not_picked":["Creative AI","Buffer"],"picked":"Core Surge","floor":33},{"not_picked":["Hello World+1","Auto Shields","Go for the Eyes"],"picked":"SKIP","floor":35},{"not_picked":["Hologram+1","Scrape"],"picked":"Lockon+1","floor":36},{"not_picked":["Doom and Gloom+1","Rip and Tear"],"picked":"Recycle+1","floor":41},{"not_picked":["Gash+1","Amplify","Core Surge"],"picked":"SKIP","floor":44},{"not_picked":["Lockon+1","Sweeping Beam+1"],"picked":"Skim+1","floor":45},{"not_picked":["Rebound+1","Streamline+1","Barrage"],"picked":"SKIP","floor":47},{"not_picked":["Blizzard+1","Ball Lightning+1","Rebound"],"picked":"SKIP","floor":48},{"not_picked":["Consume+1","Rebound+1","Storm"],"picked":"SKIP","floor":54}],"player_experience":698565,"relics_obtained":[{"floor":6,"key":"Torii"},{"floor":8,"key":"WingedGreaves"},{"floor":9,"key":"Old Coin"},{"floor":14,"key":"InkBottle"},{"floor":20,"key":"The Courier"},{"floor":24,"key":"MealTicket"},{"floor":26,"key":"Gremlin Horn"},{"floor":43,"key":"Whetstone"},{"floor":48,"key":"Blue Candle"},{"floor":48,"key":"Regal Pillow"},{"floor":54,"key":"Shuriken"},{"floor":54,"key":"Toy Ornithopter"}],"event_choices":[{"cards_removed":["Strike_B"],"damage_healed":0,"gold_gain":0,"player_choice":"Card Removal","damage_taken":0,"max_hp_gain":0,"max_hp_loss":0,"event_name":"The Cleric","floor":3,"gold_loss":50},{"cards_removed":["Defend_B"],"damage_healed":0,"gold_gain":0,"player_choice":"Forget","damage_taken":0,"max_hp_gain":0,"max_hp_loss":0,"event_name":"Living Wall","floor":13,"gold_loss":0},{"damage_healed":0,"gold_gain":0,"player_choice":"Traded Relic","damage_taken":0,"relics_obtained":["Nloth\u0027s Gift"],"max_hp_gain":0,"max_hp_loss":0,"event_name":"N\u0027loth","floor":19,"relics_lost":["Old Coin"],"gold_loss":0},{"damage_healed":0,"gold_gain":0,"player_choice":"Cursed","damage_taken":0,"max_hp_gain":0,"max_hp_loss":0,"event_name":"Wheel of Change","floor":30,"gold_loss":0,"cards_obtained":["Decay"]},{"damage_healed":0,"gold_gain":0,"player_choice":"Upgraded","damage_taken":0,"max_hp_gain":0,"max_hp_loss":0,"event_name":"Upgrade Shrine","floor":39,"gold_loss":0,"cards_upgraded":["Conserve Battery"]},{"damage_healed":0,"gold_gain":0,"player_choice":"Paid","damage_taken":0,"relics_obtained":["Red Mask"],"max_hp_gain":0,"max_hp_loss":0,"event_name":"Tomb of Lord Red Mask","floor":46,"gold_loss":48}],"is_beta":false,"boss_relics":[{"not_picked":["Empty Cage","Runic Dome"],"picked":"Inserter"},{"not_picked":["SacredBark","Coffee Dripper"],"picked":"Black Star"}],"items_purged_floors":[5,12,37],"is_endless":false,"potions_floor_spawned":[2,8,14,16,21,22,28,36,44,47,54],"killed_by":"The Heart","ascension_level":0}}