{"host":"o7j6aatxjwpw1421","time":1608221490,"event":{"mods":["2.2 Compatiblity","BaseMod","Colored Map","DeckTracker","Highlight Path","Keyboard Shortcuts","Minty Spire (QoL Compilation)","Permanent Neow","Quick Restart","StSLib","SuperFastMode","everything is the same but u backflip on backflip"],"gold_per_floor":[359,58,58,72,88,88,121,121,171,204,214,214,226,226,226,226,226],"floor_reached":16,"playtime":2899,"items_purged":[],"score":127,"play_id":"d366ce38-c973-48b3-b1dd-77d21b57e1d9","local_time":"20201218011130","is_ascension_mode":true,"campfire_choices":[{"data":"Bash","floor":6.0,"key":"SMITH"},{"data":"Clash","floor":8.0,"key":"SMITH"},{"floor":15.0,"key":"REST"}],"circlet_count":0,"master_deck":["Strike_R","Strike_R","Strike_R","Strike_R","Strike_R","Defend_R","Defend_R","Defend_R","Defend_R","Bash+1","Whirlwind+1","Clash+1","Thunderclap","Sentinel","Flame Barrier","Burning Pact","Entrench"],"relics":["Burning Blood","Champion Belt","Juzu Bracelet","Tiny Chest","Gambling Chip","Letter Opener"],"acts_visited":["Exordium"],"potions_floor_usage":[16],"damage_taken":[{"damage":7.0,"enemies":"Small Slimes","floor":1.0,"turns":3.0},{"damage":1.0,"enemies":"Cultist","floor":4.0,"turns":4.0},{"damage":0.0,"enemies":"2 Louse","floor":5.0,"turns":2.0},{"damage":34.0,"enemies":"Lagavulin","floor":7.0,"turns":8.0},{"damage":10.0,"enemies":"3 Sentries","floor":10.0,"turns":3.0},{"damage":3.0,"enemies":"Looter","floor":11.0,"turns":2.0},{"damage":11.0,"enemies":"Lots of Slimes","floor":13.0,"turns":2.0},{"damage":31,"enemies":"Slime Boss","floor":16,"turns":7}],"seed_played":"-8760821112720203912","potions_obtained":[{"floor":1.0,"key":"FearPotion"},{"floor":5.0,"key":"BloodPotion"},{"floor":7.0,"key":"SkillPotion"}],"is_trial":false,"path_per_floor":["M","$","?","M","M","R","E","R","T","E","M","?","M","?","R","B"],"character_chosen":"IRONCLAD","items_purchased":["Champion Belt"],"campfire_rested":1,"item_purchase_floors":[2],"current_hp_per_floor":[71,71,71,72,72,72,44,44,44,40,43,10,19,19,40,9,9],"gold":226,"neow_bonus":"TWO_FIFTY_GOLD","is_daily":false,"chose_seed":false,"campfire_upgraded":2,"win_rate":0.0,"timestamp":1608221490,"path_taken":["M","$","?","M","?","R","E","R","T","E","M","?","M","?","R","BOSS"],"items_purchased_type":["Relic"],"build_version":"2020-12-13","purchased_purges":0,"victory":false,"max_hp_per_floor":[72,72,72,72,72,72,72,72,72,72,72,72,72,72,72,72,72],"card_choices":[{"not_picked":["Battle Trance","Wild Strike"],"picked":"Whirlwind","floor":1.0},{"not_picked":["Shockwave","Anger"],"picked":"Clash","floor":4.0},{"not_picked":["Wild Strike","Sword Boomerang"],"picked":"Thunderclap","floor":5.0},{"not_picked":["Evolve","Searing Blow"],"picked":"Sentinel","floor":7.0},{"not_picked":["Dual Wield","Clothesline"],"picked":"Flame Barrier","floor":10.0},{"not_picked":["Armaments","Clash"],"picked":"Burning Pact","floor":11.0},{"not_picked":["Burning Pact","Twin Strike"],"picked":"Entrench","floor":13.0}],"player_experience":256154,"relics_obtained":[{"floor":7.0,"key":"Juzu Bracelet"},{"floor":9.0,"key":"Tiny Chest"},{"floor":10.0,"key":"Gambling Chip"}],"event_choices":[{"damage_healed":0.0,"max_hp_gain":0.0,"max_hp_loss":0.0,"gold_gain":0.0,"event_name":"Upgrade Shrine","player_choice":"Upgraded","floor":3.0,"gold_loss":0.0,"damage_taken":0.0,"cards_upgraded":["Whirlwind"]},{"damage_healed":0.0,"max_hp_gain":0.0,"max_hp_loss":0.0,"gold_gain":0.0,"event_name":"Scrap Ooze","player_choice":"Success","floor":12.0,"gold_loss":0.0,"damage_taken":33.0,"relics_obtained":["Letter Opener"]},{"damage_healed":0.0,"max_hp_gain":0.0,"max_hp_loss":0.0,"gold_gain":0.0,"event_name":"Liars Game","player_choice":"Ignored","floor":14.0,"gold_loss":0.0,"damage_taken":0.0}],"is_beta":false,"boss_relics":[],"items_purged_floors":[],"is_endless":false,"potions_floor_spawned":[1,5,7],"killed_by":"Slime Boss","ascension_level":3}}