{"host":"k5dhp0bkccqfauyu","time":1608176866,"event":{"mods":["BaseMod","Better Note","Better Skull","Better Vampires","Colored Map","Colored Powertips","DeckTracker","Minty Spire (QoL Compilation)","Permanent Neow","StSLib","SuperFastMode"],"gold_per_floor":[116,126,176,191,210,210,229,229,278,278,278],"floor_reached":10,"playtime":231,"items_purged":[],"score":120,"play_id":"8c6f5f82-4344-4ecd-a27b-378198320743","local_time":"20201217144746","is_ascension_mode":true,"campfire_choices":[{"data":"Barricade","floor":6,"key":"SMITH"},{"data":"True Grit","floor":8,"key":"SMITH"}],"circlet_count":0,"master_deck":["AscendersBane","Strike_R","Strike_R","Strike_R","Strike_R","Strike_R","Defend_R","Defend_R","Defend_R","Defend_R","Bash","Limit Break","Clothesline","True Grit+1","Barricade+1","Second Wind"],"relics":["Burning Blood","Pen Nib"],"acts_visited":["Exordium"],"potions_floor_usage":[],"damage_taken":[{"damage":15,"enemies":"Small Slimes","floor":1,"turns":4},{"damage":4,"enemies":"Cultist","floor":2,"turns":4},{"damage":5,"enemies":"2 Louse","floor":4,"turns":4},{"damage":23,"enemies":"Large Slime","floor":5,"turns":8},{"damage":27,"enemies":"Lots of Slimes","floor":7,"turns":7},{"damage":0,"enemies":"Lagavulin","floor":10,"turns":4}],"seed_played":"-8287233289824089915","potions_obtained":[{"floor":4,"key":"Swift Potion"},{"floor":7,"key":"SmokeBomb"}],"is_trial":false,"path_per_floor":["M","M","?","M","M","R","M","R","T","E"],"character_chosen":"IRONCLAD","items_purchased":[],"campfire_rested":0,"item_purchase_floors":[],"current_hp_per_floor":[59,61,61,62,45,45,24,24,24,24,24],"gold":278,"neow_bonus":"ONE_RANDOM_RARE_CARD","is_daily":false,"chose_seed":false,"campfire_upgraded":2,"win_rate":0.0,"timestamp":1608176866,"path_taken":["M","M","?","M","M","R","M","R","T","E"],"items_purchased_type":[],"build_version":"2020-12-13","purchased_purges":0,"victory":false,"max_hp_per_floor":[75,75,75,75,75,75,75,75,75,75,75],"card_choices":[{"not_picked":["Headbutt","Iron Wave"],"picked":"Clothesline","floor":1},{"not_picked":["Clash","Heavy Blade","Clothesline"],"picked":"SKIP","floor":2},{"not_picked":["Heavy Blade","Wild Strike"],"picked":"True Grit","floor":4},{"not_picked":["Thunderclap","Twin Strike"],"picked":"Barricade","floor":5},{"not_picked":["Shrug It Off","Clothesline"],"picked":"Second Wind","floor":7}],"player_experience":1759241,"relics_obtained":[{"floor":9,"key":"Pen Nib"}],"event_choices":[{"damage_healed":0,"gold_gain":50,"player_choice":"Pray","damage_taken":0,"max_hp_gain":0,"max_hp_loss":0,"event_name":"Golden Shrine","floor":3,"gold_loss":0}],"is_beta":false,"boss_relics":[],"items_purged_floors":[],"is_endless":false,"potions_floor_spawned":[4,7],"killed_by":"Lagavulin","ascension_level":20}}