{"host":"6n0q4j9kl9hs27he","time":1608220723,"event":{"mods":["BaseMod","Downfall","Minty Spire (QoL Compilation)","StSLib"],"gold_per_floor":[99,110,260,260,274,274,274,274,306,306,321,228,239,249,265,265,265],"floor_reached":16,"playtime":1057,"items_purged":[],"score":102,"play_id":"a3bf79b9-1ab1-465f-ae75-f8198a2a7323","local_time":"20201217075843","is_ascension_mode":false,"campfire_choices":[{"data":"hexamod:Float","floor":1,"key":"SMITH"},{"data":"hexamod:SearingWound","floor":6,"key":"SMITH"},{"data":"hexamod:InspiringFlames","floor":10,"key":"SMITH"}],"circlet_count":0,"master_deck":["hexamod:Strike","hexamod:Strike","hexamod:Strike","hexamod:Strike","hexamod:Defend","hexamod:Defend","hexamod:Defend","hexamod:Defend","hexamod:Sear","hexamod:Float+1","hexamod:SpectersWail","hexamod:SearingWound+1","hexamod:InspiringFlames+1","hexamod:EtherealExpedition","hexamod:Hexaguard","hexamod:RadiantFlame","hexamod:GhostOfSpireFuture","hexamod:NightmareGuise"],"relics":["hexamod:SpiritBrand","Mummified Hand","Art of War"],"acts_visited":["Exordium"],"potions_floor_usage":[14,16],"damage_taken":[{"damage":0,"enemies":"2 Louse","floor":2,"turns":3},{"damage":0,"enemies":"Small Slimes","floor":5,"turns":3},{"damage":17,"enemies":"3 Sentries","floor":9,"turns":9},{"damage":11,"enemies":"Jaw Worm","floor":11,"turns":3},{"damage":4,"enemies":"downfall:FleeingMerchant","floor":12,"turns":4},{"damage":0,"enemies":"Blue Slaver","floor":13,"turns":3},{"damage":0,"enemies":"Large Slime","floor":14,"turns":4},{"damage":10,"enemies":"Lots of Slimes","floor":15,"turns":3},{"damage":46,"enemies":"downfall:Ironclad","floor":16,"turns":10}],"seed_played":"-2393057429970921142","potions_obtained":[{"floor":2,"key":"Ancient Potion"},{"floor":11,"key":"Block Potion"},{"floor":13,"key":"Slimebound:ThreeZeroPotion"}],"is_trial":false,"path_per_floor":["R","M","?","?","M","R","T","?","E","R","M","$","M","M","M","B"],"character_chosen":"THE_SPIRIT","items_purchased":["hexamod:RadiantFlame"],"campfire_rested":0,"item_purchase_floors":[12],"current_hp_per_floor":[77,77,77,82,82,82,82,82,65,65,54,50,50,50,40,0,0],"gold":265,"neow_bonus":"TEN_PERCENT_HP_BONUS","is_daily":false,"chose_seed":false,"campfire_upgraded":3,"win_rate":0.0,"timestamp":1608220723,"path_taken":["R","M","?","?","M","R","T","?","E","R","M","?","M","M","M","BOSS"],"items_purchased_type":["Card"],"build_version":"2020-12-13","purchased_purges":0,"victory":false,"max_hp_per_floor":[77,77,77,82,82,82,82,82,82,82,82,82,82,82,82,82,82],"card_choices":[{"not_picked":["hexamod:Firestarter","hexamod:GhostLash"],"picked":"hexamod:SpectersWail","floor":2},{"not_picked":["hexamod:BacktrackSmack","hexamod:SwordOfDarkness"],"picked":"hexamod:SearingWound","floor":5},{"not_picked":["hexamod:RainOfEmbers","hexamod:DynamicBlow"],"picked":"hexamod:InspiringFlames","floor":9},{"not_picked":["hexamod:BacktrackSmack","hexamod:GhostLash"],"picked":"hexamod:EtherealExpedition","floor":11},{"not_picked":["hexamod:Again","hexamod:ThermalTransfer"],"picked":"hexamod:Hexaguard","floor":12},{"not_picked":["hexamod:SpectersWail","hexamod:InspiringFlames"],"picked":"hexamod:GhostOfSpireFuture","floor":13},{"not_picked":["hexamod:HauntingEcho","hexamod:Again","hexamod:SwordOfDarkness"],"picked":"SKIP","floor":14},{"not_picked":["hexamod:AdvancingGuard","hexamod:BurningTouch"],"picked":"hexamod:NightmareGuise","floor":15}],"player_experience":336523,"relics_obtained":[{"floor":7,"key":"Mummified Hand"},{"floor":9,"key":"Art of War"}],"event_choices":[{"damage_healed":0,"gold_gain":0,"player_choice":"Donut","damage_taken":0,"max_hp_gain":5,"max_hp_loss":0,"event_name":"Big Fish","floor":4,"gold_loss":0},{"cards_removed":["Slimebound:Icky"],"damage_healed":0,"gold_gain":0,"player_choice":"Card Removal","damage_taken":0,"max_hp_gain":0,"max_hp_loss":0,"event_name":"The Cleric","floor":8,"gold_loss":0}],"is_beta":false,"boss_relics":[],"items_purged_floors":[],"is_endless":false,"potions_floor_spawned":[2,11,13],"killed_by":"downfall:Ironclad","ascension_level":0}}