{"host":"bxn2em57qlx5u4i0","time":1608178550,"event":{"mods":["BaseMod","Colored Map","Colored Powertips","Highlight Path","Minty Spire (QoL Compilation)","Random Character Button","Relic Sorter","Relic Stats","StSLib","SuperFastMode"],"gold_per_floor":[119,130,205,43,43,43,43,61,84,115,115,127,127,127],"floor_reached":13,"playtime":202,"items_purged":["Strike_G"],"score":166,"play_id":"f3d5cbcc-8368-43ff-ace0-debbc5922590","local_time":"20201216231550","is_ascension_mode":true,"campfire_choices":[{"data":"Poisoned Stab","floor":6.0,"key":"SMITH"}],"circlet_count":0,"master_deck":["AscendersBane","Strike_G","Strike_G","Strike_G","Defend_G","Defend_G","Defend_G","Defend_G","Defend_G","Survivor","Neutralize","Poisoned Stab+1","Deadly Poison","Noxious Fumes+1","Dagger Spray","Noxious Fumes+1"],"relics":["Ring of the Snake","NeowsBlessing","Potion Belt","Frozen Egg 2"],"acts_visited":["Exordium"],"potions_floor_usage":[13,13],"damage_taken":[{"damage":0.0,"enemies":"Jaw Worm","floor":1.0,"turns":1.0},{"damage":0.0,"enemies":"Small Slimes","floor":2.0,"turns":1.0},{"damage":0.0,"enemies":"Cultist","floor":8.0,"turns":1.0},{"damage":12.0,"enemies":"3 Sentries","floor":10.0,"turns":7.0},{"damage":3.0,"enemies":"3 Louse","floor":12.0,"turns":3.0},{"damage":28,"enemies":"Gremlin Nob","floor":13,"turns":3}],"seed_played":"7161109344342341383","potions_obtained":[{"floor":1.0,"key":"AttackPotion"},{"floor":8.0,"key":"SteroidPotion"},{"floor":10.0,"key":"Energy Potion"}],"is_trial":false,"path_per_floor":["M","M","?","$","?","R","?","M","T","E","?","M","E"],"character_chosen":"THE_SILENT","items_purchased":["Noxious Fumes"],"campfire_rested":0,"item_purchase_floors":[4],"current_hp_per_floor":[59,59,48,48,48,48,39,39,39,27,27,24,0,0],"gold":127,"neow_bonus":"THREE_ENEMY_KILL","is_daily":false,"chose_seed":false,"campfire_upgraded":1,"win_rate":0.0,"timestamp":1608178550,"path_taken":["M","M","?","$","?","R","?","?","T","E","?","?","E"],"items_purchased_type":["Card"],"build_version":"2020-12-13","purchased_purges":1,"victory":false,"max_hp_per_floor":[66,66,66,66,66,66,66,66,66,66,66,66,66,66],"relic_stats":{"counters":[6,16],"obtain_stats":[{"Potion Belt":9,"NeowsBlessing":0,"Frozen Egg 2":10,"Ring of the Snake":0},{"Potion Belt":3,"NeowsBlessing":0,"Frozen Egg 2":4,"Ring of the Snake":0},{"Potion Belt":3,"NeowsBlessing":0,"Frozen Egg 2":10,"Ring of the Snake":0}],"Ring of the Snake":[12]},"card_choices":[{"not_picked":["Calculated Gamble","Deadly Poison"],"picked":"Poisoned Stab","floor":1.0},{"not_picked":["Slice","Bane"],"picked":"Deadly Poison","floor":2.0},{"not_picked":["Acrobatics","Deflect"],"picked":"Dagger Spray","floor":8.0},{"not_picked":["Heel Hook","Deflect"],"picked":"Noxious Fumes+1","floor":10.0},{"not_picked":["Slice","Cloak And Dagger","Choke"],"picked":"SKIP","floor":12.0}],"player_experience":2800587,"relics_obtained":[{"floor":9.0,"key":"Potion Belt"},{"floor":10.0,"key":"Frozen Egg 2"}],"event_choices":[{"damage_healed":0.0,"max_hp_gain":0.0,"max_hp_loss":0.0,"gold_gain":75.0,"event_name":"World of Goop","player_choice":"Gather Gold","floor":3.0,"gold_loss":0.0,"damage_taken":11.0},{"damage_healed":0.0,"max_hp_gain":0.0,"max_hp_loss":0.0,"gold_gain":0.0,"event_name":"Living Wall","player_choice":"Grow","floor":5.0,"gold_loss":0.0,"damage_taken":0.0,"cards_upgraded":["Noxious Fumes"]},{"damage_healed":0.0,"max_hp_gain":0.0,"max_hp_loss":0.0,"gold_gain":0.0,"event_name":"Wheel of Change","player_choice":"Damaged","floor":7.0,"gold_loss":0.0,"damage_taken":9.0},{"cards_removed":["Strike_G"],"damage_healed":0.0,"max_hp_gain":0.0,"max_hp_loss":0.0,"gold_gain":0.0,"event_name":"Bonfire Elementals","player_choice":"Offered Basic","floor":11.0,"gold_loss":0.0,"damage_taken":0.0}],"is_beta":false,"boss_relics":[],"items_purged_floors":[4],"is_endless":false,"potions_floor_spawned":[1,8,10],"killed_by":"Gremlin Nob","ascension_level":20}}