{"host":"mv9iawyrph7ym8en","time":1608163321,"event":{"mods":["Act Like it!","Aspiration","BaseMod","Conspire","Defuse TimeMaze Blight","Minty Spire (QoL Compilation)","Replay The Spire","Ryuuou龙王","Shop Mod","Spicy Shops","StSLib","TestMod","[IsaacMod]以撒尖塔","vexMod"],"gold_per_floor":[116,116,166,190,212,259,289,328,340,366,378,390,390],"floor_reached":12,"playtime":421,"items_purged":[],"score":140,"play_id":"c2e0b9bc-bcd1-4977-8f9f-a9092f0cba75","local_time":"20201217080201","is_ascension_mode":true,"campfire_choices":[{"data":"Juggernaut","floor":11,"key":"SMITH"}],"circlet_count":0,"master_deck":["AscendersBane","Strike_R","Strike_R","Strike_R","Strike_R","Strike_R","Defend_R","Defend_R","Defend_R","Defend_R","Bash","Pommel Strike","Burning Pact","Brutality","Juggernaut+1"],"relics":["Burning Blood","testmod-TestBox","HushsDoor","BFFS","testmod-TimeTraveler","NeowsBlessing","conspire:Flyswatter","MawBank","vexMod:CardConverter","Tiny Chest","Replay:WaspNest"],"acts_visited":["Exordium"],"potions_floor_usage":[8,10],"damage_taken":[{"damage":0,"enemies":"2 Louse","floor":1,"turns":1},{"damage":0,"enemies":"Hiden Room Battle","floor":3,"turns":1},{"damage":0,"enemies":"Jaw Worm","floor":4,"turns":1},{"damage":0,"enemies":"Cultist","floor":5,"turns":1},{"damage":24,"enemies":"Gremlin Nob","floor":6,"turns":4},{"damage":12,"enemies":"Gremlin Gang","floor":7,"turns":4},{"damage":59,"enemies":"3 Sentries","floor":8,"turns":9},{"damage":6,"enemies":"Looter","floor":10,"turns":3},{"damage":23,"enemies":"Lagavulin","floor":12,"turns":5}],"seed_played":"7358802763750594610","potions_obtained":[{"floor":4,"key":"Elixir"},{"floor":5,"key":"Regen Potion"},{"floor":8,"key":"SkillPotion"}],"is_trial":false,"path_per_floor":["M","?","?","M","M","E","M","E","T","M","R","E"],"character_chosen":"IRONCLAD","items_purchased":[],"campfire_rested":0,"item_purchase_floors":[],"current_hp_per_floor":[78,78,80,80,80,64,58,22,22,22,22,0,0],"gold":390,"neow_bonus":"THREE_ENEMY_KILL","is_daily":false,"chose_seed":false,"campfire_upgraded":1,"win_rate":0.0,"timestamp":1608163321,"path_taken":["M","?","?","?","?","E","M","E","T","M","R","E"],"items_purchased_type":[],"build_version":"2020-12-13","purchased_purges":0,"victory":false,"max_hp_per_floor":[80,80,80,80,80,82,82,84,84,84,84,84,84],"card_choices":[{"not_picked":[],"picked":"Bomb","floor":0},{"not_picked":["Uppercut","Body Slam"],"picked":"Pommel Strike","floor":1},{"not_picked":["ReplayReversal","Life Link"],"picked":"Burning Pact","floor":3},{"not_picked":["Perfected Strike","Wild Strike","Headbutt"],"picked":"SKIP","floor":4},{"not_picked":["Burning Pact","Pommel Strike","Entrench"],"picked":"SKIP","floor":5},{"not_picked":["Replay:Undeath\u0027s Touch","Warcry"],"picked":"Brutality","floor":6},{"not_picked":["True Grit","Intimidate","Sword Boomerang"],"picked":"SKIP","floor":7},{"not_picked":["Havoc","Run Through"],"picked":"Juggernaut","floor":8},{"not_picked":["Whirlwind","ReplayTheSpireMod:Strike From Hell","Warcry"],"picked":"SKIP","floor":10}],"player_experience":477901,"relics_obtained":[{"floor":3,"key":"conspire:Flyswatter"},{"floor":3,"key":"MawBank"},{"floor":6,"key":"vexMod:CardConverter"},{"floor":8,"key":"Tiny Chest"},{"floor":9,"key":"Replay:WaspNest"}],"event_choices":[{"damage_healed":0,"gold_gain":0,"player_choice":"Swap Relic","damage_taken":0,"relics_obtained":["NeowsBlessing"],"max_hp_gain":0,"max_hp_loss":0,"event_name":"给自己的盒子","floor":2,"relics_lost":["NeowsBlessing"],"gold_loss":0},{"damage_healed":0,"gold_gain":0,"player_choice":"Fight","damage_taken":0,"max_hp_gain":0,"max_hp_loss":0,"event_name":"HidenRoomEvent","floor":3,"gold_loss":0}],"is_beta":false,"boss_relics":[],"items_purged_floors":[],"is_endless":false,"potions_floor_spawned":[4,5,6,8],"killed_by":"Lagavulin","ascension_level":11}}