{"host":"nnw06giuvlwk603n","time":1608222111,"event":{"mods":["Act Like it!","Aspiration","BaseMod","Better Altar","Better Match","Better Note","Better Sensory Stone","Better Skull","Better Third Choice","Better Vampires","BetterRewards","Dio Mod","Downfall","Elementarium","GifTheSpireLib","Hermit","Hubris","Infinite Spire","Ironclad Rager","Marisa????????","Minty Spire (QoL Compilation)","Rare Cards Sparkle","Replay The Spire","Robot Space Explorer","Spicy Shops","StSLib","Stuff the Spire","The Cursed","The Edgeheg"],"gold_per_floor":[99,99,21,21,21,121,166,16,44,44,59,74,13,0,18,18,18],"floor_reached":16,"playtime":745,"items_purged":[],"score":96,"play_id":"9f143040-2ef2-4e29-9c8b-1308c65e5daf","local_time":"20201217112151","is_ascension_mode":false,"campfire_choices":[{"floor":1.0,"key":"DIG"},{"floor":4.0,"key":"RECALL"},{"floor":8.0,"key":"REST"},{"floor":10.0,"key":"REST"}],"circlet_count":0,"master_deck":["champ:Strike","champ:Strike","champ:Strike","champ:Strike","champ:Defend","champ:Defend","champ:Defend","champ:Defend","champ:Execute","champ:Taunt","champ:StanceDance","champ:CrookedStrike","champ:Encircle","champ:BringItOn","champ:PerfectForm","champ:GladiatorsShout","champ:Haymaker","champ:PreciseThrust","champ:FanOfKnives","champ:FanOfKnives","champ:HoldFirm","champ:FlashCut"],"relics":["champ:ChampionCrown","downfall:HeartsMalice","infinitespire:Beetle Shell","Dream Catcher","downfall:GremlinWheel","downfall:HeartBlessingRed","downfall:HeartBlessingBlue"],"acts_visited":["Exordium"],"potions_floor_usage":[],"damage_taken":[{"damage":0.0,"enemies":"Cultist","floor":2.0,"turns":1.0},{"damage":0.0,"enemies":"downfall:FleeingMerchant","floor":3.0,"turns":1.0},{"damage":0.0,"enemies":"2 Louse","floor":5.0,"turns":1.0},{"damage":62.0,"enemies":"2 Louse","floor":6.0,"turns":6.0},{"damage":53.0,"enemies":"Gremlin Nob","floor":9.0,"turns":4.0},{"damage":19.0,"enemies":"infinitespire:Voidling","floor":11.0,"turns":5.0},{"damage":32.0,"enemies":"Lots of Slimes","floor":12.0,"turns":5.0},{"damage":12.0,"enemies":"downfall:FleeingMerchant","floor":13.0,"turns":4.0},{"damage":19,"enemies":"downfall:FleeingMerchant","floor":14,"turns":4},{"damage":11,"enemies":"3 Louse","floor":15,"turns":3},{"damage":21,"enemies":"downfall:Defect","floor":16,"turns":3}],"seed_played":"-3726344899112735109","potions_obtained":[{"floor":9.0,"key":"Block Potion"},{"floor":11.0,"key":"Venom Potion"},{"floor":12.0,"key":"Regen Potion"},{"floor":15,"key":"Energy Potion"}],"is_trial":false,"path_per_floor":["R","M","$","R","M","?","T","R","E","R","M","M","$","$","M","B"],"character_chosen":"THE_CHAMP","items_purchased":["Dream Catcher","champ:FanOfKnives"],"campfire_rested":2,"item_purchase_floors":[3,13],"current_hp_per_floor":[90,90,90,90,90,39,39,79,35,65,65,35,44,29,21,0,0],"gold":18,"neow_bonus":"THREE_ENEMY_KILL","is_daily":false,"chose_seed":false,"campfire_upgraded":0,"win_rate":0.0,"timestamp":1608222111,"path_taken":["R","M","$","R","?","?","T","R","E","R","M","?","?","$","M","BOSS"],"items_purchased_type":["Relic","Card"],"build_version":"2020-12-13","purchased_purges":0,"victory":false,"max_hp_per_floor":[90,90,90,90,90,90,90,100,100,100,100,100,100,100,100,100,100],"card_choices":[{"not_picked":["champ:ShieldWall","champ:Backstep"],"picked":"champ:StanceDance","floor":2.0},{"not_picked":["champ:GladiatorStyle","champ:Shatter"],"picked":"champ:CrookedStrike","floor":3.0},{"not_picked":["champ:FanOfKnives","champ:CrookedStrike"],"picked":"champ:Encircle","floor":5.0},{"not_picked":["champ:Shatter","champ:RapidStrikes"],"picked":"champ:BringItOn","floor":8.0},{"not_picked":["champ:PerfectedStrike","champ:HeartStrike"],"picked":"champ:PerfectForm","floor":9.0},{"not_picked":["champ:Encircle","champ:CalledShot"],"picked":"champ:GladiatorsShout","floor":10.0},{"not_picked":["champ:ShieldWall","champ:PerfectForm"],"picked":"champ:Haymaker","floor":11.0},{"not_picked":["champ:Backstep","champ:Haymaker"],"picked":"champ:PreciseThrust","floor":12.0},{"not_picked":["champ:HeartStrike","champ:RisingSlash"],"picked":"champ:FanOfKnives","floor":13.0},{"not_picked":["champ:StanceDance","champ:DeathBlow"],"picked":"champ:HoldFirm","floor":14},{"not_picked":["champ:SkillfulDodge","champ:ArenaPreparation"],"picked":"champ:FlashCut","floor":15}],"player_experience":1287216,"relics_obtained":[{"floor":1.0,"key":"infinitespire:Beetle Shell"},{"floor":6.0,"key":"downfall:GremlinWheel"}],"event_choices":[],"is_beta":false,"boss_relics":[],"items_purged_floors":[],"is_endless":false,"potions_floor_spawned":[9,11,12,15],"killed_by":"downfall:Defect","ascension_level":0}}