{"host":"wg33yb1rgt3nbe17","time":1608189076,"event":{"mods":["AchievementEnabler","BaseMod","Block Reminder","Colored Map","Highlight Path","Minty Spire (QoL Compilation)","Permanent Neow","StSLib"],"gold_per_floor":[115,40,57,3,21,21,56,56,56,77,104,147,147,166,166,248,248,271,291,300,327,351,351,391,391,400,190,222,267,267,192,192,280,280,315,352,103,166,166,166],"floor_reached":39,"playtime":1599,"items_purged":["Injury","Strike_R","Bash"],"score":765,"play_id":"ed742b7e-b0ba-4662-b2e3-4cf2dfa0efcb","local_time":"20201217021116","is_ascension_mode":true,"campfire_choices":[{"data":"Feed","floor":6.0,"key":"SMITH"},{"data":"Pommel Strike","floor":13.0,"key":"SMITH"},{"data":"Juggernaut","floor":15.0,"key":"SMITH"},{"floor":23.0,"key":"REST"},{"data":"True Grit","floor":25,"key":"SMITH"},{"data":"Barricade","floor":30,"key":"SMITH"},{"data":"Body Slam","floor":32,"key":"SMITH"}],"circlet_count":0,"master_deck":["AscendersBane","Defend_R","Defend_R","Feed+1","Fire Breathing","Headbutt","Twin Strike","Ghostly Armor","Pommel Strike+1","Power Through","Twin Strike","Juggernaut+1","Shrug It Off","Barricade+1","Body Slam+1","Flame Barrier","Seeing Red","Shockwave","True Grit+1","Doubt","Sentinel","Body Slam","Bite","Bite","Bite","Bite","Bite","Fiend Fire","Dark Embrace","Armaments+1","Entrench+1","Clothesline","Battle Trance","Entrench"],"relics":["Burning Blood","Blue Candle","CeramicFish","Matryoshka","Cursed Key","InkBottle","Prayer Wheel","Dream Catcher","Whetstone","Mark of Pain","Calipers"],"acts_visited":["Exordium","TheCity","TheBeyond"],"potions_floor_usage":[24,28,33,36],"damage_taken":[{"damage":11.0,"enemies":"Cultist","floor":1.0,"turns":4.0},{"damage":18.0,"enemies":"Jaw Worm","floor":3.0,"turns":4.0},{"damage":15.0,"enemies":"2 Louse","floor":5.0,"turns":3.0},{"damage":37.0,"enemies":"Gremlin Nob","floor":7.0,"turns":5.0},{"damage":1.0,"enemies":"Looter","floor":10.0,"turns":2.0},{"damage":0.0,"enemies":"2 Fungi Beasts","floor":11.0,"turns":4.0},{"damage":20.0,"enemies":"3 Sentries","floor":12.0,"turns":3.0},{"damage":4.0,"enemies":"3 Louse","floor":14.0,"turns":3.0},{"damage":41.0,"enemies":"The Guardian","floor":16.0,"turns":12.0},{"damage":13.0,"enemies":"Shell Parasite","floor":18.0,"turns":6.0},{"damage":4.0,"enemies":"3 Byrds","floor":19.0,"turns":6.0},{"damage":43.0,"enemies":"Cultist and Chosen","floor":21.0,"turns":7.0},{"damage":34.0,"enemies":"Centurion and Healer","floor":22.0,"turns":7.0},{"damage":22,"enemies":"Slavers","floor":24,"turns":8},{"damage":4,"enemies":"Snecko","floor":28,"turns":5},{"damage":39,"enemies":"Champ","floor":33,"turns":17},{"damage":0,"enemies":"Orb Walker","floor":35,"turns":3},{"damage":47,"enemies":"3 Darklings","floor":36,"turns":7},{"damage":42,"enemies":"2 Orb Walkers","floor":38,"turns":6},{"damage":22,"enemies":"Jaw Worm Horde","floor":39,"turns":1}],"seed_played":"4769197362772016304","potions_obtained":[{"floor":3.0,"key":"SpeedPotion"},{"floor":7.0,"key":"Swift Potion"},{"floor":11.0,"key":"ColorlessPotion"},{"floor":12.0,"key":"BlessingOfTheForge"},{"floor":18.0,"key":"DuplicationPotion"},{"floor":19.0,"key":"FearPotion"},{"floor":22.0,"key":"DuplicationPotion"},{"floor":35,"key":"SkillPotion"},{"floor":36,"key":"Strength Potion"}],"is_trial":false,"path_per_floor":["M","$","M","$","M","R","E","?","T","M","M","E","R","M","R","B",null,"M","M","?","M","M","R","E","R","T","$","M","?","R","?","R","B",null,"M","M","$","?","M"],"character_chosen":"IRONCLAD","items_purchased":["BloodPotion","AttackPotion","Energy Potion","Battle Trance","Strength Potion"],"campfire_rested":1,"item_purchase_floors":[4,27,27,37,37],"current_hp_per_floor":[66,66,57,57,51,51,24,24,24,33,57,43,43,49,49,14,76,73,75,75,42,18,50,34,34,34,34,40,40,40,40,40,35,67,78,45,45,16,0,0],"gold":166,"neow_bonus":"TRANSFORM_TWO_CARDS","is_daily":false,"chose_seed":false,"campfire_upgraded":6,"win_rate":0.0,"timestamp":1608189076,"path_taken":["M","$","M","$","?","R","E","?","T","M","M","E","R","M","R","BOSS","M","M","?","M","M","R","E","R","T","$","M","?","R","?","R","BOSS","M","M","$","?","M"],"items_purchased_type":["Potion","Potion","Potion","Card","Potion"],"build_version":"2020-12-13","purchased_purges":3,"victory":false,"max_hp_per_floor":[78,78,81,81,84,84,88,88,88,92,92,92,92,96,96,96,96,100,100,100,104,108,108,108,108,108,108,112,78,78,78,78,78,78,78,78,78,78,78,78],"card_choices":[{"not_picked":["Warcry","Havoc"],"picked":"Headbutt","floor":1.0},{"not_picked":["Flame Barrier","Armaments"],"picked":"Twin Strike","floor":3.0},{"not_picked":["Pummel","Warcry"],"picked":"Ghostly Armor","floor":5.0},{"not_picked":["Feel No Pain","Juggernaut"],"picked":"Pommel Strike","floor":7.0},{"not_picked":["Pommel Strike","Sword Boomerang"],"picked":"Power Through","floor":10.0},{"not_picked":["Thunderclap","Clash"],"picked":"Twin Strike","floor":11.0},{"not_picked":["Sword Boomerang","Entrench"],"picked":"Juggernaut","floor":12.0},{"not_picked":["Flex","Wild Strike"],"picked":"Shrug It Off","floor":14.0},{"not_picked":["Brutality","Bludgeon"],"picked":"Barricade","floor":16.0},{"not_picked":["Pommel Strike","Thunderclap"],"picked":"Body Slam","floor":18.0},{"not_picked":["Clash+1","Iron Wave"],"picked":"Flame Barrier","floor":19.0},{"not_picked":["Cleave","Warcry"],"picked":"Seeing Red","floor":21.0},{"not_picked":["Pommel Strike","Warcry"],"picked":"Shockwave","floor":22.0},{"not_picked":["Sever Soul","Searing Blow"],"picked":"True Grit","floor":24},{"not_picked":["Reckless Charge","Pommel Strike"],"picked":"Sentinel","floor":28},{"not_picked":["Brutality","Entrench"],"picked":"Body Slam","floor":28},{"not_picked":["Barricade","Double Tap"],"picked":"Fiend Fire","floor":33},{"not_picked":["Uppercut","Flex+1"],"picked":"Dark Embrace","floor":35},{"not_picked":["Anger","Havoc"],"picked":"Armaments+1","floor":35},{"not_picked":["Feel No Pain","Dark Embrace"],"picked":"Entrench+1","floor":36},{"not_picked":["Perfected Strike+1","Carnage"],"picked":"Clothesline","floor":36},{"not_picked":["Pummel","Flex"],"picked":"Entrench","floor":38}],"player_experience":506839,"relics_obtained":[{"floor":7.0,"key":"Blue Candle"},{"floor":9.0,"key":"CeramicFish"},{"floor":12.0,"key":"Matryoshka"},{"floor":24,"key":"Prayer Wheel"},{"floor":26,"key":"Dream Catcher"},{"floor":26,"key":"Whetstone"},{"floor":38,"key":"Calipers"}],"event_choices":[{"damage_healed":0.0,"max_hp_gain":0.0,"max_hp_loss":0.0,"gold_gain":0.0,"event_name":"Shining Light","player_choice":"Ignored","floor":8.0,"gold_loss":0.0,"damage_taken":0.0},{"damage_healed":0.0,"max_hp_gain":0.0,"max_hp_loss":0.0,"gold_gain":0.0,"event_name":"The Mausoleum","player_choice":"Opened","floor":20.0,"gold_loss":0.0,"damage_taken":0.0,"relics_obtained":["InkBottle"],"cards_obtained":["Writhe"]},{"damage_healed":0,"gold_gain":0,"player_choice":"Became a vampire","damage_taken":0,"max_hp_gain":0,"max_hp_loss":34,"event_name":"Vampires","floor":29,"gold_loss":0,"cards_obtained":["Bite","Bite","Bite","Bite","Bite"]},{"cards_removed":["Writhe"],"damage_healed":0,"gold_gain":0,"player_choice":"Gave Gold","damage_taken":0,"max_hp_gain":0,"max_hp_loss":0,"event_name":"Beggar","floor":31,"gold_loss":75},{"damage_healed":0,"gold_gain":0,"player_choice":"Fight","damage_taken":0,"max_hp_gain":0,"max_hp_loss":0,"event_name":"Mysterious Sphere","floor":38,"gold_loss":0}],"is_beta":false,"boss_relics":[{"not_picked":["Busted Crown","Tiny House"],"picked":"Cursed Key"},{"not_picked":["SlaversCollar","Empty Cage"],"picked":"Mark of Pain"}],"items_purged_floors":[2,27,37],"is_endless":false,"potions_floor_spawned":[3,5,7,11,12,18,19,22,35,36],"killed_by":"Jaw Worm Horde","ascension_level":16}}