{"host":"yuqw1qbhv58x22od","time":1608241939,"event":{"mods":["BaseMod","Infinite Spire","Minty Spire (QoL Compilation)","Replay The Spire","StSLib","The Servant 0.9.4"],"gold_per_floor":[118,138,154,154,47,80,80,96,121,138,154,169,186,186,186,186,186,298,298,342,399,436,31,62,62,107,26,26,53,75,111,112,112],"floor_reached":32,"playtime":2541,"items_purged":["Unruled+1"],"score":270,"play_id":"8334fe7d-6712-4068-8bc6-6a392129d1d4","local_time":"20201217195219","is_ascension_mode":false,"campfire_choices":[{"data":"Spin","floor":7,"key":"SMITH"},{"floor":25,"key":"REST"}],"circlet_count":0,"master_deck":["Strike_S","Defend_S","Defend_S","Defend_S","Defend_S","KidneyShot","Exchange","Spin+1","SilverBlades+1","Ricochet","Advance+1","InstantArmor","Contraction","Read","SilverBlades","Snipe","Starlight","BottledTime","KillingDoll","Spin+1","Dilation+1","GearUp","SilverBlades","Manipulate","Panache","Moondial","FanOfKnives","Spin","Luminosity+1","Luminosity","Moondial","Rearm","Duplication"],"relics":["Uniform","NeowsBlessing","Replay:Baseball","PreservedInsect","Replay:Bandana","Astrolabe","Counterbalance","Sundial"],"acts_visited":["Exordium","TheCity"],"potions_floor_usage":[18,18,20,24,24,31,32],"damage_taken":[{"damage":0,"enemies":"Cultist","floor":1,"turns":1},{"damage":0,"enemies":"2 Louse","floor":2,"turns":1},{"damage":0,"enemies":"Jaw Worm","floor":3,"turns":1},{"damage":21,"enemies":"Gremlin Nob","floor":6,"turns":4},{"damage":4,"enemies":"Lots of Slimes","floor":8,"turns":2},{"damage":1,"enemies":"Large Slime","floor":10,"turns":4},{"damage":0,"enemies":"Exordium Wildlife","floor":11,"turns":2},{"damage":2,"enemies":"Blue Slaver","floor":12,"turns":3},{"damage":0,"enemies":"2 Fungi Beasts","floor":13,"turns":2},{"damage":5,"enemies":"Hexaghost","floor":18,"turns":8},{"damage":18,"enemies":"2 Thieves","floor":20,"turns":4},{"damage":0,"enemies":"3 Byrds","floor":21,"turns":4},{"damage":4,"enemies":"Cultist and Chosen","floor":22,"turns":4},{"damage":10,"enemies":"Shelled Parasite and Fungi","floor":24,"turns":5},{"damage":16,"enemies":"Replay:Snechameleon","floor":26,"turns":5},{"damage":14,"enemies":"Centurion and Healer","floor":29,"turns":7},{"damage":17,"enemies":"Snake Plant","floor":30,"turns":5},{"damage":9,"enemies":"Snecko","floor":31,"turns":4},{"damage":4,"enemies":"Shelled Parasite and Fungi","floor":32,"turns":1}],"seed_played":"-4877771011915448011","potions_obtained":[{"floor":1,"key":"GamblersBrew"},{"floor":8,"key":"SpeedPotion"},{"floor":10,"key":"LiquidBronze"},{"floor":13,"key":"ColorlessPotion"},{"floor":18,"key":"Regen Potion"},{"floor":20,"key":"SkillPotion"},{"floor":22,"key":"Block Potion"},{"floor":29,"key":"Fire Potion"},{"floor":31,"key":"Explosive Potion"}],"is_trial":false,"path_per_floor":["M","M","M","?","$","E","R","M","T","M","M","M","M","?","PTL","PTL","R","B",null,"M","M","M","$","M","R","E","$","T","M","M","M","M"],"character_chosen":"THE_SERVANT","items_purchased":["Advance+1","ShatteredReality","Panache","Moondial","FanOfKnives","Luminosity"],"campfire_rested":1,"item_purchase_floors":[5,5,23,23,23,27],"current_hp_per_floor":[65,65,65,65,65,44,44,40,40,39,39,37,37,37,37,37,37,32,65,52,52,48,48,38,57,41,41,41,27,10,1,0,0],"gold":112,"neow_bonus":"THREE_ENEMY_KILL","is_daily":false,"chose_seed":false,"campfire_upgraded":1,"win_rate":0.0,"timestamp":1608241939,"path_taken":["M","?","M","?","$","E","R","M","T","M","?","M","M","?","PTL","PTL","R","BOSS","M","M","?","$","M","R","E","$","T","M","M","M","M"],"items_purchased_type":["Card","Card","Card","Card","Card","Card"],"build_version":"2020-12-13","purchased_purges":1,"victory":false,"max_hp_per_floor":[65,65,65,65,65,65,65,65,65,65,65,65,65,65,65,65,65,65,65,65,65,65,65,65,65,65,65,65,65,65,65,65,65],"card_choices":[{"not_picked":["Gouge","DoubleEdge"],"picked":"Spin","floor":1},{"not_picked":["Spin","Snipe"],"picked":"SilverBlades","floor":2},{"not_picked":["FloweringNight","FastForward"],"picked":"Ricochet","floor":3},{"not_picked":["StarChef","Rewind"],"picked":"InstantArmor","floor":6},{"not_picked":["Moonlight","Alleviate"],"picked":"Contraction","floor":8},{"not_picked":["FanOfKnives","Foresight"],"picked":"Read","floor":10},{"not_picked":["Defy","Read"],"picked":"SilverBlades","floor":11},{"not_picked":["DoubleEdge","Collapse"],"picked":"Snipe","floor":12},{"not_picked":["Shuttle","FastForward"],"picked":"Starlight","floor":13},{"not_picked":["FlawlessForm","Initiator"],"picked":"KillingDoll","floor":18},{"not_picked":["Defy","DualDimension"],"picked":"GearUp","floor":20},{"not_picked":["ShatteredReality","DoubleEdge"],"picked":"SilverBlades","floor":21},{"not_picked":["ShatteredReality","Replace"],"picked":"Manipulate","floor":22},{"not_picked":["Alleviate","FastForward+1"],"picked":"Spin","floor":24},{"not_picked":["Collapse","Alleviate+1"],"picked":"Luminosity+1","floor":26},{"not_picked":["Misdirection","Potential"],"picked":"Moondial","floor":29},{"not_picked":["Replace","Unruled"],"picked":"Rearm","floor":30},{"not_picked":["Reset","ShatteredReality"],"picked":"Duplication","floor":31}],"player_experience":147629,"relics_obtained":[{"floor":6,"key":"Replay:Baseball"},{"floor":9,"key":"PreservedInsect"},{"floor":26,"key":"Counterbalance"},{"floor":28,"key":"Sundial"}],"event_choices":[{"damage_healed":0,"gold_gain":0,"player_choice":"Upgraded","damage_taken":0,"max_hp_gain":0,"max_hp_loss":0,"event_name":"Upgrade Shrine","floor":4,"gold_loss":0,"cards_upgraded":["SilverBlades"]},{"damage_healed":0,"gold_gain":0,"player_choice":"Gave Potion","damage_taken":0,"relics_obtained":["Replay:Bandana"],"max_hp_gain":0,"max_hp_loss":0,"event_name":"WeMeetAgain","floor":14,"gold_loss":0}],"is_beta":false,"boss_relics":[{"not_picked":["Fusion Hammer","Ring of Chaos"],"picked":"Astrolabe"}],"items_purged_floors":[23],"is_endless":false,"potions_floor_spawned":[1,8,10,13,18,20,22,29,31],"killed_by":"Shelled Parasite and Fungi","ascension_level":0}}