{"host":"l8lm1goh5xm9tkuw","time":1608192430,"event":{"mods":["Act Like it!","Alarm Clock","Astrologer","BaseMod","Colored Map","Colored Powertips","GungeonMod","Hermit","KinomotoSakuraMod(Ä¾Ö®±¾Ó£)","KomeijiMod","Library of Ruina","Library of Ruina Extra","Lobotomy","LobotomyExtend","Marisa£¨ìFÓê¡¡Ä§ÀíÉ³£©","Minty Spire (QoL Compilation)","MostiFishMod","Quick Restart","Replay The Spire","Shade Mod","StSLib","TestMod","The Animator","The Bug Knight","The Hierophant","UnlockEverythingMod","vexMod","¡¾ÒÅÎï¿¨ÅÆ¡¿REMEMod"],"gold_per_floor":[119,131,148,166,178,204,218,237,264,289,301,332,332,358,358,461,461,493,493,893,909,959,959,1002,1026,1051,1094,1116,1163,1193,1243,1243,1328,1328,1356,1356,741,764,809,875,875,917,987,1010,1010,1010,1010,1051,1051,1071,1071,1071,1071,1071,1113,1127],"floor_reached":57,"playtime":2560,"items_purged":["Clumsy"],"score":2899,"play_id":"e9590f41-b066-431b-8b6b-8ef35d34e82b","local_time":"20201217160710","is_ascension_mode":true,"campfire_choices":[{"data":"Charge","floor":13.0,"key":"SMITH"},{"data":"FocusSpirit","floor":15.0,"key":"SMITH"},{"data":"LevelSlash","floor":23.0,"key":"SMITH"},{"floor":32.0,"key":"REST"},{"data":"UpstandingSlash","floor":41,"key":"SMITH"},{"floor":45,"key":"RECALL"},{"floor":47,"key":"REST"},{"floor":49,"key":"REST"},{"floor":53,"key":"REST"}],"circlet_count":0,"master_deck":["AscendersBane","Spear_LOR+1","LevelSlash+1","FocusSpirit+1","Charge+1"],"relics":["PageOfLibrarian","testmod-TestBox","REME_ComplimentaryCards","Question Card","LetterFromLob","Blue Doll","Smiling Mask","Replay:Bandana","ImportantClient","Replay:Grab Bag","Sozu","vexMod:DeviousBotling","Black Star","Kintsugi","Nilry\u0027s Codex","Ancient Tea Set","Replay:Ringing Soul","Bag of Preparation","Replay:WaspNest","Replay:Bottled Eggs","PageOfGreed","HaiYi:Twilight","DemoMod:PinkGuonStone","ReplayTheSpireMod:Shallot","ChiLing","Chi","Ling","PageOfTheQueenOfHatred","Gremlin Food","PageOfTheKnightOfDespair","testmod-IndustrialRevolution","PageOfWrath","PageOfNihil","Replay:Kaleidoscope","Bronze Scales"],"acts_visited":["Exordium","TheCity","TheBeyond","TheEnding"],"potions_floor_usage":[44],"damage_taken":[{"damage":0.0,"enemies":"Cultist","floor":1.0,"turns":1.0},{"damage":0.0,"enemies":"Jaw Worm","floor":2.0,"turns":2.0},{"damage":0.0,"enemies":"Small Slimes","floor":3.0,"turns":2.0},{"damage":0.0,"enemies":"Red Slaver","floor":4.0,"turns":1.0},{"damage":0.0,"enemies":"Blue Slaver","floor":5.0,"turns":2.0},{"damage":0.0,"enemies":"Gremlin Nob","floor":6.0,"turns":2.0},{"damage":0.0,"enemies":"2 Fungi Beasts","floor":7.0,"turns":1.0},{"damage":0.0,"enemies":"Red Slaver","floor":8.0,"turns":1.0},{"damage":0.0,"enemies":"Lagavulin","floor":10.0,"turns":3.0},{"damage":0.0,"enemies":"3 Louse","floor":11.0,"turns":1.0},{"damage":0.0,"enemies":"Gremlin Nob","floor":12.0,"turns":2.0},{"damage":0.0,"enemies":"Blue Slaver","floor":14.0,"turns":1.0},{"damage":0.0,"enemies":"Slime Boss","floor":16.0,"turns":3.0},{"damage":0.0,"enemies":"2 Thieves","floor":18.0,"turns":3.0},{"damage":0.0,"enemies":"Spheric Guardian","floor":21.0,"turns":2.0},{"damage":0.0,"enemies":"Gremlin Leader","floor":24.0,"turns":3.0},{"damage":0.0,"enemies":"Snecko","floor":25.0,"turns":2.0},{"damage":7.0,"enemies":"Slavers","floor":27.0,"turns":5.0},{"damage":8.0,"enemies":"Centurion and Healer","floor":28.0,"turns":3.0},{"damage":26.0,"enemies":"Book of Stabbing","floor":29.0,"turns":4.0},{"damage":0.0,"enemies":"3 Cultists","floor":30.0,"turns":3.0},{"damage":3,"enemies":"KingOfGreed","floor":33,"turns":10},{"damage":7,"enemies":"3 Shapes","floor":35,"turns":2},{"damage":3,"enemies":"3 Darklings","floor":38,"turns":1},{"damage":3,"enemies":"Maw","floor":39,"turns":3},{"damage":24,"enemies":"R_Hoarder","floor":40,"turns":3},{"damage":3,"enemies":"Reptomancer","floor":42,"turns":2},{"damage":27,"enemies":"Giant Head","floor":44,"turns":6},{"damage":3,"enemies":"Transient","floor":48,"turns":6},{"damage":3,"enemies":"Donu and Deca","floor":50,"turns":4},{"damage":5,"enemies":"Shield and Spear","floor":55,"turns":2},{"damage":44,"enemies":"The Heart","floor":56,"turns":6}],"seed_played":"-1012088712145078649","potions_obtained":[{"floor":3.0,"key":"FearPotion"},{"floor":4.0,"key":"Ancient Potion"}],"is_trial":false,"path_per_floor":["M","M","M","M","M","E","M","M","T","E","M","E","R","M","R","B",null,"M","?","?","M","?","R","E","M","T","E","M","E","M","?","R","B",null,"M","?","$","M","M","E","R","E","T","E","R","?","R","M","R","B",null,null,"R","$","E","B",null],"character_chosen":"Librarian","items_purchased":["DemoMod:PinkGuonStone","ReplayTheSpireMod:Shallot","ChiLing"],"campfire_rested":4,"item_purchase_floors":[37,37,37],"current_hp_per_floor":[54,54,54,54,54,54,54,54,54,54,54,54,54,54,54,54,83,83,62,62,62,62,62,62,62,62,55,47,21,21,21,48,45,80,73,73,80,77,74,54,54,52,52,30,30,30,59,71,99,99,99,99,99,99,97,64],"gold":1127,"neow_bonus":"","is_daily":false,"chose_seed":false,"campfire_upgraded":4,"win_rate":0.0,"timestamp":1608192430,"path_taken":["M","M","M","M","M","E","M","?","T","E","M","E","R","M","R","BOSS","M","?","?","?","?","R","E","M","T","E","M","E","?","?","R","BOSS","M","?","$","M","M","E","R","E","T","E","R","?","R","M","R","BOSS","R","$","E","BOSS"],"items_purchased_type":["Relic","Relic","Relic"],"build_version":"2020-12-13","purchased_purges":1,"victory":true,"max_hp_per_floor":[92,92,92,92,92,92,92,92,92,92,92,92,92,92,92,92,92,92,92,92,92,92,92,92,92,92,92,92,92,92,92,92,92,92,92,92,99,99,99,99,99,99,99,99,99,99,99,99,99,99,99,99,99,99,99,99],"card_choices":[{"not_picked":["Rewind","Creak","DirtyBlow","EnergyCycle"],"picked":"SKIP","floor":1.0},{"not_picked":["Rewind","YouOnlyLiveOnce","HighKick","SmokingPipe","StayCalm"],"picked":"SKIP","floor":2.0},{"not_picked":["BackAttack","GuidanceOfTheGears","SunsetBlade","RatsGuideToSurvival","AsThePrescriptOrders"],"picked":"SKIP","floor":3.0},{"not_picked":["SharpSwipe","Standoff","AsThePrescriptOrders","SparkingSpear","SmokingPipe"],"picked":"SKIP","floor":4.0},{"not_picked":["SpearedSweep","WaitUp","SunsetBlade","Gamble","Rewind"],"picked":"SKIP","floor":5.0},{"not_picked":["TraceOfFumes","DarkCloud","HighKick","EndlessBattle","Faith"],"picked":"SKIP","floor":6.0},{"not_picked":["HiddenBlade","FierceOnslaught","EnergyShield","DaringDecision","EnergyCycle"],"picked":"SKIP","floor":7.0},{"not_picked":["DarkCloud","Overcharge","HiddenBlade","UncannyStrike","GuidanceOfTheGears"],"picked":"SKIP","floor":8.0},{"not_picked":["DarkCloud","FierceOnslaught","EndlessBattle","Faith","ChargeUp"],"picked":"SKIP","floor":10.0},{"not_picked":["AsThePrescriptOrders","Standoff","Outburst","DevastatingThrash","DarkCloud"],"picked":"SKIP","floor":11.0},{"not_picked":["SharpSwipe","Diversion","AGoldenOpportunity","Endure","SenseQuarry"],"picked":"SKIP","floor":12.0},{"not_picked":["SunsetBlade","SharpSwipe","ReadyUp","HighSpeedStabbing","Diversion"],"picked":"SKIP","floor":14.0},{"not_picked":["AlloutWar","FrontalAssault","HardRehearsal","Faith","Diversion"],"picked":"SKIP","floor":18.0},{"not_picked":["EndlessBattle","TendonChords","DarkCloud","FleetFootsteps","Diversion+1"],"picked":"SKIP","floor":21.0},{"not_picked":["SunsetBlade","FierceCharge","Diversion","FormingStorm","KeepItFresh"],"picked":"SKIP","floor":24.0},{"not_picked":["DesperateStruggle","BackAttack","ChopItOff","SilentMist","Outburst"],"picked":"SKIP","floor":25.0},{"not_picked":["Cruelty","FlashingStrike","PreparedMind","NightInTheBackstreets","FierceCharge"],"picked":"SKIP","floor":27.0},{"not_picked":["GaleKick","Diversion","SearingSword","Eject","BladeWhirl"],"picked":"SKIP","floor":28.0},{"not_picked":["Faith","BackAttack","Outburst","Execute_lor","AGoldenOpportunity"],"picked":"SKIP","floor":29.0},{"not_picked":["UpbeatPerformance","Tttonst","TendonChords","Outburst","FrontalAssault"],"picked":"SKIP","floor":30.0},{"not_picked":["DarkCloud","FierceCharge","Diversion","BoundaryOfDeath","DesperateStruggle+1"],"picked":"SKIP","floor":35},{"not_picked":["SunsetBlade","DarkCloud","ICanCookAnything","Diversion+1","FlashOfSunup"],"picked":"SKIP","floor":38},{"not_picked":["Diversion","Retaliate+1","SharpSwipe","FleetEdge","BackAttack"],"picked":"SKIP","floor":39},{"not_picked":["NightInTheBackstreets","BoundaryOfDeath","TendonChords","SetFire","DesperateStruggle+1"],"picked":"SKIP","floor":40},{"not_picked":["LawAndOrder","ReadyUp","Standoff","Execute_lor","DesperateStruggle"],"picked":"SKIP","floor":42},{"not_picked":["Fence","Outburst","FlashingStrike","ExtractFuel","Tttonst"],"picked":"SKIP","floor":44},{"not_picked":["FierceCharge","DevastatingThrash","EnergyShield+1","HighKick","NightInTheBackstreets"],"picked":"SKIP","floor":48},{"not_picked":["AlloutWar","FierceCharge","DarkCloud","ExtractFuel","PreparedMind"],"picked":"SKIP","floor":55}],"player_experience":328839,"relics_obtained":[{"floor":1.0,"key":"Question Card"},{"floor":1.0,"key":"LetterFromLob"},{"floor":6.0,"key":"Blue Doll"},{"floor":10.0,"key":"Smiling Mask"},{"floor":12.0,"key":"Replay:Bandana"},{"floor":16.0,"key":"ImportantClient"},{"floor":19.0,"key":"Nilry\u0027s Codex"},{"floor":24.0,"key":"Ancient Tea Set"},{"floor":24.0,"key":"Replay:Ringing Soul"},{"floor":26.0,"key":"Bag of Preparation"},{"floor":27.0,"key":"Replay:WaspNest"},{"floor":29.0,"key":"Replay:Bottled Eggs"},{"floor":29.0,"key":"PageOfGreed"},{"floor":40,"key":"PageOfTheQueenOfHatred"},{"floor":40,"key":"Gremlin Food"},{"floor":42,"key":"PageOfTheKnightOfDespair"},{"floor":42,"key":"testmod-IndustrialRevolution"},{"floor":43,"key":"PageOfWrath"},{"floor":44,"key":"PageOfNihil"},{"floor":55,"key":"Replay:Kaleidoscope"},{"floor":55,"key":"Bronze Scales"}],"event_choices":[{"damage_healed":0.0,"max_hp_gain":0.0,"max_hp_loss":0.0,"gold_gain":0.0,"event_name":"Cursed Tome","player_choice":"Obtained Book","floor":19.0,"gold_loss":0.0,"damage_taken":21.0},{"damage_healed":0.0,"max_hp_gain":0.0,"max_hp_loss":0.0,"gold_gain":400.0,"event_name":"¶÷ÂåË¹µÄÅÌ×Ó","player_choice":"Sell","floor":20.0,"relics_lost":["DaveBox"],"gold_loss":0.0,"damage_taken":0.0},{"damage_healed":0.0,"max_hp_gain":0.0,"max_hp_loss":0.0,"gold_gain":100.0,"event_name":"The Joust","player_choice":"Bet on Murderer","floor":22.0,"gold_loss":50.0,"damage_taken":0.0},{"damage_healed":0.0,"max_hp_gain":0.0,"max_hp_loss":0.0,"gold_gain":50.0,"event_name":"Nest","player_choice":"Stole From Cult","floor":31.0,"gold_loss":0.0,"damage_taken":0.0},{"cards_removed":["UpstandingSlash"],"damage_healed":0,"gold_gain":0,"player_choice":"Purged","damage_taken":0,"max_hp_gain":0,"max_hp_loss":0,"event_name":"Purifier","floor":46,"gold_loss":0}],"is_beta":false,"boss_relics":[{"not_picked":["Ring of Chaos","GuanYuAspect"],"picked":"Replay:Grab Bag"},{"not_picked":["Cursed Key","vexMod:TanglingVine"],"picked":"Sozu"},{"not_picked":["vexMod:FluxCapacitor","vexMod:EndlessSickness"],"picked":"vexMod:DeviousBotling"},{"not_picked":["testmod-PortableAltar","Empty Cage"],"picked":"Black Star"},{"not_picked":["Honey Jar","testmod-DeterminationOfClimber"],"picked":"Kintsugi"},{"not_picked":["GreenFoldingFan","MoonlightInvasionPlan"],"picked":"HaiYi:Twilight"}],"items_purged_floors":[37],"is_endless":false,"potions_floor_spawned":[3,4,5,11,12,21,25,28,38,39,44,48],"ascension_level":18}}