{"host":"do5be0rrwzdbe7ng","time":1608173038,"event":{"mods":["AchievementEnabler","BaseMod","Colored Map","Colored Powertips","Custom Start","DeckTracker","Keyboard Shortcuts","Minty Spire (QoL Compilation)","Quick Restart","StSLib","SuperFastMode","everything is the same but u backflip on backflip"],"gold_per_floor":[16,30,30,105,105,105,121,121,145,145,145,157,82,100,100,100,100],"floor_reached":16,"playtime":306,"items_purged":["Strike_B"],"score":266,"play_id":"d3c863fe-0972-4e75-8a48-74a2f1a95f5c","local_time":"20201217114358","is_ascension_mode":true,"campfire_choices":[{"data":"Beam Cell","floor":6,"key":"SMITH"},{"data":"Go for the Eyes","floor":8,"key":"SMITH"},{"data":"Zap","floor":10,"key":"SMITH"},{"data":"Dualcast","floor":15,"key":"SMITH"}],"circlet_count":0,"master_deck":["AscendersBane","Strike_B","Defend_B","Defend_B","Defend_B","Defend_B","Zap+1","Dualcast+1","Beam Cell+1","Go for the Eyes+1","Blizzard","Turbo"],"relics":["Cracked Core","TungstenRod","CultistMask","Boot"],"acts_visited":["Exordium"],"potions_floor_usage":[],"damage_taken":[{"damage":6,"enemies":"Small Slimes","floor":1,"turns":3},{"damage":2,"enemies":"Jaw Worm","floor":2,"turns":3},{"damage":2,"enemies":"2 Louse","floor":7,"turns":3},{"damage":5,"enemies":"Exordium Thugs","floor":12,"turns":5},{"damage":6,"enemies":"Large Slime","floor":14,"turns":6},{"damage":0,"enemies":"The Guardian","floor":16,"turns":1}],"seed_played":"5595310142152344035","potions_obtained":[{"floor":2,"key":"Energy Potion"},{"floor":12,"key":"Block Potion"}],"is_trial":false,"path_per_floor":["M","M","?","?","?","R","M","R","T","R","?","M","$","M","R","B"],"character_chosen":"DEFECT","items_purchased":[],"campfire_rested":0,"item_purchase_floors":[],"current_hp_per_floor":[58,56,56,46,46,46,44,44,44,44,38,33,33,27,27,27,27],"gold":100,"neow_bonus":"ONE_RARE_RELIC","is_daily":false,"chose_seed":false,"campfire_upgraded":4,"win_rate":0.0,"timestamp":1608173038,"path_taken":["M","M","?","?","?","R","?","R","T","R","?","M","$","M","R","BOSS"],"items_purchased_type":[],"build_version":"2020-12-13","purchased_purges":1,"victory":false,"max_hp_per_floor":[71,71,71,71,71,71,71,71,71,71,71,71,71,71,71,71,71],"card_choices":[{"not_picked":["Force Field","Self Repair"],"picked":"Beam Cell","floor":1},{"not_picked":["Storm","Barrage"],"picked":"Go for the Eyes","floor":2},{"not_picked":["Static Discharge","Rebound","Barrage"],"picked":"SKIP","floor":7},{"not_picked":["Steam Power","Genetic Algorithm"],"picked":"Turbo","floor":12},{"not_picked":["Steam","Beam Cell","Go for the Eyes"],"picked":"SKIP","floor":14}],"player_experience":343743,"relics_obtained":[{"floor":9,"key":"Boot"}],"event_choices":[{"damage_healed":0,"gold_gain":0,"cards_transformed":["Strike_B"],"player_choice":"Change","damage_taken":0,"max_hp_gain":0,"max_hp_loss":0,"event_name":"Living Wall","floor":3,"gold_loss":0,"cards_obtained":["Blizzard"]},{"damage_healed":0,"gold_gain":75,"player_choice":"Gather Gold","damage_taken":11,"max_hp_gain":0,"max_hp_loss":0,"event_name":"World of Goop","floor":4,"gold_loss":0},{"damage_healed":0,"gold_gain":0,"player_choice":"Trade","damage_taken":0,"relics_obtained":["CultistMask"],"max_hp_gain":0,"max_hp_loss":0,"event_name":"FaceTrader","floor":5,"gold_loss":0},{"cards_removed":["Strike_B"],"damage_healed":0,"gold_gain":0,"player_choice":"Card Removal","damage_taken":7,"max_hp_gain":0,"max_hp_loss":0,"event_name":"Golden Wing","floor":11,"gold_loss":0}],"is_beta":false,"boss_relics":[],"items_purged_floors":[13],"is_endless":false,"potions_floor_spawned":[2,12],"killed_by":"The Guardian","ascension_level":18}}