{"host":"yvb207ks1sg3cxef","time":1608206701,"event":{"mods":["2.2 Compatiblity","BaseMod","Bestiary","Colored Powertips","Minty Spire (QoL Compilation)","Permanent Neow","Quick Restart","Relic Stats","StSLib"],"gold_per_floor":[16,30,49,49,49,49,64,108,108,108,149,149,26,61,70,152,152,172,165,174,174,210,253,253,283,308,308,342,370,71,94,94,175,175,195,31,51,105,105,105,105],"floor_reached":40,"playtime":3610,"items_purged":["Strike_G","Writhe"],"score":800,"play_id":"1d235652-8d0d-44bc-8e34-a5af36d61937","local_time":"20201217173501","is_ascension_mode":true,"campfire_choices":[{"data":"Glass Knife","floor":6.0,"key":"SMITH"},{"data":"Neutralize","floor":10.0,"key":"SMITH"},{"floor":15.0,"key":"REST"},{"data":"Wraith Form v2","floor":27.0,"key":"SMITH"},{"data":"Catalyst","floor":32.0,"key":"SMITH"}],"circlet_count":0,"master_deck":["AscendersBane","Strike_G+1","Strike_G+1","Strike_G+1","Strike_G+1","Defend_G+1","Defend_G+1","Defend_G+1","Defend_G+1","Defend_G+1","Survivor","Neutralize+1","Glass Knife+1","Masterful Stab","PiercingWail","Deadly Poison","Poisoned Stab","Wraith Form v2+1","Catalyst+1","Tools of the Trade","Underhanded Strike","Leg Sweep","Well Laid Plans+1","Dagger Spray","Bullet Time","Crippling Poison","Adrenaline","Footwork"],"relics":["Ring of the Snake","CeramicFish","Gremlin Horn","The Specimen","Dream Catcher","Sozu","Bird Faced Urn","Red Mask","Gambling Chip","Pocketwatch","Lantern","Bottled Tornado","Bronze Scales","Frozen Eye","Snecko Eye","FossilizedHelix"],"acts_visited":["TheCity","TheBeyond"],"potions_floor_usage":[],"damage_taken":[{"damage":0.0,"enemies":"Jaw Worm","floor":1.0,"turns":4.0},{"damage":0.0,"enemies":"Cultist","floor":2.0,"turns":3.0},{"damage":0.0,"enemies":"Small Slimes","floor":3.0,"turns":3.0},{"damage":0.0,"enemies":"Blue Slaver","floor":7.0,"turns":3.0},{"damage":12.0,"enemies":"Lagavulin","floor":8.0,"turns":4.0},{"damage":24.0,"enemies":"Gremlin Nob","floor":11.0,"turns":4.0},{"damage":10.0,"enemies":"Lagavulin","floor":14.0,"turns":5.0},{"damage":36.0,"enemies":"Slime Boss","floor":16.0,"turns":10.0},{"damage":3.0,"enemies":"Spheric Guardian","floor":18.0,"turns":4.0},{"damage":10.0,"enemies":"2 Thieves","floor":19.0,"turns":4.0},{"damage":12.0,"enemies":"Masked Bandits","floor":22.0,"turns":5.0},{"damage":13.0,"enemies":"Book of Stabbing","floor":23.0,"turns":7.0},{"damage":5.0,"enemies":"Slavers","floor":25.0,"turns":5.0},{"damage":0.0,"enemies":"Gremlin Leader","floor":28.0,"turns":6.0},{"damage":0.0,"enemies":"Snake Plant","floor":29.0,"turns":4.0},{"damage":0.0,"enemies":"Snecko","floor":31.0,"turns":5.0},{"damage":14.0,"enemies":"Champ","floor":33.0,"turns":15.0},{"damage":0.0,"enemies":"Orb Walker","floor":35.0,"turns":3.0},{"damage":0.0,"enemies":"3 Shapes","floor":37.0,"turns":4.0},{"damage":36,"enemies":"2 Orb Walkers","floor":38,"turns":6},{"damage":52,"enemies":"Reptomancer","floor":40,"turns":6}],"seed_played":"940224729559986525","potions_obtained":[{"floor":2.0,"key":"Weak Potion"},{"floor":3.0,"key":"SneckoOil"},{"floor":4.0,"key":"LiquidMemories"},{"floor":4.0,"key":"EntropicBrew"},{"floor":16.0,"key":"Explosive Potion"}],"is_trial":false,"path_per_floor":["M","M","M","?","$","R","M","E","T","R","E","?","$","E","R","B",null,"M","M","?","?","?","E","T","E","T","R","E","M","$","M","R","B",null,"M","$","M","?","$","E"],"character_chosen":"THE_SILENT","items_purchased":["Poison Potion","Bronze Scales","Frozen Eye","Footwork"],"campfire_rested":1,"item_purchase_floors":[13,30,30,36],"current_hp_per_floor":[63,63,63,63,63,63,63,51,51,51,27,13,13,17,38,2,53,50,40,40,40,30,23,23,22,22,22,26,30,30,36,36,28,60,64,64,70,40,40,0,0],"gold":105,"neow_bonus":"THREE_RARE_CARDS","is_daily":false,"chose_seed":false,"campfire_upgraded":4,"win_rate":0.0,"timestamp":1608206701,"path_taken":["M","M","M","?","?","R","M","E","T","R","E","?","$","E","R","BOSS","M","M","?","?","?","E","?","E","T","R","E","M","$","?","R","BOSS","M","$","M","?","$","E"],"items_purchased_type":["Potion","Relic","Relic","Card"],"build_version":"2020-12-13","purchased_purges":2,"victory":false,"max_hp_per_floor":[70,70,70,70,70,70,70,70,70,70,70,70,70,70,70,70,70,70,70,70,70,70,70,70,70,70,70,70,70,70,70,70,70,70,70,70,70,70,70,70,70],"relic_stats":{"Sozu":4,"Dream Catcher":1,"Gremlin Horn":[18,21],"counters":[21,110],"CeramicFish":117,"Bird Faced Urn":[56],"Gambling Chip":[32],"Bronze Scales":[93],"Snecko Eye":[43,45,44,33],"obtain_stats":[{"Lantern":26,"Gremlin Horn":9,"The Specimen":11,"CeramicFish":8,"Bottled Tornado":28,"Sozu":17,"Frozen Eye":30,"Dream Catcher":14,"Bird Faced Urn":20,"Gambling Chip":23,"Bronze Scales":30,"Snecko Eye":34,"Red Mask":22,"FossilizedHelix":38,"Ring of the Snake":0,"Pocketwatch":25},{"Lantern":13,"Gremlin Horn":5,"The Specimen":6,"CeramicFish":5,"Bottled Tornado":14,"Sozu":8,"Frozen Eye":15,"Dream Catcher":7,"Bird Faced Urn":10,"Gambling Chip":12,"Bronze Scales":15,"Snecko Eye":17,"Red Mask":11,"FossilizedHelix":20,"Ring of the Snake":0,"Pocketwatch":13},{"Lantern":61,"Gremlin Horn":17,"The Specimen":21,"CeramicFish":17,"Bottled Tornado":67,"Sozu":36,"Frozen Eye":71,"Dream Catcher":26,"Bird Faced Urn":44,"Gambling Chip":56,"Bronze Scales":71,"Snecko Eye":91,"Red Mask":49,"FossilizedHelix":104,"Ring of the Snake":0,"Pocketwatch":61}],"Ring of the Snake":[42],"Pocketwatch":[56]},"card_choices":[{"not_picked":["Doppelganger","Bullet Time"],"picked":"Glass Knife","floor":0.0},{"not_picked":["Prepared","Deadly Poison"],"picked":"Masterful Stab","floor":1.0},{"not_picked":["Bane","Prepared"],"picked":"PiercingWail","floor":2.0},{"not_picked":["Outmaneuver","Sucker Punch","Deflect"],"picked":"SKIP","floor":3.0},{"not_picked":["Blur","Cloak And Dagger"],"picked":"Deadly Poison","floor":7.0},{"not_picked":["Quick Slash","Accuracy"],"picked":"Poisoned Stab","floor":8.0},{"not_picked":["Blade Dance","Poisoned Stab"],"picked":"Wraith Form v2","floor":11.0},{"not_picked":["Riddle With Holes","Skewer","Dodge and Roll"],"picked":"SKIP","floor":14.0},{"not_picked":["Endless Agony","Dagger Throw"],"picked":"Catalyst","floor":15.0},{"not_picked":["A Thousand Cuts","Phantasmal Killer"],"picked":"Tools of the Trade","floor":16.0},{"not_picked":["Backstab","Dodge and Roll"],"picked":"Underhanded Strike","floor":18.0},{"not_picked":["Prepared","Slice"],"picked":"Leg Sweep","floor":19.0},{"not_picked":["Blade Dance","Concentrate"],"picked":"Well Laid Plans+1","floor":22.0},{"not_picked":["Finisher","Sucker Punch"],"picked":"Dagger Spray","floor":23.0},{"not_picked":["Underhanded Strike","Poisoned Stab","Flechettes"],"picked":"SKIP","floor":25.0},{"not_picked":["Endless Agony","Terror+1","Flechettes"],"picked":"SKIP","floor":28.0},{"not_picked":["Endless Agony","Escape Plan"],"picked":"Bullet Time","floor":29.0},{"not_picked":["Flying Knee+1","Acrobatics"],"picked":"Crippling Poison","floor":31.0},{"not_picked":["Die Die Die","Tools of the Trade"],"picked":"Adrenaline","floor":33.0},{"not_picked":["Dagger Spray","Terror+1","Cloak And Dagger"],"picked":"SKIP","floor":35.0},{"not_picked":["Underhanded Strike+1","Bane","Infinite Blades"],"picked":"SKIP","floor":37}],"player_experience":178008,"relics_obtained":[{"floor":8.0,"key":"CeramicFish"},{"floor":9.0,"key":"Gremlin Horn"},{"floor":11.0,"key":"The Specimen"},{"floor":14.0,"key":"Dream Catcher"},{"floor":22.0,"key":"Red Mask"},{"floor":23.0,"key":"Gambling Chip"},{"floor":25.0,"key":"Pocketwatch"},{"floor":26.0,"key":"Lantern"},{"floor":28.0,"key":"Bottled Tornado"},{"floor":38,"key":"FossilizedHelix"}],"event_choices":[{"damage_healed":0.0,"max_hp_gain":0.0,"max_hp_loss":0.0,"gold_gain":0.0,"event_name":"Lab","player_choice":"Got Potions","floor":4.0,"gold_loss":0.0,"damage_taken":0.0},{"damage_healed":0.0,"max_hp_gain":0.0,"max_hp_loss":0.0,"gold_gain":0.0,"event_name":"Shining Light","player_choice":"Entered Light","floor":12.0,"gold_loss":0.0,"damage_taken":14.0,"cards_upgraded":["Defend_G","Strike_G"]},{"damage_healed":0.0,"max_hp_gain":0.0,"max_hp_loss":0.0,"gold_gain":0.0,"event_name":"The Mausoleum","player_choice":"Opened","floor":20.0,"gold_loss":0.0,"damage_taken":0.0,"relics_obtained":["Bird Faced Urn"],"cards_obtained":["Writhe"]},{"damage_healed":0.0,"max_hp_gain":0.0,"max_hp_loss":0.0,"gold_gain":0.0,"event_name":"Back to Basics","player_choice":"Simplicity","floor":21.0,"gold_loss":0.0,"damage_taken":0.0,"cards_upgraded":["Strike_G","Strike_G","Strike_G","Defend_G","Defend_G","Defend_G","Defend_G"]},{"damage_healed":0.0,"max_hp_gain":0.0,"max_hp_loss":0.0,"gold_gain":0.0,"event_name":"Masked Bandits","player_choice":"Fought Bandits","floor":22.0,"gold_loss":0.0,"damage_taken":0.0},{"damage_healed":0,"gold_gain":0,"player_choice":"Fight","damage_taken":0,"max_hp_gain":0,"max_hp_loss":0,"event_name":"Mysterious Sphere","floor":38,"gold_loss":0}],"is_beta":false,"boss_relics":[{"not_picked":["Fusion Hammer","Astrolabe"],"picked":"Sozu"},{"not_picked":["Runic Dome","Pandora\u0027s Box"],"picked":"Snecko Eye"}],"items_purged_floors":[13,36],"is_endless":false,"potions_floor_spawned":[2,3,16,19,22,31,33,37],"killed_by":"Reptomancer","ascension_level":13}}