{"host":"9kesdg97wkrx2bva","time":1608189568,"event":{"mods":["AchievementEnabler","BaseMod","Colored Map","GifTheSpireLib","Infinite Spire","Minty Spire (QoL Compilation)","Replay The Spire","StSLib"],"gold_per_floor":[113,38,38,49,49,80,80,80,80,80,97,128,128,145,145,224,324,335,335,434,446,446,446,458,491,514,514,514],"floor_reached":27,"playtime":651,"items_purged":["Strike_G","Strike_G"],"score":449,"play_id":"1de63c2b-9d02-49c8-8b89-4b2765db8a49","local_time":"20201217011928","is_ascension_mode":true,"campfire_choices":[{"data":"Deadly Poison","floor":8.0,"key":"SMITH"},{"data":"infinitespire:Neurotoxin","floor":13.0,"key":"SMITH"},{"floor":15.0,"key":"REST"},{"data":"infinitespire:Neurotoxin","floor":23.0,"key":"SMITH"}],"circlet_count":0,"master_deck":["AscendersBane","Strike_G","Strike_G","Defend_G","Defend_G+1","Defend_G","Defend_G+1","Defend_G","Survivor","Neutralize","Skewer+1","Noxious Fumes","Deadly Poison+1","Underhanded Strike","infinitespire:Neurotoxin+1","infinitespire:Neurotoxin+1","Predator","Finisher","Well Laid Plans"],"relics":["Ring of the Snake","NeowsBlessing","Pear","Sundial","infinitespire:Broken Mirror","infinitespire:BottledMercury","Replay:Wanted Poster","OrangePellets","War Paint","infinitespire:Lucky Rock"],"acts_visited":["Exordium","TheCity"],"potions_floor_usage":[],"damage_taken":[{"damage":0.0,"enemies":"Jaw Worm","floor":1.0,"turns":1.0},{"damage":0.0,"enemies":"Cultist","floor":4.0,"turns":1.0},{"damage":0.0,"enemies":"Replay:BlueRogue","floor":6.0,"turns":1.0},{"damage":4.0,"enemies":"Small Slimes","floor":11.0,"turns":2.0},{"damage":31.0,"enemies":"Lagavulin","floor":12.0,"turns":7.0},{"damage":12.0,"enemies":"Exordium Wildlife","floor":14.0,"turns":4.0},{"damage":20.0,"enemies":"Hexaghost","floor":16.0,"turns":7.0},{"damage":0.0,"enemies":"Shell Parasite","floor":18.0,"turns":3.0},{"damage":15.0,"enemies":"2 Thieves","floor":21.0,"turns":4.0},{"damage":5.0,"enemies":"Snake Plant","floor":24.0,"turns":2.0},{"damage":47.0,"enemies":"Slavers","floor":25.0,"turns":5.0},{"damage":11,"enemies":"Centurion and Healer","floor":27,"turns":2}],"seed_played":"522584287770256957","potions_obtained":[{"floor":4.0,"key":"Block Potion"},{"floor":11.0,"key":"Poison Potion"},{"floor":16.0,"key":"Regen Potion"},{"floor":18.0,"key":"GhostInAJar"},{"floor":24.0,"key":"SpeedPotion"}],"is_trial":false,"path_per_floor":["M","$","?","M","$","E","?","R","T","T","M","E","R","M","R","B",null,"M","AVR","?","M","?","R","M","E","T","M"],"character_chosen":"THE_SILENT","items_purchased":[],"campfire_rested":1,"item_purchase_floors":[],"current_hp_per_floor":[59,59,59,59,59,69,69,69,69,69,65,34,34,22,44,24,63,63,63,63,60,60,60,55,8,8,0,0],"gold":514,"neow_bonus":"THREE_ENEMY_KILL","is_daily":false,"chose_seed":false,"campfire_upgraded":3,"win_rate":0.0,"timestamp":1608189568,"path_taken":["M","$","?","?","$","E","?","R","T","?","?","E","R","M","R","BOSS","M","AVR","?","M","?","R","M","E","T","M"],"items_purchased_type":[],"build_version":"2020-12-13","purchased_purges":2,"victory":false,"max_hp_per_floor":[66,66,66,66,66,76,76,76,76,76,76,76,76,76,76,76,76,76,76,76,76,76,76,76,76,76,76,76],"card_choices":[{"not_picked":["Dagger Throw","ReplayTheSpireMod:Shiv Toss"],"picked":"Skewer","floor":1.0},{"not_picked":["Flying Knee","Outmaneuver"],"picked":"Noxious Fumes","floor":4.0},{"not_picked":["Backflip","Deflect"],"picked":"Deadly Poison","floor":6.0},{"not_picked":["Caltrops","Slice"],"picked":"Underhanded Strike","floor":11.0},{"not_picked":["Deflect","Dagger Spray"],"picked":"infinitespire:Neurotoxin","floor":12.0},{"not_picked":["Cloak And Dagger","Outmaneuver","Bane"],"picked":"SKIP","floor":14.0},{"not_picked":["Envenom","Unload"],"picked":"infinitespire:Neurotoxin","floor":16.0},{"not_picked":["Backflip","Flying Knee"],"picked":"Predator","floor":18.0},{"not_picked":["Sucker Punch","Backflip","Setup"],"picked":"SKIP","floor":21.0},{"not_picked":["Outmaneuver","Flechettes","Underhanded Strike"],"picked":"SKIP","floor":24.0},{"not_picked":["Dagger Spray","Setup+1"],"picked":"Well Laid Plans","floor":25.0}],"player_experience":891445,"relics_obtained":[{"floor":6.0,"key":"Pear"},{"floor":9.0,"key":"Sundial"},{"floor":10.0,"key":"infinitespire:Broken Mirror"},{"floor":12.0,"key":"infinitespire:BottledMercury"},{"floor":25.0,"key":"War Paint"},{"floor":26.0,"key":"infinitespire:Lucky Rock"}],"event_choices":[{"damage_healed":0.0,"max_hp_gain":0.0,"max_hp_loss":0.0,"gold_gain":0.0,"event_name":"Accursed Blacksmith","player_choice":"Forge","floor":3.0,"gold_loss":0.0,"damage_taken":0.0,"cards_upgraded":["Skewer"]},{"damage_healed":0.0,"max_hp_gain":0.0,"max_hp_loss":0.0,"gold_gain":99.0,"event_name":"Nest","player_choice":"Stole From Cult","floor":20.0,"gold_loss":0.0,"damage_taken":0.0},{"damage_healed":0.0,"max_hp_gain":0.0,"max_hp_loss":0.0,"gold_gain":0.0,"cards_transformed":["Strike_G"],"event_name":"Transmorgrifier","player_choice":"Transformed","floor":22.0,"gold_loss":0.0,"damage_taken":0.0,"cards_obtained":["Finisher"]}],"is_beta":false,"boss_relics":[{"not_picked":["SlaversCollar","Runic Dome"],"picked":"Replay:Wanted Poster"}],"items_purged_floors":[2,19],"is_endless":false,"potions_floor_spawned":[4,11,14,16,18,24],"killed_by":"Centurion and Healer","ascension_level":14}}