{"host":"utqe55yv0jihe4d6","time":1608232242,"event":{"mods":["2.2 Compatiblity","AchievementEnabler","BaseMod","Block Reminder","Colored Map","Colored Powertips","Minty Spire (QoL Compilation)","Quick Restart","Rare Cards Sparkle","Relic Stats","SuperFastMode"],"gold_per_floor":[111,261,274,42,54,54,89,106,106,106,106,122,134,149,149,223,223,239,239,239,253,263,263,263],"floor_reached":23,"playtime":760,"items_purged":["Doubt"],"score":390,"play_id":"e340403d-306d-4c29-acd0-6905b3dc291e","local_time":"20201217141042","is_ascension_mode":true,"campfire_choices":[{"data":"Neutralize","floor":6,"key":"SMITH"},{"data":"Noxious Fumes","floor":10,"key":"SMITH"},{"data":"Deadly Poison","floor":15,"key":"SMITH"}],"circlet_count":0,"master_deck":["AscendersBane","Strike_G+1","Strike_G+1","Strike_G+1","Strike_G+1","Strike_G+1","Defend_G+1","Defend_G+1","Defend_G+1","Defend_G+1","Defend_G+1","Survivor","Neutralize+1","Acrobatics","Prepared","Flying Knee","Deadly Poison+1","Noxious Fumes+1","Dash","Skewer","Corpse Explosion","PiercingWail","RitualDagger","Dagger Throw","Prepared+1"],"relics":["HoveringKite","PreservedInsect","Pear","StrikeDummy","Runic Pyramid"],"acts_visited":["Exordium","TheCity"],"potions_floor_usage":[5,16,16,23],"damage_taken":[{"damage":2,"enemies":"Small Slimes","floor":1,"turns":6},{"damage":7,"enemies":"Jaw Worm","floor":3,"turns":7},{"damage":3,"enemies":"2 Louse","floor":5,"turns":3},{"damage":37,"enemies":"3 Sentries","floor":7,"turns":12},{"damage":0,"enemies":"Looter","floor":8,"turns":5},{"damage":11,"enemies":"Exordium Thugs","floor":12,"turns":4},{"damage":0,"enemies":"Exordium Wildlife","floor":13,"turns":3},{"damage":1,"enemies":"Red Slaver","floor":14,"turns":4},{"damage":12,"enemies":"Hexaghost","floor":16,"turns":9},{"damage":12,"enemies":"Spheric Guardian","floor":18,"turns":6},{"damage":11,"enemies":"2 Thieves","floor":21,"turns":3},{"damage":21,"enemies":"Snecko","floor":22,"turns":6},{"damage":19,"enemies":"Gremlin Leader","floor":23,"turns":3}],"seed_played":"-7519254559736447108","potions_obtained":[{"floor":3,"key":"LiquidMemories"},{"floor":5,"key":"Fruit Juice"},{"floor":7,"key":"Strength Potion"},{"floor":8,"key":"AttackPotion"},{"floor":21,"key":"BlessingOfTheForge"}],"is_trial":false,"path_per_floor":["M","?","M","$","M","R","E","M","T","R","?","M","M","M","R","B",null,"M","?","?","M","M","E"],"character_chosen":"THE_SILENT","items_purchased":["PreservedInsect"],"campfire_rested":0,"item_purchase_floors":[4],"current_hp_per_floor":[57,57,50,50,52,52,25,25,25,25,25,14,14,13,13,1,61,49,43,43,32,11,0,0],"gold":263,"neow_bonus":"BOSS_RELIC","is_daily":false,"chose_seed":false,"campfire_upgraded":3,"win_rate":0.0,"timestamp":1608232242,"path_taken":["M","?","M","$","M","R","E","M","T","R","?","M","M","M","R","BOSS","M","?","?","M","M","E"],"items_purchased_type":["Relic"],"build_version":"2020-12-13","purchased_purges":1,"victory":false,"max_hp_per_floor":[66,66,66,66,71,71,81,81,81,81,81,81,81,81,81,81,81,81,81,81,81,81,81,81],"relic_stats":{"counters":[13,71],"HoveringKite":[33],"PreservedInsect":81,"obtain_stats":[{"Pear":7,"HoveringKite":0,"PreservedInsect":4,"StrikeDummy":9,"Ring of the Snake":0,"Runic Pyramid":17},{"Pear":4,"HoveringKite":0,"PreservedInsect":2,"StrikeDummy":5,"Ring of the Snake":0,"Runic Pyramid":9},{"Pear":28,"HoveringKite":0,"PreservedInsect":13,"StrikeDummy":33,"Ring of the Snake":0,"Runic Pyramid":53}]},"card_choices":[{"not_picked":["Deflect","Flying Knee"],"picked":"Acrobatics","floor":1},{"not_picked":["Flying Knee","Dash"],"picked":"Prepared","floor":3},{"not_picked":["Footwork","Prepared"],"picked":"Flying Knee","floor":5},{"not_picked":["Bullet Time","Deflect"],"picked":"Deadly Poison","floor":7},{"not_picked":["PiercingWail","Calculated Gamble"],"picked":"Noxious Fumes","floor":8},{"not_picked":["Deadly Poison","Slice"],"picked":"Dash","floor":12},{"not_picked":["Concentrate","Riddle With Holes","Terror"],"picked":"SKIP","floor":13},{"not_picked":["Quick Slash","Poisoned Stab"],"picked":"Skewer","floor":14},{"not_picked":["Adrenaline","A Thousand Cuts"],"picked":"Corpse Explosion","floor":16},{"not_picked":["Sucker Punch+1","Acrobatics"],"picked":"PiercingWail","floor":18},{"not_picked":["Dagger Spray","Terror"],"picked":"Dagger Throw","floor":21},{"not_picked":["Endless Agony","Dagger Spray"],"picked":"Prepared+1","floor":22}],"player_experience":2783811,"relics_obtained":[{"floor":7,"key":"Pear"},{"floor":9,"key":"StrikeDummy"}],"event_choices":[{"damage_healed":0,"gold_gain":150,"player_choice":"AGREE","damage_taken":0,"max_hp_gain":0,"max_hp_loss":0,"event_name":"Liars Game","floor":2,"gold_loss":0,"cards_obtained":["Doubt"]},{"damage_healed":0,"gold_gain":0,"player_choice":"Ignored","damage_taken":0,"max_hp_gain":0,"max_hp_loss":0,"event_name":"Shining Light","floor":11,"gold_loss":0},{"damage_healed":0,"gold_gain":0,"player_choice":"Joined the Cult","damage_taken":6,"max_hp_gain":0,"max_hp_loss":0,"event_name":"Nest","floor":19,"gold_loss":0,"cards_obtained":["RitualDagger"]},{"damage_healed":0,"gold_gain":0,"player_choice":"Simplicity","damage_taken":0,"max_hp_gain":0,"max_hp_loss":0,"event_name":"Back to Basics","floor":20,"gold_loss":0,"cards_upgraded":["Strike_G","Strike_G","Strike_G","Strike_G","Strike_G","Defend_G","Defend_G","Defend_G","Defend_G","Defend_G"]}],"is_beta":false,"boss_relics":[{"not_picked":["SacredBark","Coffee Dripper"],"picked":"Runic Pyramid"}],"items_purged_floors":[4],"is_endless":false,"potions_floor_spawned":[3,5,7,8,13,14,21],"killed_by":"Gremlin Leader","ascension_level":20}}