{"host":"6hzrz31j95f2y1pa","time":1608164514,"event":{"mods":["BaseMod","Colored Map","Downfall","Minty Spire (QoL Compilation)","StSLib"],"gold_per_floor":[0,0,11,42,42,72,72,72,107,32,50,69,80,98,110,206,206,206,234,253,66,99,127,127,142,67,99,110,95,95,114,129,226,226,151,182,196,196,231,231,231,231,231,261,261,83,83,99,109,109,109,140,90,90,90],"floor_reached":56,"playtime":3299,"items_purged":["Pain","champ:Defend","champ:Strike+1"],"score":1486,"play_id":"55489d2a-22ef-4dd1-b487-b53cbc468daa","local_time":"20201216192154","is_ascension_mode":true,"campfire_choices":[{"data":"champ:Aggression","floor":1.0,"key":"SMITH"},{"data":"champ:Control","floor":5.0,"key":"SMITH"},{"floor":8.0,"key":"REST"},{"data":"champ:Taunt","floor":10.0,"key":"SMITH"},{"floor":18.0,"key":"RECALL"},{"data":"champ:Improvising","floor":26,"key":"SMITH"},{"data":"champ:MurderStrike","floor":35,"key":"SMITH"},{"data":"champ:EnchantSword","floor":38,"key":"SMITH"},{"data":"champ:SwordSigil","floor":40,"key":"SMITH"},{"data":"champ:HeavySlash","floor":42,"key":"SMITH"},{"floor":54,"key":"REST"}],"circlet_count":0,"master_deck":["champ:Strike+1","champ:Strike+1","champ:Defend+1","champ:Defend+1","champ:Execute+1","champ:Taunt+1","champ:Control+1","champ:Aggression+1","champ:SwordSigil+1","champ:TornadoPunch+1","champ:EnchantShield+1","champ:EnchantSword+1","champ:FanOfKnives+1","champ:AdrenalArmor+1","champ:GladiatorsShout+1","champ:Backstep+1","champ:Improvising+1","CurseOfTheBell","champ:BringItOn+1","champ:EndlessRage+1","Flash of Steel+1","champ:HeavySlash+1","champ:RecklessLeap+1","champ:EndlessRage+1","champ:Shatter+1","champ:GutPunch+1","champ:MurderStrike+1","champ:LastStand+1","champ:FlashCut+1","Pain","champ:StrikeOfGenius+1","champ:IronFortress+1","champ:Duel+1","Magnetism+1","champ:EndlessRage+1","Parasite","champ:AdrenalArmor+1","champ:PerfectForm+1"],"relics":["champ:ChampionCrown","WarpedTongs","Blue Candle","Regal Pillow","Matryoshka","Bird Faced Urn","Calling Bell","Orichalcum","InkBottle","WingedGreaves","Nunchaku","hexamod:BolsterEngine","Mummified Hand","Blood Vial","Incense Burner","Cursed Key","Frozen Egg 2","Toxic Egg 2","Smiling Mask","Molten Egg 2","Eternal Feather","War Paint","Pear"],"acts_visited":["Exordium","TheCity","TheBeyond","TheEnding"],"potions_floor_usage":[33,39,44,44],"damage_taken":[{"damage":7.0,"enemies":"2 Louse","floor":3.0,"turns":4.0},{"damage":66.0,"enemies":"3 Sentries","floor":4.0,"turns":10.0},{"damage":34.0,"enemies":"Lagavulin","floor":6.0,"turns":5.0},{"damage":57.0,"enemies":"3 Sentries","floor":9.0,"turns":8.0},{"damage":2.0,"enemies":"Cultist","floor":11.0,"turns":2.0},{"damage":9.0,"enemies":"Small Slimes","floor":12.0,"turns":2.0},{"damage":1.0,"enemies":"Blue Slaver","floor":13.0,"turns":3.0},{"damage":27.0,"enemies":"Large Slime","floor":14.0,"turns":4.0},{"damage":10.0,"enemies":"3 Louse","floor":15.0,"turns":4.0},{"damage":50.0,"enemies":"downfall:Ironclad","floor":16.0,"turns":11.0},{"damage":42.0,"enemies":"Gremlin Leader","floor":19.0,"turns":7.0},{"damage":21.0,"enemies":"3 Byrds","floor":20.0,"turns":6.0},{"damage":21.0,"enemies":"downfall:FleeingMerchant","floor":21.0,"turns":4.0},{"damage":70.0,"enemies":"Book of Stabbing","floor":22.0,"turns":6.0},{"damage":50.0,"enemies":"Gremlin Leader","floor":23.0,"turns":8.0},{"damage":37,"enemies":"Chosen","floor":25,"turns":4},{"damage":75,"enemies":"Book of Stabbing","floor":27,"turns":7},{"damage":12,"enemies":"3 Cultists","floor":28,"turns":4},{"damage":38,"enemies":"downfall:FleeingMerchant","floor":29,"turns":4},{"damage":7,"enemies":"Sentry and Sphere","floor":31,"turns":3},{"damage":3,"enemies":"Snake Plant","floor":32,"turns":4},{"damage":60,"enemies":"downfall:Silent","floor":33,"turns":6},{"damage":48,"enemies":"Giant Head","floor":36,"turns":7},{"damage":30,"enemies":"3 Darklings","floor":37,"turns":3},{"damage":52,"enemies":"Nemesis","floor":39,"turns":7},{"damage":115,"enemies":"Giant Head","floor":44,"turns":9},{"damage":21,"enemies":"downfall:FleeingMerchant","floor":46,"turns":4},{"damage":7,"enemies":"Orb Walker","floor":48,"turns":2},{"damage":35,"enemies":"Writhing Mass","floor":49,"turns":4},{"damage":35,"enemies":"downfall:Defect","floor":50,"turns":5},{"damage":93,"enemies":"downfall:CharBossMerchant","floor":52,"turns":6},{"damage":208,"enemies":"downfall:NeowBoss","floor":55,"turns":15}],"seed_played":"-1178102407842296385","potions_obtained":[{"floor":4.0,"key":"DuplicationPotion"},{"floor":11.0,"key":"GamblersBrew"},{"floor":12.0,"key":"DuplicationPotion"},{"floor":15.0,"key":"BlessingOfTheForge"},{"floor":19.0,"key":"AttackPotion"},{"floor":25,"key":"LiquidBronze"},{"floor":27,"key":"SmokeBomb"},{"floor":28,"key":"LiquidMemories"},{"floor":36,"key":"LiquidMemories"},{"floor":39,"key":"BlessingOfTheForge"},{"floor":44,"key":"BlessingOfTheForge"},{"floor":48,"key":"SkillPotion"}],"is_trial":false,"path_per_floor":["R","?","M","E","R","E","T","R","E","R","M","M","M","M","M","B",null,"R","E","M","$","E","E","T","M","R","E","M","$","?","M","M","B",null,"R","E","M","R","E","R","T","R","?","E","?","$","?","M","M","B",null,"E","$","R","B",null],"character_chosen":"THE_CHAMP","items_purchased":["Flash of Steel","War Paint","champ:IronFortress+1","champ:Duel+1","Magnetism+1"],"campfire_rested":2,"item_purchase_floors":[21,46,46,46,46],"current_hp_per_floor":[90,90,88,48,48,39,39,81,51,51,49,43,42,35,34,18,90,90,81,76,87,75,77,77,85,85,86,79,90,84,90,90,70,90,100,100,100,100,100,100,100,100,100,37,37,84,84,89,100,95,100,97,97,110,110],"gold":90,"neow_bonus":"TRANSFORM_TWO_CARDS","is_daily":false,"chose_seed":false,"campfire_upgraded":8,"win_rate":0.0,"timestamp":1608164514,"path_taken":["R","?","?","E","R","E","T","R","E","R","M","?","M","M","M","BOSS","R","E","M","$","E","E","T","M","R","E","M","$","?","M","M","BOSS","R","E","M","R","E","R","T","R","?","E","?","$","?","M","M","BOSS","E","$","R","BOSS"],"items_purchased_type":["Card","Relic","Card","Card","Card"],"build_version":"2020-12-13","purchased_purges":3,"victory":true,"max_hp_per_floor":[90,90,90,90,90,90,90,90,90,90,90,90,90,90,90,90,90,90,90,90,90,90,90,90,90,90,90,90,90,90,90,90,90,90,100,100,100,100,100,100,100,100,100,100,100,100,100,100,100,100,100,110,110,110,110],"card_choices":[{"not_picked":["champ:CrookedStrike","champ:Circumvent"],"picked":"champ:SwordSigil","floor":3.0},{"not_picked":["champ:CrookedStrike","champ:Circumvent"],"picked":"champ:TornadoPunch","floor":4.0},{"not_picked":["champ:BladeFlurry","champ:SwordSigil"],"picked":"champ:EnchantShield","floor":6.0},{"not_picked":["champ:DeathBlow","champ:LastStand"],"picked":"champ:EnchantSword","floor":9.0},{"not_picked":["champ:ShieldSigil","champ:BerserkersShout"],"picked":"champ:FanOfKnives","floor":11.0},{"not_picked":["champ:BerserkersShout","champ:Riposte"],"picked":"champ:AdrenalArmor","floor":12.0},{"not_picked":["champ:FightOn","champ:TornadoPunch","champ:FalseCounter"],"picked":"SKIP","floor":13.0},{"not_picked":["champ:RageSigil","champ:PerfectedStrike"],"picked":"champ:GladiatorsShout","floor":14.0},{"not_picked":["champ:Lariat","champ:PreciseThrust"],"picked":"champ:Backstep","floor":15.0},{"not_picked":["champ:SwordThrow","champ:StrikeOfGenius"],"picked":"champ:Improvising","floor":16.0},{"not_picked":["champ:Control","champ:Aggression"],"picked":"champ:BringItOn+1","floor":19.0},{"not_picked":["champ:GladiatorsShout","champ:BringItOn"],"picked":"champ:EndlessRage+1","floor":20.0},{"not_picked":["champ:FocusedDefense+1","champ:Circumvent","champ:BringItOn+1"],"picked":"SKIP","floor":21.0},{"not_picked":["champ:DeathBlow+1","champ:GladiatorsShout"],"picked":"champ:HeavySlash","floor":22.0},{"not_picked":["champ:ViciousMockery","champ:Balance+1"],"picked":"champ:RecklessLeap","floor":23.0},{"not_picked":["champ:StanceDance+1","champ:GladiatorsShout"],"picked":"champ:EndlessRage","floor":25},{"not_picked":["champ:BerserkersShout+1","champ:FightOn"],"picked":"champ:Shatter","floor":27},{"not_picked":["champ:PerfectedStrike","champ:RageSigil","champ:GladiatorsShout+1"],"picked":"SKIP","floor":28},{"not_picked":["champ:IronFortress","champ:FaceSlap"],"picked":"champ:GutPunch","floor":29},{"not_picked":["champ:BerserkerStyle","champ:GladiatorsShout"],"picked":"champ:MurderStrike","floor":31},{"not_picked":["champ:DefensiveShout","champ:AdrenalArmor+1","champ:GutPunch"],"picked":"SKIP","floor":32},{"not_picked":["champ:ShieldSlam","champ:VampiricStrike"],"picked":"champ:LastStand","floor":33},{"not_picked":["champ:BerserkersShout+1","champ:FocusedDefense","champ:RageSigil+1"],"picked":"SKIP","floor":36},{"not_picked":["champ:StanceDance+1","champ:CrookedStrike+1"],"picked":"champ:FlashCut+1","floor":37},{"not_picked":["champ:BladeFlurry","champ:BerserkersShout+1","champ:FocusedDefense+1"],"picked":"SKIP","floor":39},{"not_picked":["champ:BringItOn+1","champ:Riposte+1","champ:SkillfulDodge+1"],"picked":"SKIP","floor":44},{"not_picked":["champ:EnGarde+1","champ:PerfectedStrike+1"],"picked":"champ:StrikeOfGenius+1","floor":46},{"not_picked":["champ:DefensiveShout+1","champ:Haymaker+1"],"picked":"champ:EndlessRage+1","floor":48},{"not_picked":["champ:DefensiveShout+1","champ:EnragedBash+1"],"picked":"champ:AdrenalArmor+1","floor":49},{"not_picked":["champ:FocusedBerserking+1","champ:FaceSlap+1"],"picked":"champ:PerfectForm+1","floor":52}],"player_experience":1197522,"relics_obtained":[{"floor":4.0,"key":"Blue Candle"},{"floor":6.0,"key":"Regal Pillow"},{"floor":7.0,"key":"Matryoshka"},{"floor":9.0,"key":"Bird Faced Urn"},{"floor":17.0,"key":"Orichalcum"},{"floor":17.0,"key":"InkBottle"},{"floor":17.0,"key":"WingedGreaves"},{"floor":19.0,"key":"Nunchaku"},{"floor":22.0,"key":"hexamod:BolsterEngine"},{"floor":23.0,"key":"Mummified Hand"},{"floor":24,"key":"Blood Vial"},{"floor":27,"key":"Incense Burner"},{"floor":36,"key":"Frozen Egg 2"},{"floor":39,"key":"Toxic Egg 2"},{"floor":41,"key":"Smiling Mask"},{"floor":41,"key":"Molten Egg 2"},{"floor":44,"key":"Eternal Feather"},{"floor":52,"key":"Pear"}],"event_choices":[{"damage_healed":0.0,"max_hp_gain":0.0,"max_hp_loss":0.0,"gold_gain":0.0,"event_name":"Accursed Blacksmith","player_choice":"Rummage","floor":2.0,"gold_loss":0.0,"damage_taken":0.0,"relics_obtained":["WarpedTongs"],"cards_obtained":["Pain"]},{"cards_removed":["RitualDagger"],"damage_healed":0,"gold_gain":0,"player_choice":"Removed Attack","damage_taken":0,"max_hp_gain":0,"max_hp_loss":0,"event_name":"Falling","floor":43,"gold_loss":0},{"damage_healed":0,"gold_gain":0,"player_choice":"Ignored","damage_taken":0,"max_hp_gain":0,"max_hp_loss":0,"event_name":"Mysterious Sphere","floor":45,"gold_loss":0}],"is_beta":false,"boss_relics":[{"not_picked":["SacredBark","Tiny House"],"picked":"Calling Bell"},{"not_picked":["champ:ChampionCrownUpgraded","Empty Cage"],"picked":"Cursed Key"}],"items_purged_floors":[21,46,53],"is_endless":false,"potions_floor_spawned":[4,11,12,15,19,25,27,28,32,36,39,44,48],"ascension_level":2}}