{"host":"1tl36azeqm6yhdgj","time":1608246280,"event":{"mods":["AchievementEnabler","BaseMod","Minty Spire (QoL Compilation)","StSLib","The IronCluck","everything is the same but u backflip on backflip"],"gold_per_floor":[115,187,187,187,137,163,176,176,201,376,408,93,118,133,133,206,206,218,64,64,64,74,74,100,116,116,31,31,31],"floor_reached":28,"playtime":565,"items_purged":["Doubt"],"score":441,"play_id":"2ed87058-a430-428a-a567-96ec5145ef4d","local_time":"20201217180440","is_ascension_mode":true,"campfire_choices":[{"data":"Bash","floor":8.0,"key":"SMITH"},{"data":"Discovery","floor":15.0,"key":"SMITH"},{"floor":23,"key":"RECALL"}],"circlet_count":0,"master_deck":["AscendersBane","Strike_R","Strike_R","Strike_R","Strike_R","Strike_R","Defend_R+1","Defend_R","Defend_R","Defend_R","Bash+1","Carnage+1","Anger","Cleave","Discovery+1","Rampage","Feed","Thunderclap","Spot Weakness","Flex"],"relics":["Burning Blood","NeowsBlessing","Sundial","Ginger","MealTicket","Lantern","Bronze Scales","Juzu Bracelet","Tiny Chest","PreservedInsect","Frozen Egg 2","Bag of Preparation"],"acts_visited":["Exordium","TheCity"],"potions_floor_usage":[24],"damage_taken":[{"damage":0.0,"enemies":"Small Slimes","floor":1.0,"turns":1.0},{"damage":0.0,"enemies":"Lagavulin","floor":6.0,"turns":1.0},{"damage":0.0,"enemies":"Jaw Worm","floor":7.0,"turns":1.0},{"damage":25.0,"enemies":"3 Sentries","floor":11.0,"turns":9.0},{"damage":3.0,"enemies":"2 Louse","floor":14.0,"turns":2.0},{"damage":48.0,"enemies":"The Guardian","floor":16.0,"turns":11.0},{"damage":13.0,"enemies":"Shell Parasite","floor":18.0,"turns":3.0},{"damage":8,"enemies":"3 Byrds","floor":22,"turns":1},{"damage":40,"enemies":"Gremlin Leader","floor":24,"turns":6},{"damage":26,"enemies":"Snecko","floor":25,"turns":5},{"damage":34,"enemies":"Book of Stabbing","floor":28,"turns":3}],"seed_played":"3625340729324511571","potions_obtained":[{"floor":1.0,"key":"Block Potion"},{"floor":6.0,"key":"SkillPotion"},{"floor":16.0,"key":"ColorlessPotion"},{"floor":18.0,"key":"AttackPotion"}],"is_trial":false,"path_per_floor":["M","?","?","?","?","E","M","R","T","?","E","$","T","M","R","B",null,"M","$","?","?","M","R","E","M","T","?","E"],"character_chosen":"IRONCLAD","items_purchased":["Discovery","Bronze Scales","Tiny Chest"],"campfire_rested":0,"item_purchase_floors":[12,12,19],"current_hp_per_floor":[78,78,78,62,62,68,74,74,74,74,55,70,70,73,73,31,68,64,79,79,79,80,80,49,32,32,32,0,0],"gold":31,"neow_bonus":"THREE_ENEMY_KILL","is_daily":false,"chose_seed":false,"campfire_upgraded":2,"win_rate":0.0,"timestamp":1608246280,"path_taken":["M","?","?","?","?","E","?","R","T","?","E","?","?","M","R","BOSS","M","$","?","?","M","R","E","M","T","?","E"],"items_purchased_type":["Card","Relic","Relic"],"build_version":"2020-12-13","purchased_purges":1,"victory":false,"max_hp_per_floor":[80,80,80,80,80,80,80,80,80,80,80,80,80,80,80,80,80,83,83,83,83,86,86,89,92,92,92,92,92],"card_choices":[{"not_picked":["Clothesline","Combust"],"picked":"Carnage","floor":1.0},{"not_picked":["Heavy Blade","Iron Wave","Perfected Strike"],"picked":"SKIP","floor":6.0},{"not_picked":["Reckless Charge","Seeing Red"],"picked":"Anger","floor":7.0},{"not_picked":["Battle Trance","Perfected Strike"],"picked":"Cleave","floor":11.0},{"not_picked":["Dual Wield","Flame Barrier"],"picked":"Rampage","floor":14.0},{"not_picked":["Corruption","Impervious"],"picked":"Feed","floor":16.0},{"not_picked":["Perfected Strike","Armaments","Sword Boomerang"],"picked":"SKIP","floor":18.0},{"not_picked":["Armaments","Wild Strike"],"picked":"Spot Weakness","floor":22},{"not_picked":["Iron Wave","Perfected Strike"],"picked":"Flex","floor":24},{"not_picked":["Heavy Blade","Cleave","Rupture+1"],"picked":"SKIP","floor":25}],"player_experience":1954954,"relics_obtained":[{"floor":6.0,"key":"Ginger"},{"floor":9.0,"key":"MealTicket"},{"floor":11.0,"key":"Lantern"},{"floor":13.0,"key":"Juzu Bracelet"},{"floor":24,"key":"PreservedInsect"},{"floor":26,"key":"Frozen Egg 2"}],"event_choices":[{"damage_healed":0.0,"max_hp_gain":0.0,"max_hp_loss":0.0,"gold_gain":72.0,"event_name":"Golden Wing","player_choice":"Gained Gold","floor":2.0,"gold_loss":0.0,"damage_taken":0.0},{"damage_healed":0.0,"max_hp_gain":0.0,"max_hp_loss":0.0,"gold_gain":0.0,"event_name":"Big Fish","player_choice":"Box","floor":3.0,"gold_loss":0.0,"damage_taken":0.0,"relics_obtained":["Sundial"],"cards_obtained":["Regret"]},{"damage_healed":0.0,"max_hp_gain":0.0,"max_hp_loss":0.0,"gold_gain":0.0,"event_name":"Shining Light","player_choice":"Entered Light","floor":4.0,"gold_loss":0.0,"damage_taken":16.0,"cards_upgraded":["Carnage","Defend_R"]},{"cards_removed":["Regret"],"damage_healed":0.0,"max_hp_gain":0.0,"max_hp_loss":0.0,"gold_gain":0.0,"event_name":"The Cleric","player_choice":"Card Removal","floor":5.0,"gold_loss":50.0,"damage_taken":0.0},{"damage_healed":0.0,"max_hp_gain":0.0,"max_hp_loss":0.0,"gold_gain":175.0,"event_name":"Liars Game","player_choice":"AGREE","floor":10.0,"gold_loss":0.0,"damage_taken":0.0,"cards_obtained":["Doubt"]},{"damage_healed":0,"gold_gain":0,"player_choice":"Ignored","damage_taken":0,"max_hp_gain":0,"max_hp_loss":0,"event_name":"Ghosts","floor":20,"gold_loss":0},{"damage_healed":0,"gold_gain":0,"player_choice":"Read","damage_taken":0,"max_hp_gain":0,"max_hp_loss":0,"event_name":"The Library","floor":21,"gold_loss":0,"cards_obtained":["Thunderclap"]},{"damage_healed":0,"gold_gain":0,"player_choice":"Obtained Relic","damage_taken":0,"relics_obtained":["Bag of Preparation"],"max_hp_gain":0,"max_hp_loss":0,"event_name":"Addict","floor":27,"gold_loss":85}],"is_beta":false,"boss_relics":[{"not_picked":["Coffee Dripper","Mark of Pain","Runic Pyramid"]}],"items_purged_floors":[12],"is_endless":false,"potions_floor_spawned":[1,6,16,18],"killed_by":"Book of Stabbing","ascension_level":13}}