{"host":"jgyoyy5iuhtvyvtg","time":1608197865,"event":{"mods":["2.2 Compatiblity","BaseMod","Challenge The Spire","Colored Map","Conspire","Downfall","Hermit","Highlight Path","Infinite Spire","Lobotomy","LobotomyExtend","Minty Spire (QoL Compilation)","Quick Restart","Replay The Spire","Spikes Relics","StSLib","The Construct","The Disciple","The Jungle","Yuri Mod"],"gold_per_floor":[113,13,13,24,35,35,35,35,35,35,54,65,94,107,107,204,204,221,28,28,28],"floor_reached":20,"playtime":864,"items_purged":["WhiteNight"],"score":224,"play_id":"d236dd2a-7716-4578-b0ec-c073f0184f8f","local_time":"20201217013745","is_ascension_mode":false,"campfire_choices":[{"data":"champ:Improvising","floor":6,"key":"SMITH"},{"data":"champ:Duel","floor":8,"key":"SMITH"},{"data":"champ:Taunt","floor":10,"key":"SMITH"},{"data":"Ghostly","floor":15,"key":"SMITH"}],"circlet_count":0,"master_deck":["champ:Strike","champ:Defend","champ:Defend","champ:Defend","champ:Defend","champ:Execute","champ:Taunt+1","champ:FocusedBerserking","Ghostly+1","HereticApostle","champ:Improvising+1","UniverseFragment","champ:EnragedBash","champ:FanOfKnives","champ:DeathBlow","champ:EnragedBash","champ:Devastate","champ:ShieldWall+1","champ:FocusedGladiator+1","champ:EnchantCrown+1","champ:AdrenalArmor","champ:IgnorePain+1"],"relics":["champ:ChampionCrown","CogitoBucket","RabbitCall","LetterFromLob","infinitespire:Lucky Rock","champ:DeflectingBracers","AspirationHeart","Astrolabe"],"acts_visited":["Exordium","Exordium"],"potions_floor_usage":[13,13,16],"damage_taken":[{"damage":2,"enemies":"Small Slimes","floor":1,"turns":5},{"damage":5,"enemies":"2 Louse","floor":4,"turns":2},{"damage":5,"enemies":"Cultist","floor":5,"turns":3},{"damage":52,"enemies":"Exordium Wildlife","floor":11,"turns":9},{"damage":36,"enemies":"Large Slime","floor":12,"turns":4},{"damage":83,"enemies":"Lagavulin","floor":13,"turns":9},{"damage":22,"enemies":"Looter","floor":14,"turns":6},{"damage":51,"enemies":"Slime Boss","floor":16,"turns":11},{"damage":46,"enemies":"theJungle:Flameango_and_Byrd","floor":18,"turns":9},{"damage":11,"enemies":"theJungle:GiantWrat","floor":20,"turns":5}],"seed_played":"-6169835280942728271","potions_obtained":[{"floor":11,"key":"infinitespire:BlackPotion"},{"floor":12,"key":"Adrenaline Potion"},{"floor":14,"key":"Flashbang"}],"is_trial":false,"path_per_floor":["M","?","?","M","M","R","$","R","T","R","M","M","E","M","R","B",null,"M","$","M"],"character_chosen":"THE_CHAMP","items_purchased":["champ:IgnorePain+1"],"campfire_rested":0,"item_purchase_floors":[19],"current_hp_per_floor":[88,88,88,88,88,88,88,88,88,88,74,69,20,18,18,12,12,3,3,0,0],"gold":28,"neow_bonus":"","is_daily":false,"chose_seed":false,"campfire_upgraded":4,"win_rate":0.0,"timestamp":1608197865,"path_taken":["M","?","?","M","M","R","$","R","T","R","?","M","E","M","R","BOSS","M","$","M"],"items_purchased_type":["Card"],"build_version":"2020-12-13","purchased_purges":1,"victory":false,"max_hp_per_floor":[90,90,90,90,90,90,90,90,90,90,90,90,90,100,100,100,100,100,100,100,100],"card_choices":[{"not_picked":["CherryBlossoms","VoidDream","BeautyBeast"],"picked":"Singing Bowl","floor":1},{"not_picked":["champ:Encircle","champ:CrookedStrike"],"picked":"champ:FocusedBerserking","floor":1},{"not_picked":["HappyTeddy","Wellcheers","VoidDream"],"picked":"Singing Bowl","floor":4},{"not_picked":["champ:Haymaker","champ:Circumvent"],"picked":"champ:Duel","floor":4},{"not_picked":["Murderer","WallGazer","Variant"],"picked":"Singing Bowl","floor":5},{"not_picked":["champ:DefensiveShout","champ:BerserkersShout"],"picked":"champ:Improvising","floor":5},{"not_picked":["OSAHOGD","Scorched","HeroicMonk"],"picked":"Singing Bowl","floor":11},{"not_picked":["LaLuna","OSAHOGD"],"picked":"UniverseFragment","floor":11},{"not_picked":["champ:IronFortress","champ:ShieldSigil"],"picked":"champ:EnragedBash","floor":11},{"not_picked":["BigBadWolf","Wellcheers","Yin"],"picked":"Singing Bowl","floor":12},{"not_picked":["SingingMachine","FairyFestival"],"picked":"WhiteNight","floor":12},{"not_picked":["champ:Haymaker","champ:FocusedDefense"],"picked":"champ:FanOfKnives","floor":12},{"not_picked":["Alriune","NakedNest","CrumblingArmor"],"picked":"Singing Bowl","floor":13},{"not_picked":["champ:FlashCut","champ:Haymaker"],"picked":"champ:DeathBlow","floor":13},{"not_picked":["VoidDream","Variant","Wellcheers"],"picked":"Singing Bowl","floor":14},{"not_picked":["champ:BladeFlurry","champ:CalledShot"],"picked":"champ:EnragedBash","floor":14},{"not_picked":["BigBird","OSAHOGD","Scorched"],"picked":"Singing Bowl","floor":16},{"not_picked":["champ:Improvising","champ:EnchantShield"],"picked":"champ:Devastate","floor":16},{"not_picked":["SnowQueen","HappyTeddy","DespairKnight"],"picked":"Singing Bowl","floor":18},{"not_picked":["champ:Encircle","champ:BerserkersShout"],"picked":"champ:AdrenalArmor","floor":18}],"player_experience":3141823,"relics_obtained":[{"floor":1,"key":"LetterFromLob"},{"floor":9,"key":"infinitespire:Lucky Rock"},{"floor":13,"key":"champ:DeflectingBracers"}],"event_choices":[{"damage_healed":0,"gold_gain":0,"player_choice":"Argue","damage_taken":0,"max_hp_gain":0,"max_hp_loss":0,"event_name":"conspire:LoneGhost","floor":2,"gold_loss":0},{"damage_healed":0,"gold_gain":0,"player_choice":"Ignored","damage_taken":0,"max_hp_gain":0,"max_hp_loss":0,"event_name":"WeMeetAgain","floor":3,"gold_loss":0}],"is_beta":false,"boss_relics":[{"not_picked":["Replay:Ancient Bell","Ring of Chaos"],"picked":"Astrolabe"}],"items_purged_floors":[19],"is_endless":false,"potions_floor_spawned":[11,12,14],"killed_by":"theJungle:GiantWrat","ascension_level":0}}