{"host":"6vv0uythevi5qk1w","time":1608190877,"event":{"mods":["Act Like it!","BaseMod","Downfall","Gensokyo","Minty Spire (QoL Compilation)","Remilia£®¿Ÿ√◊¿Ú—«£©","Replay The Spire","StSLib"],"gold_per_floor":[111,127,137,137,75,75,102,77,77,107,232,232,243,303,303,381,381,398,358,14,77,94,122,122,185,185,185,212,243,257,257,270,338,338,412,412,428,490,564,628,643,672,672,368,368,418,479,513,523,557,557,557],"floor_reached":53,"playtime":3433,"items_purged":["Strike_R","Shame"],"score":1479,"play_id":"4300ba48-ee57-49c5-a982-9263d4c44452","local_time":"20201217154117","is_ascension_mode":true,"campfire_choices":[{"data":"Dual Wield","floor":6.0,"key":"SMITH"},{"data":"1","floor":12.0,"key":"LIFT"},{"floor":15.0,"key":"DIG"},{"data":"Berserk","floor":24.0,"key":"SMITH"},{"data":"2","floor":31.0,"key":"LIFT"},{"data":"3","floor":34.0,"key":"LIFT"},{"floor":43.0,"key":"REST"}],"circlet_count":0,"master_deck":["AscendersBane","Defend_R","Defend_R+1","Bash","Dual Wield+1","Battle Trance","Clash","Bludgeon+1","Second Wind","Rage","Brutality","Double Tap","Carnage","Replay:SS_hec_2","Berserk+1","Offering","ReplayTheSpireMod:Limb From Limb+1","Headbutt","Havoc","Burning Pact","ReplayTheSpireMod:Limb From Limb","expansioncontent:QuickStudy","expansioncontent:CaCaw","Feel No Pain+1","Warcry+1","Demon Form","Pommel Strike","ReplayTheSpireMod:Corrosion Curse+1"],"relics":["Burning Blood","NeowsBlessing","SsserpentHead","Girya","Paper Frog","Pantograph","Nunchaku","Snecko Heart","Membership Card","CaptainsWheel","Tiny Chest","Shuriken","Kintsugi","Replay:Rubber Ducky","Prayer Wheel","BargainBundle","Mummified Hand","Blood Vial","Bottled Lightning","Happy Flower","ReplayTheSpireMod:Spearhead","Pen Nib"],"acts_visited":["Exordium","TheCity","TheBeyond"],"potions_floor_usage":[],"damage_taken":[{"damage":0.0,"enemies":"Cultist","floor":1.0,"turns":1.0},{"damage":0.0,"enemies":"2 Louse","floor":2.0,"turns":2.0},{"damage":0.0,"enemies":"Jaw Worm","floor":3.0,"turns":1.0},{"damage":0.0,"enemies":"3 Sentries","floor":7.0,"turns":4.0},{"damage":0.0,"enemies":"Lagavulin","floor":10.0,"turns":3.0},{"damage":22.0,"enemies":"Large Slime","floor":13.0,"turns":4.0},{"damage":1.0,"enemies":"Exordium Wildlife","floor":14.0,"turns":3.0},{"damage":11.0,"enemies":"Slime Boss","floor":16.0,"turns":8.0},{"damage":0.0,"enemies":"Chosen","floor":18.0,"turns":1.0},{"damage":20.0,"enemies":"2 Thieves","floor":21.0,"turns":4.0},{"damage":0.0,"enemies":"Sentry and Sphere","floor":22.0,"turns":2.0},{"damage":7.0,"enemies":"Gremlin Leader","floor":23.0,"turns":4.0},{"damage":0.0,"enemies":"Shelled Parasite and Fungi","floor":25.0,"turns":3.0},{"damage":24.0,"enemies":"Slavers","floor":29.0,"turns":6.0},{"damage":2.0,"enemies":"3 Cultists","floor":30.0,"turns":4.0},{"damage":0.0,"enemies":"Snake Plant","floor":32.0,"turns":1.0},{"damage":0.0,"enemies":"Snecko","floor":33.0,"turns":3.0},{"damage":23.0,"enemies":"Collector","floor":35.0,"turns":11.0},{"damage":26.0,"enemies":"3 Shapes","floor":37.0,"turns":3.0},{"damage":21.0,"enemies":"3 Darklings","floor":38.0,"turns":3.0},{"damage":29.0,"enemies":"Jaw Worm Horde","floor":40.0,"turns":4.0},{"damage":14.0,"enemies":"4 Shapes","floor":41.0,"turns":5.0},{"damage":9.0,"enemies":"R_Hoarder","floor":42.0,"turns":6.0},{"damage":6.0,"enemies":"Transient","floor":47.0,"turns":5.0},{"damage":41.0,"enemies":"Nemesis","floor":48.0,"turns":7.0},{"damage":14.0,"enemies":"Spire Growth","floor":49.0,"turns":3.0},{"damage":0.0,"enemies":"Reptomancer","floor":50.0,"turns":2.0},{"damage":50,"enemies":"Awakened One","floor":52,"turns":6}],"seed_played":"-5057355599703161524","potions_obtained":[{"floor":1.0,"key":"FearPotion"},{"floor":2.0,"key":"Adrenaline Potion"},{"floor":7.0,"key":"champ:CounterPotion"},{"floor":13.0,"key":"HeartOfIron"},{"floor":14.0,"key":"ElixirPotion"},{"floor":25.0,"key":"SkillPotion"},{"floor":29.0,"key":"BlessingOfTheForge"},{"floor":30.0,"key":"Fire Potion"},{"floor":41.0,"key":"AttackPotion"},{"floor":42.0,"key":"SmokeBomb"}],"is_trial":false,"path_per_floor":["M","M","M","?","$","R","E","$","T","E","?","R","M","M","R","B",null,"M","?","$","M","M","E","R","M","PTL","PTL","T","E","M","R","M","M","R","B",null,"M","M","T","M","M","E","R","$","T","?","M","E","M","E","R","B",null],"character_chosen":"IRONCLAD","items_purchased":["Bludgeon+1","Membership Card","CaptainsWheel","Replay:SS_hec_2","BargainBundle","Mummified Hand","Blood Vial","Burning Pact","ReplayTheSpireMod:Limb From Limb","expansioncontent:QuickStudy","expansioncontent:CaCaw","FearPotion","Swift Potion","Feel No Pain+1"],"campfire_rested":1,"item_purchase_floors":[5,20,20,20,44,44,44,44,44,44,44,44,44,44],"current_hp_per_floor":[78,80,80,80,80,80,80,80,80,80,69,69,53,58,58,75,79,80,80,80,66,72,71,71,77,77,77,77,59,63,63,69,75,75,63,76,56,41,41,18,10,7,31,31,31,31,33,8,16,24,24,7],"gold":557,"neow_bonus":"THREE_ENEMY_KILL","is_daily":false,"chose_seed":false,"campfire_upgraded":2,"win_rate":0.0,"timestamp":1608190877,"path_taken":["M","?","M","?","?","R","E","?","T","E","?","R","M","?","R","BOSS","M","?","$","?","M","E","R","?","PTL","PTL","T","E","M","R","M","?","R","BOSS","M","?","?","?","M","E","R","$","T","?","?","E","M","E","R","BOSS"],"items_purchased_type":["Card","Relic","Relic","Card","Relic","Relic","Relic","Card","Card","Card","Card","Potion","Potion","Card"],"build_version":"2020-12-13","purchased_purges":2,"victory":true,"max_hp_per_floor":[80,80,80,80,80,80,80,80,80,80,80,80,80,80,80,80,80,80,80,80,80,80,80,80,80,80,80,80,80,80,80,80,80,80,80,80,80,80,80,80,80,80,80,80,80,80,80,80,80,80,80,80],"card_choices":[{"not_picked":["Replay:Undeath\u0027s Touch","True Grit"],"picked":"Dual Wield","floor":1.0},{"not_picked":["Headbutt","Power Through"],"picked":"Battle Trance","floor":2.0},{"not_picked":["Heavy Blade","Iron Wave"],"picked":"Clash","floor":3.0},{"not_picked":["Body Slam","Wild Strike"],"picked":"Second Wind","floor":7.0},{"not_picked":["Hemokinesis","Clash"],"picked":"Rage","floor":10.0},{"not_picked":["Warcry","Rampage"],"picked":"Brutality","floor":13.0},{"not_picked":["ReplayTheSpireMod:Strike From Hell","Perfected Strike","Second Wind"],"picked":"SKIP","floor":14.0},{"not_picked":["Brutality","Impervious"],"picked":"Double Tap","floor":16.0},{"not_picked":["Massacre","Headbutt"],"picked":"Carnage","floor":18.0},{"not_picked":["Sentinel","Cleave","Searing Blow"],"picked":"SKIP","floor":21.0},{"not_picked":["Abandon","Run Through","Iron Wave"],"picked":"SKIP","floor":22.0},{"not_picked":["Carnage","Armaments"],"picked":"Berserk","floor":23.0},{"not_picked":["Uppercut","Bloodletting","Clash"],"picked":"SKIP","floor":25.0},{"not_picked":["Seeing Red","Iron Wave","Body Slam"],"picked":"SKIP","floor":29.0},{"not_picked":["Warcry","Anger","Sword Boomerang"],"picked":"SKIP","floor":30.0},{"not_picked":["Flex","Fire Breathing","Wild Strike"],"picked":"SKIP","floor":32.0},{"not_picked":["Spot Weakness","Cleave","Twin Strike"],"picked":"SKIP","floor":33.0},{"not_picked":["Spot Weakness","Cleave","Twin Strike"],"picked":"SKIP","floor":33.0},{"not_picked":["Feed","Berserk"],"picked":"Offering","floor":35.0},{"not_picked":["Iron Wave","Searing Blow","Metallicize"],"picked":"SKIP","floor":37.0},{"not_picked":["Havoc","Pommel Strike","Seeing Red"],"picked":"SKIP","floor":38.0},{"not_picked":["Perfected Strike","Dropkick"],"picked":"ReplayTheSpireMod:Limb From Limb+1","floor":40.0},{"not_picked":["Replay:Undeath\u0027s Touch","Wild Strike+1"],"picked":"Headbutt","floor":41.0},{"not_picked":["Clash","Spot Weakness"],"picked":"Havoc","floor":42.0},{"not_picked":["Run Through","ReplayTheSpireMod:Muscle Training"],"picked":"Warcry+1","floor":47.0},{"not_picked":["ReplayTheSpireMod:Muscle Training+1","Flex","Armaments"],"picked":"SKIP","floor":47.0},{"not_picked":["ReplayTheSpireMod:Muscle Training","Clothesline"],"picked":"Demon Form","floor":48.0},{"not_picked":["Fire Breathing","Bloodletting"],"picked":"Pommel Strike","floor":49.0},{"not_picked":["Intimidate","Combust","Flex"],"picked":"SKIP","floor":49.0},{"not_picked":["Rupture+1","Pommel Strike"],"picked":"ReplayTheSpireMod:Corrosion Curse+1","floor":50.0}],"player_experience":381016,"relics_obtained":[{"floor":7.0,"key":"Girya"},{"floor":9.0,"key":"Paper Frog"},{"floor":10.0,"key":"Pantograph"},{"floor":15.0,"key":"Nunchaku"},{"floor":23.0,"key":"Tiny Chest"},{"floor":29.0,"key":"Shuriken"},{"floor":39.0,"key":"Replay:Rubber Ducky"},{"floor":42.0,"key":"Prayer Wheel"},{"floor":45.0,"key":"Bottled Lightning"},{"floor":48.0,"key":"ReplayTheSpireMod:Spearhead"},{"floor":50.0,"key":"Pen Nib"}],"event_choices":[{"damage_healed":0.0,"max_hp_gain":0.0,"max_hp_loss":0.0,"gold_gain":0.0,"event_name":"FaceTrader","player_choice":"Trade","floor":4.0,"gold_loss":0.0,"damage_taken":0.0,"relics_obtained":["SsserpentHead"]},{"damage_healed":0.0,"max_hp_gain":0.0,"max_hp_loss":0.0,"gold_gain":75.0,"event_name":"World of Goop","player_choice":"Gather Gold","floor":11.0,"gold_loss":0.0,"damage_taken":11.0},{"cards_removed":["Strike_R"],"damage_healed":0.0,"max_hp_gain":0.0,"max_hp_loss":0.0,"gold_gain":0.0,"event_name":"Designer","player_choice":"Upgrade and Remove","floor":19.0,"gold_loss":90.0,"damage_taken":0.0,"cards_upgraded":["Defend_R"]},{"damage_healed":0.0,"max_hp_gain":0.0,"max_hp_loss":0.0,"gold_gain":0.0,"event_name":"WeMeetAgain","player_choice":"Gave Potion","floor":46.0,"gold_loss":0.0,"damage_taken":0.0,"relics_obtained":["Happy Flower"]},{"cards_removed":["Slimebound:Icky"],"damage_healed":0.0,"max_hp_gain":0.0,"max_hp_loss":0.0,"gold_gain":0.0,"event_name":"Fountain of Cleansing","player_choice":"Removed Curses","floor":51.0,"gold_loss":0.0,"damage_taken":0.0}],"is_beta":false,"boss_relics":[{"not_picked":["Painkiller Herb","Busted Crown"],"picked":"Snecko Heart"},{"not_picked":["Sozu","Velvet Choker"],"picked":"Kintsugi"}],"items_purged_floors":[8,44],"is_endless":false,"potions_floor_spawned":[1,2,7,13,14,18,25,29,30,41,42],"ascension_level":13}}