{"host":"h5cp71fj81sc4mn8","time":1608186654,"event":{"mods":["AchievementEnabler","BaseMod","Colored Map","Minty Spire (QoL Compilation)","Quick Restart","Relic Stats","Slay-I","Spicy Shops","StSLib","SuperFastMode"],"gold_per_floor":[110,129,140,156,156,156,42,77,77,252,252,252,252],"floor_reached":12,"playtime":1187,"items_purged":["Strike_P"],"score":90,"play_id":"f3b9d5ec-4c5d-4912-bd18-c62e524044ce","local_time":"20201216223054","is_ascension_mode":true,"campfire_choices":[{"data":"Eruption","floor":6.0,"key":"SMITH"},{"data":"Study","floor":11,"key":"SMITH"}],"circlet_count":0,"master_deck":["Strike_P","Strike_P","Strike_P","Defend_P","Defend_P","Defend_P","Defend_P","Eruption+1","Vigilance","PathToVictory","Evaluate","Study+1","DeusExMachina","Doubt"],"relics":["Velvet Choker","InkBottle","Bird Faced Urn"],"acts_visited":[],"potions_floor_usage":[12,12],"damage_taken":[{"damage":0.0,"enemies":"Cultist","floor":1.0,"turns":2.0},{"damage":0.0,"enemies":"2 Louse","floor":2.0,"turns":3.0},{"damage":5.0,"enemies":"Small Slimes","floor":3.0,"turns":3.0},{"damage":14.0,"enemies":"Looter","floor":4.0,"turns":2.0},{"damage":19.0,"enemies":"3 Sentries","floor":8.0,"turns":7.0},{"damage":51,"enemies":"Lagavulin","floor":12,"turns":5}],"seed_played":"3163199619570248039","potions_obtained":[{"floor":3.0,"key":"LiquidBronze"},{"floor":5.0,"key":"BlessingOfTheForge"},{"floor":5.0,"key":"BlessingOfTheForge"}],"is_trial":false,"path_per_floor":["M","M","M","M","?","R","$","E","T","?","R","E"],"character_chosen":"WATCHER","items_purchased":["Study"],"campfire_rested":0,"item_purchase_floors":[7],"current_hp_per_floor":[72,72,67,53,53,53,53,34,34,34,34,0,0],"gold":252,"neow_bonus":"BOSS_RELIC","is_daily":false,"chose_seed":false,"campfire_upgraded":2,"win_rate":0.0,"timestamp":1608186654,"path_taken":["M","M","M","M","?","R","$","E","T","?","R","E"],"items_purchased_type":["Card"],"build_version":"2020-12-13","purchased_purges":1,"victory":false,"max_hp_per_floor":[72,72,72,72,72,72,72,72,72,72,72,72,72],"relic_stats":{"counters":[1,5],"Bird Faced Urn":[2],"obtain_stats":[{"Bird Faced Urn":9,"Velvet Choker":0,"InkBottle":8},{"Bird Faced Urn":0,"Velvet Choker":0,"InkBottle":0},{"Bird Faced Urn":0,"Velvet Choker":0,"InkBottle":0}],"InkBottle":[2]},"card_choices":[{"not_picked":["Halt","Prostrate"],"picked":"PathToVictory","floor":1.0},{"not_picked":["Consecrate","ClearTheMind","FollowUp"],"picked":"SKIP","floor":2.0},{"not_picked":["Prostrate","WheelKick","Halt"],"picked":"SKIP","floor":3.0},{"not_picked":["EmptyFist","Indignation"],"picked":"Evaluate","floor":4.0},{"not_picked":["BowlingBash","SpiritShield"],"picked":"DeusExMachina","floor":8}],"player_experience":463224,"relics_obtained":[{"floor":8,"key":"InkBottle"},{"floor":9,"key":"Bird Faced Urn"}],"event_choices":[{"damage_healed":0.0,"max_hp_gain":0.0,"max_hp_loss":0.0,"gold_gain":0.0,"event_name":"Lab","player_choice":"Got Potions","floor":5.0,"gold_loss":0.0,"damage_taken":0.0},{"damage_healed":0,"gold_gain":175,"player_choice":"AGREE","damage_taken":0,"max_hp_gain":0,"max_hp_loss":0,"event_name":"Liars Game","floor":10,"gold_loss":0,"cards_obtained":["Doubt"]}],"is_beta":false,"boss_relics":[],"items_purged_floors":[7],"is_endless":false,"potions_floor_spawned":[3],"killed_by":"Lagavulin","ascension_level":3}}