{"host":"4par9lyhj7bf4dsa","time":1608237055,"event":{"mods":["AchievementEnabler","BaseMod","Colored Map","Minty Spire (QoL Compilation)","Relic Stats","StSLib"],"gold_per_floor":[114,127,43,43,55,90,108,108,132,164,164,223,240,240,240,361,361,380,380,65,80,80,80],"floor_reached":22,"playtime":1460,"items_purged":["Strike_P"],"score":378,"play_id":"ea0caa39-2780-4375-94e4-09563f68fd5a","local_time":"20201218073055","is_ascension_mode":true,"campfire_choices":[{"data":"Vigilance","floor":8,"key":"SMITH"},{"data":"LikeWater","floor":11,"key":"SMITH"},{"data":"ThirdEye","floor":15,"key":"SMITH"}],"circlet_count":0,"master_deck":["AscendersBane","Strike_P","Strike_P","Defend_P","Defend_P","Defend_P","Eruption","Vigilance+1","SandsOfTime","LikeWater+1","FollowUp","SandsOfTime","DeusExMachina","ThirdEye+1","LikeWater","DeusExMachina","Wallop","Tantrum","Vault"],"relics":["VioletLotus","Lantern","Ancient Tea Set","Blood Vial","Shovel","Golden Idol","Runic Pyramid","Sundial"],"acts_visited":["Exordium","TheCity"],"potions_floor_usage":[12,16],"damage_taken":[{"damage":0,"enemies":"Cultist","floor":1,"turns":4},{"damage":0,"enemies":"Small Slimes","floor":2,"turns":3},{"damage":0,"enemies":"2 Louse","floor":5,"turns":3},{"damage":20,"enemies":"Gremlin Nob","floor":6,"turns":5},{"damage":0,"enemies":"Blue Slaver","floor":7,"turns":2},{"damage":30,"enemies":"Lagavulin","floor":10,"turns":6},{"damage":0,"enemies":"Gremlin Nob","floor":12,"turns":3},{"damage":7,"enemies":"Large Slime","floor":13,"turns":5},{"damage":0,"enemies":"Hexaghost","floor":16,"turns":9},{"damage":12,"enemies":"Chosen","floor":18,"turns":4},{"damage":0,"enemies":"Shell Parasite","floor":21,"turns":5},{"damage":52,"enemies":"Snake Plant","floor":22,"turns":4}],"seed_played":"-6496164271722632663","potions_obtained":[{"floor":1,"key":"Regen Potion"},{"floor":2,"key":"PowerPotion"},{"floor":16,"key":"Ancient Potion"}],"is_trial":false,"path_per_floor":["M","M","$","?","M","E","M","R","T","E","R","?","M","?","R","B",null,"M","?","$","M","M"],"character_chosen":"WATCHER","items_purchased":["LikeWater","FollowUp","Sundial"],"campfire_rested":0,"item_purchase_floors":[3,3,20],"current_hp_per_floor":[65,65,65,65,65,45,45,45,45,15,15,26,21,21,21,23,56,46,46,46,48,0,0],"gold":80,"neow_bonus":"BOSS_RELIC","is_daily":false,"chose_seed":false,"campfire_upgraded":3,"win_rate":0.0,"timestamp":1608237055,"path_taken":["M","M","$","?","M","E","M","R","T","E","R","?","M","?","R","BOSS","M","?","$","M","M"],"items_purchased_type":["Card","Card","Relic"],"build_version":"2020-12-13","purchased_purges":1,"victory":false,"max_hp_per_floor":[72,72,72,72,72,72,72,72,72,72,72,72,72,67,67,67,67,67,67,67,67,67,67],"relic_stats":{"Blood Vial":12,"Shovel":0,"counters":[12,53],"Golden Idol":31,"Sundial":[2],"VioletLotus":[12],"obtain_stats":[{"Blood Vial":10,"Lantern":6,"Shovel":12,"Golden Idol":14,"Sundial":20,"VioletLotus":0,"PureWater":0,"Ancient Tea Set":9,"Runic Pyramid":17},{"Blood Vial":6,"Lantern":4,"Shovel":7,"Golden Idol":8,"Sundial":10,"VioletLotus":0,"PureWater":0,"Ancient Tea Set":5,"Runic Pyramid":9},{"Blood Vial":23,"Lantern":15,"Shovel":26,"Golden Idol":31,"Sundial":44,"VioletLotus":0,"PureWater":0,"Ancient Tea Set":17,"Runic Pyramid":40}]},"card_choices":[{"not_picked":["Adaptation","ForeignInfluence"],"picked":"SandsOfTime","floor":1},{"not_picked":["WreathOfFlame","Swivel","ThirdEye"],"picked":"SKIP","floor":2},{"not_picked":["Halt","SashWhip"],"picked":"SandsOfTime","floor":5},{"not_picked":["EmptyBody","JustLucky","FlyingSleeves"],"picked":"SKIP","floor":6},{"not_picked":["Wireheading","Protect"],"picked":"DeusExMachina","floor":7},{"not_picked":["Vengeance","Devotion"],"picked":"ThirdEye","floor":10},{"not_picked":["Consecrate","Adaptation"],"picked":"LikeWater","floor":12},{"not_picked":["PathToVictory","FollowUp","ThirdEye"],"picked":"SKIP","floor":13},{"not_picked":["Brilliance","MasterReality"],"picked":"DeusExMachina","floor":16},{"not_picked":["Consecrate","Collect"],"picked":"Wallop","floor":18},{"not_picked":["Adaptation","FlyingSleeves","PathToVictory+1"],"picked":"SKIP","floor":21}],"player_experience":878990,"relics_obtained":[{"floor":6,"key":"Lantern"},{"floor":9,"key":"Ancient Tea Set"},{"floor":10,"key":"Blood Vial"},{"floor":12,"key":"Shovel"}],"event_choices":[{"damage_healed":0,"gold_gain":0,"player_choice":"Leave","damage_taken":0,"max_hp_gain":0,"max_hp_loss":0,"event_name":"The Cleric","floor":4,"gold_loss":0},{"damage_healed":0,"gold_gain":0,"player_choice":"Searched \u00272\u0027 times","damage_taken":0,"max_hp_gain":0,"max_hp_loss":0,"event_name":"Dead Adventurer","floor":12,"gold_loss":0},{"damage_healed":0,"gold_gain":0,"player_choice":"Lose Max HP","damage_taken":0,"relics_obtained":["Golden Idol"],"max_hp_gain":0,"max_hp_loss":5,"event_name":"Golden Idol","floor":14,"gold_loss":0},{"damage_healed":0,"gold_gain":0,"cards_transformed":["Strike_P","Defend_P"],"player_choice":"Became Test Subject","damage_taken":0,"max_hp_gain":0,"max_hp_loss":0,"event_name":"Drug Dealer","floor":19,"gold_loss":0,"cards_obtained":["Tantrum","Vault"]}],"is_beta":false,"boss_relics":[{"not_picked":["SacredBark","Calling Bell"],"picked":"Runic Pyramid"}],"items_purged_floors":[20],"is_endless":false,"potions_floor_spawned":[1,2,16],"killed_by":"Snake Plant","ascension_level":11}}