{"host":"y76clbnovzmw9ubx","time":1608164864,"event":{"mods":["AchievementEnabler","BaseMod","Minty Spire (QoL Compilation)","Permanent Neow","Relic Stats"],"gold_per_floor":[17,17,32,46,66,101,101,141,141,182,205,285,285,309,309,309,309],"floor_reached":16,"playtime":1411,"items_purged":[],"score":294,"play_id":"acbe5202-cfc7-4c58-967e-bd1d49046614","local_time":"20201216192744","is_ascension_mode":true,"campfire_choices":[{"floor":7,"key":"REST"},{"floor":13,"key":"REST"},{"data":"Recycle","floor":15,"key":"SMITH"}],"circlet_count":0,"master_deck":["AscendersBane","Strike_B","Strike_B","Strike_B","Defend_B","Defend_B","Defend_B","Zap","Dualcast","Leap","Darkness","Cold Snap","Sunder","Electrodynamics","Recycle+1","Compile Driver","Coolheaded"],"relics":["Cracked Core","Golden Idol","Pear","Akabeko","Shuriken","Ancient Tea Set"],"acts_visited":["Exordium"],"potions_floor_usage":[5,6,10,10,16],"damage_taken":[{"damage":2,"enemies":"Jaw Worm","floor":1,"turns":3},{"damage":0,"enemies":"Small Slimes","floor":3,"turns":3},{"damage":1,"enemies":"2 Louse","floor":4,"turns":3},{"damage":15,"enemies":"Gremlin Gang","floor":5,"turns":4},{"damage":32,"enemies":"Gremlin Nob","floor":6,"turns":4},{"damage":16,"enemies":"3 Sentries","floor":8,"turns":4},{"damage":0,"enemies":"Lagavulin","floor":10,"turns":5},{"damage":15,"enemies":"Blue Slaver","floor":11,"turns":4},{"damage":9,"enemies":"3 Sentries","floor":12,"turns":4},{"damage":2,"enemies":"Large Slime","floor":14,"turns":3},{"damage":38,"enemies":"The Guardian","floor":16,"turns":11}],"seed_played":"1051676346619371630","potions_obtained":[{"floor":4,"key":"SneckoOil"},{"floor":5,"key":"Regen Potion"},{"floor":6,"key":"EssenceOfDarkness"},{"floor":8,"key":"Block Potion"},{"floor":12,"key":"Block Potion"},{"floor":14,"key":"Ancient Potion"}],"is_trial":false,"path_per_floor":["M","?","M","M","M","E","R","E","T","E","M","?","R","M","R","B"],"character_chosen":"DEFECT","items_purchased":[],"campfire_rested":2,"item_purchase_floors":[],"current_hp_per_floor":[62,62,62,61,46,36,58,42,42,42,27,18,40,38,38,0,0],"gold":309,"neow_bonus":"TRANSFORM_TWO_CARDS","is_daily":false,"chose_seed":false,"campfire_upgraded":1,"win_rate":0.0,"timestamp":1608164864,"path_taken":["M","?","M","M","M","E","R","E","T","E","M","?","R","M","R","BOSS"],"items_purchased_type":[],"build_version":"2020-12-13","purchased_purges":0,"victory":false,"max_hp_per_floor":[71,64,64,64,64,74,74,74,74,74,74,74,74,74,74,74,74],"relic_stats":{"counters":[11,48],"Golden Idol":68,"Shuriken":[1],"obtain_stats":[{"Pear":6,"Golden Idol":2,"Shuriken":10,"Cracked Core":0,"Ancient Tea Set":12,"Akabeko":8},{"Pear":5,"Golden Idol":1,"Shuriken":7,"Cracked Core":0,"Ancient Tea Set":9,"Akabeko":6},{"Pear":17,"Golden Idol":3,"Shuriken":26,"Cracked Core":0,"Ancient Tea Set":34,"Akabeko":21}]},"card_choices":[{"not_picked":["Redo","Static Discharge","Aggregate"],"picked":"SKIP","floor":1},{"not_picked":["Hologram","Steam"],"picked":"Cold Snap","floor":3},{"not_picked":["Redo","Hologram","Storm"],"picked":"SKIP","floor":4},{"not_picked":["Coolheaded","Go for the Eyes"],"picked":"Sunder","floor":5},{"not_picked":["Barrage","Turbo"],"picked":"Electrodynamics","floor":6},{"not_picked":["Hello World","Turbo","Streamline"],"picked":"SKIP","floor":8},{"not_picked":["Sweeping Beam","Hello World"],"picked":"Recycle","floor":10},{"not_picked":["Tempest","White Noise","Turbo"],"picked":"SKIP","floor":11},{"not_picked":["Hologram","Thunder Strike"],"picked":"Compile Driver","floor":12},{"not_picked":["Turbo","Ball Lightning"],"picked":"Coolheaded","floor":14}],"player_experience":2883871,"relics_obtained":[{"floor":6,"key":"Pear"},{"floor":8,"key":"Akabeko"},{"floor":10,"key":"Shuriken"},{"floor":12,"key":"Ancient Tea Set"}],"event_choices":[{"damage_healed":0,"gold_gain":0,"player_choice":"Lose Max HP","damage_taken":0,"relics_obtained":["Golden Idol"],"max_hp_gain":0,"max_hp_loss":7,"event_name":"Golden Idol","floor":2,"gold_loss":0},{"damage_healed":0,"gold_gain":0,"player_choice":"Searched \u00271\u0027 times","damage_taken":0,"max_hp_gain":0,"max_hp_loss":0,"event_name":"Dead Adventurer","floor":12,"gold_loss":0}],"is_beta":false,"boss_relics":[],"items_purged_floors":[],"is_endless":false,"potions_floor_spawned":[4,5,6,8,12,14],"killed_by":"The Guardian","ascension_level":20}}