{"host":"0fm1w3v00gid44jl","time":1608231609,"event":{"mods":["AchievementEnabler","BaseMod","Colored Map","Colored Powertips","Displayed Cursed Tome","Downfall","Googly Eyes","Highlight Path","Minty Spire (QoL Compilation)","Permanent Neow","Relic Stats","StSLib","SuperFastMode","slay the spire mod where everything is the same but ironclad has a cowboy hat"],"gold_per_floor":[99,99,118,137,587,587,637,664,589,589,589],"floor_reached":10,"playtime":259,"items_purged":[],"score":64,"play_id":"e27ec005-2e49-4a1b-b3d0-34f4aacc8797","local_time":"20201217130009","is_ascension_mode":false,"campfire_choices":[{"data":"champ:Execute","floor":1,"key":"SMITH"},{"data":"champ:Encircle","floor":6,"key":"SMITH"},{"data":"champ:BladeFlurry","floor":9,"key":"SMITH"}],"circlet_count":0,"master_deck":["champ:Strike","champ:Strike","champ:Strike","champ:Strike","champ:Defend","champ:Defend","champ:Defend","champ:Defend","champ:Execute+1","champ:Taunt","champ:Circumvent","champ:Encircle+1","Slimebound:Icky","Slimebound:Icky","Slimebound:Icky","champ:BladeFlurry+1"],"relics":["Snecko Eye","downfall:ShatteredFragment","MealTicket","Bronze Scales","downfall:HeartBlessingGreen"],"acts_visited":["Exordium"],"potions_floor_usage":[],"damage_taken":[{"damage":5,"enemies":"Small Slimes","floor":3,"turns":2},{"damage":3,"enemies":"Jaw Worm","floor":4,"turns":2},{"damage":49,"enemies":"3 Sentries","floor":8,"turns":7},{"damage":10,"enemies":"Lagavulin","floor":10,"turns":2}],"seed_played":"1824873676197029158","potions_obtained":[{"floor":4,"key":"Regen Potion"},{"floor":8,"key":"champ:CounterPotion"}],"is_trial":false,"path_per_floor":["R","?","M","M","?","R","T","E","R","E"],"character_chosen":"THE_CHAMP","items_purchased":[],"campfire_rested":0,"item_purchase_floors":[],"current_hp_per_floor":[90,63,63,63,63,63,63,37,37,27,27],"gold":589,"neow_bonus":"BOSS_RELIC","is_daily":false,"chose_seed":false,"campfire_upgraded":3,"win_rate":0.0,"timestamp":1608231609,"path_taken":["R","?","M","M","?","R","T","E","R","E"],"items_purchased_type":[],"build_version":"2020-12-13","purchased_purges":0,"victory":false,"max_hp_per_floor":[90,90,90,90,90,90,90,90,90,90,90],"relic_stats":{"counters":[4,13],"Bronze Scales":[0],"Snecko Eye":[20,24,21,17],"MealTicket":0,"obtain_stats":[{"downfall:ShatteredFragment":2,"Bronze Scales":8,"Snecko Eye":0,"champ:ChampionCrown":0,"MealTicket":7,"downfall:HeartBlessingGreen":9},{"downfall:ShatteredFragment":0,"Bronze Scales":3,"Snecko Eye":0,"champ:ChampionCrown":0,"MealTicket":2,"downfall:HeartBlessingGreen":3},{"downfall:ShatteredFragment":0,"Bronze Scales":11,"Snecko Eye":0,"champ:ChampionCrown":0,"MealTicket":4,"downfall:HeartBlessingGreen":11}]},"card_choices":[{"not_picked":["champ:GladiatorsShout","champ:HeartStrike"],"picked":"champ:Circumvent","floor":3},{"not_picked":["champ:FocusedBerserking","champ:EnragedBash"],"picked":"champ:Encircle","floor":4},{"not_picked":["champ:CrookedStrike","champ:HeartStrike"],"picked":"champ:BladeFlurry","floor":8}],"player_experience":1379514,"relics_obtained":[{"floor":7,"key":"MealTicket"},{"floor":8,"key":"Bronze Scales"}],"event_choices":[],"is_beta":false,"boss_relics":[],"items_purged_floors":[],"is_endless":false,"potions_floor_spawned":[4,8],"killed_by":"Lagavulin","ascension_level":0}}