{"host":"raai0vtvcfkt8csp","time":1608246369,"event":{"mods":["2.2 Compatiblity","AchievementEnabler","BaseMod","Block Reminder","Booster Modes","DeckTracker","Defective Defect","GifTheSpireLib","Minty Spire (QoL Compilation)","Quick Restart","Random Character Button","Rare Cards Sparkle","StSLib","Unceasing Turn Reminder"],"gold_per_floor":[111,111,111,129,31,65,77,77,77,106,106,125,153,165,165,265,265,278,298,213,228,242,242,242,272,297,297,297],"floor_reached":27,"playtime":1469,"items_purged":[],"score":266,"play_id":"3750a773-f705-4b3f-9d3a-e9ca48c1368d","local_time":"20201218000609","is_ascension_mode":true,"campfire_choices":[{"data":"Crippling Poison","floor":8,"key":"SMITH"},{"floor":11,"key":"REST"},{"floor":15,"key":"REST"},{"floor":24,"key":"REST"}],"circlet_count":0,"master_deck":["Strike_G","Strike_G","Strike_G","Strike_G","Defend_G","Defend_G","Defend_G","Defend_G","Defend_G","Survivor","Neutralize","Catalyst","Crippling Poison+1","Flying Knee","Accuracy","Blade Dance","Deadly Poison","Riddle With Holes","Concentrate","Corpse Explosion","Choke","A Thousand Cuts","Predator+1","Endless Agony","Bane","Night Terror","Catalyst"],"relics":["Ring of the Serpent","Calipers","Singing Bowl","HornCleat","Bottled Flame","Blue Candle","Dream Catcher","Pocketwatch","Meat on the Bone"],"acts_visited":["Exordium","TheCity"],"potions_floor_usage":[6,10,19,21,27,27],"damage_taken":[{"damage":2,"enemies":"2 Louse","floor":1,"turns":4},{"damage":0,"enemies":"Small Slimes","floor":4,"turns":3},{"damage":28,"enemies":"3 Sentries","floor":6,"turns":16},{"damage":1,"enemies":"Cultist","floor":7,"turns":4},{"damage":5,"enemies":"Lagavulin","floor":10,"turns":5},{"damage":3,"enemies":"Gremlin Gang","floor":12,"turns":2},{"damage":6,"enemies":"3 Sentries","floor":13,"turns":4},{"damage":5,"enemies":"Looter","floor":14,"turns":3},{"damage":29,"enemies":"Hexaghost","floor":16,"turns":9},{"damage":0,"enemies":"3 Byrds","floor":18,"turns":3},{"damage":0,"enemies":"Spheric Guardian","floor":19,"turns":3},{"damage":17,"enemies":"Snake Plant","floor":21,"turns":5},{"damage":22,"enemies":"3 Cultists","floor":22,"turns":4},{"damage":43,"enemies":"Book of Stabbing","floor":25,"turns":7},{"damage":27,"enemies":"Slavers","floor":27,"turns":1}],"seed_played":"2816944982199852230","potions_obtained":[{"floor":1,"key":"Swift Potion"},{"floor":4,"key":"Block Potion"},{"floor":10,"key":"FearPotion"},{"floor":16,"key":"DistilledChaos"},{"floor":18,"key":"Regen Potion"},{"floor":19,"key":"Dexterity Potion"},{"floor":22,"key":"CultistPotion"}],"is_trial":false,"path_per_floor":["M","?","?","M","$","E","M","R","T","E","R","M","E","M","R","B",null,"M","M","?","M","M","?","R","E","T","E"],"character_chosen":"THE_SILENT","items_purchased":["Accuracy","Blade Dance"],"campfire_rested":3,"item_purchase_floors":[5,5],"current_hp_per_floor":[47,70,70,70,70,42,41,41,41,36,57,54,50,45,66,37,72,72,72,72,57,35,35,57,14,14,0,0],"gold":297,"neow_bonus":"ONE_RARE_RELIC","is_daily":false,"chose_seed":false,"campfire_upgraded":1,"win_rate":0.0,"timestamp":1608246369,"path_taken":["M","?","?","?","$","E","?","R","T","E","R","M","E","M","R","BOSS","M","M","?","M","M","?","R","E","T","E"],"items_purchased_type":["Card","Card"],"build_version":"2020-12-13","purchased_purges":0,"victory":false,"max_hp_per_floor":[70,70,70,70,70,70,70,70,70,70,70,70,72,72,72,72,72,72,72,72,74,74,74,74,74,74,74,74],"card_choices":[{"not_picked":["Deadly Poison","Tactician"],"picked":"Catalyst","floor":1},{"not_picked":["Underhanded Strike","Outmaneuver"],"picked":"Flying Knee","floor":4},{"not_picked":["PiercingWail","Underhanded Strike"],"picked":"Deadly Poison","floor":6},{"not_picked":["Acrobatics","Outmaneuver"],"picked":"Riddle With Holes","floor":7},{"not_picked":["Flying Knee","PiercingWail"],"picked":"Concentrate","floor":10},{"not_picked":["Backstab","Dagger Spray"],"picked":"Corpse Explosion","floor":12},{"not_picked":["Dodge and Roll","Dash","Deflect"],"picked":"Singing Bowl","floor":13},{"not_picked":["Accuracy","Underhanded Strike"],"picked":"Choke","floor":14},{"not_picked":["Wraith Form v2","Storm of Steel"],"picked":"A Thousand Cuts","floor":16},{"not_picked":["Masterful Stab","Deflect"],"picked":"Predator+1","floor":18},{"not_picked":["Outmaneuver","Dodge and Roll+1"],"picked":"Endless Agony","floor":19},{"not_picked":["Predator","Dagger Spray","Acrobatics+1"],"picked":"Singing Bowl","floor":21},{"not_picked":["Dagger Throw+1","Acrobatics+1"],"picked":"Bane","floor":22},{"not_picked":["Riddle With Holes+1","Underhanded Strike"],"picked":"Night Terror","floor":24},{"not_picked":["Dagger Spray","Backflip"],"picked":"Catalyst","floor":25}],"player_experience":403230,"relics_obtained":[{"floor":6,"key":"Singing Bowl"},{"floor":9,"key":"HornCleat"},{"floor":10,"key":"Bottled Flame"},{"floor":13,"key":"Blue Candle"},{"floor":25,"key":"Meat on the Bone"}],"event_choices":[{"damage_healed":23,"gold_gain":0,"player_choice":"Banana","damage_taken":0,"max_hp_gain":0,"max_hp_loss":0,"event_name":"Big Fish","floor":2,"gold_loss":0},{"damage_healed":0,"gold_gain":0,"cards_transformed":["Strike_G"],"player_choice":"Transformed","damage_taken":0,"max_hp_gain":0,"max_hp_loss":0,"event_name":"Transmorgrifier","floor":3,"gold_loss":0,"cards_obtained":["Crippling Poison"]},{"damage_healed":0,"gold_gain":0,"player_choice":"Obtained Relic","damage_taken":0,"relics_obtained":["Dream Catcher"],"max_hp_gain":0,"max_hp_loss":0,"event_name":"Addict","floor":20,"gold_loss":85},{"damage_healed":0,"gold_gain":0,"player_choice":"Opened","damage_taken":0,"relics_obtained":["Pocketwatch"],"max_hp_gain":0,"max_hp_loss":0,"event_name":"The Mausoleum","floor":23,"gold_loss":0}],"is_beta":false,"boss_relics":[{"not_picked":["Tiny House","Runic Dome"],"picked":"Ring of the Serpent"}],"items_purged_floors":[],"is_endless":false,"potions_floor_spawned":[1,4,10,16,18,19,22],"killed_by":"Slavers","ascension_level":1}}