{"host":"0y7rggrn2c7yxnri","time":1608182914,"event":{"mods":["AchievementEnabler","Act Like it!","AlwaysNeverKeys","Aspiration","Bartender","BaseMod","Better Altar","Better Sensory Stone","Better Skull","Better Third Choice","Better Vampires","BetterRewards","Colored Map","Colored Powertips","Displayed Cursed Tome","Duelist Mod","GifTheSpireLib","Magitek Elite","Minty Spire (QoL Compilation)","Permanent Neow","Quick Restart","Replay The Spire","Shop Mod","Spicy Shops","StSLib","Stuff the Spire","The Alterego","The Animator","The Servant 0.9.4","Transform Curses","Virulent Crown","Wandering Minibosses","vexMod"],"gold_per_floor":[113,163,163,163,174,174,205,216,243,273,23,23,54,69,78,158,158,26,26,26,26,26,54,54,82,108,141,155,155,155,155,170,85,85,158,158,170,170,170,251,73,99,111,23,23],"floor_reached":44,"playtime":2307,"items_purged":["Amnesia","ReplayTheSpireMod:Doomed"],"score":1755,"play_id":"2b0c34ac-310f-49df-a24f-f426576eb531","local_time":"20201217002834","is_ascension_mode":true,"campfire_choices":[{"data":"Inflame","floor":6,"key":"SMITH"},{"data":"Blood for Blood","floor":6,"key":"SMITH"},{"floor":15,"key":"REST"},{"floor":24,"key":"REST"},{"data":"Evolve","floor":31,"key":"SMITH"},{"data":"Secret Weapon","floor":31,"key":"SMITH"},{"floor":34,"key":"REST"}],"circlet_count":0,"master_deck":["AscendersBane","Strike_R","Strike_R","Strike_R","Strike_R","Strike_R","Defend_R","Defend_R","Defend_R","Bash+1","Secret Weapon+1","ReplayTheSpireMod:LeadingStrike+1","Poisoned Strike+1","Cleave+1","Blood for Blood+1","Inflame+1","Injury","Hemokinesis+1","StuffTheSpire:Slingshot+1","animator:Curse_Greed","Shame","Pommel Strike+1","Immolate+1","StuffTheSpire:CuriosityCurse","StuffTheSpire:Incineration+1","Heavy Blade+1","Evolve+1","Demon Form+1","Dropkick+1","Feed+1","theDuelist:DuelistAscender","StuffTheSpire:Resist","Fire Breathing+1"],"relics":["Burning Blood","Kunai","Red Skull","Vajra","StuffTheSpire:Tea","Paper Frog","Replay:Arrowhead","Ring of Peace","Ring of Greed","Blue Doll","Replay:Wax Seal","Molten Egg 2","Boot","FossilizedHelix","MerchantsRug","ReplayTheSpireMod:CursedCoin","Dream Catcher","Black Star","betterThird:NestCultRelic","Nloth\u0027s Gift","ReplayTheSpireMod:Spearhead","Tintinnabulum","Snack Pack","Champion Belt","Centennial Puzzle","Golden Egg","Lantern","Mark of Pain","StrikeDummy","wanderingMiniBosses:ThiefScarf","CeramicFish","MawBank","Omamori","Ancient Tea Set","Toolbox"],"acts_visited":["Exordium","TheCity","TheBeyond"],"potions_floor_usage":[16,18,23,28,44,44],"damage_taken":[{"damage":0,"enemies":"Small Slimes","floor":1,"turns":2},{"damage":0,"enemies":"2 Louse","floor":5,"turns":2},{"damage":34,"enemies":"3 Sentries","floor":7,"turns":7},{"damage":0,"enemies":"Cultist","floor":8,"turns":2},{"damage":17,"enemies":"Lagavulin","floor":10,"turns":4},{"damage":0,"enemies":"Gremlin Nob","floor":13,"turns":3},{"damage":9,"enemies":"Exordium Wildlife","floor":14,"turns":4},{"damage":0,"enemies":"Slime Boss","floor":16,"turns":4},{"damage":46,"enemies":"Spheric Guardian","floor":18,"turns":6},{"damage":6,"enemies":"theDuelist:KaibaA2","floor":23,"turns":5},{"damage":13,"enemies":"Gremlin Leader","floor":25,"turns":5},{"damage":15,"enemies":"theDuelist:KaibaA2","floor":27,"turns":3},{"damage":11,"enemies":"2 Thieves","floor":28,"turns":4},{"damage":21,"enemies":"Shelled Parasite and Fungi","floor":32,"turns":4},{"damage":28,"enemies":"Snake Plant","floor":33,"turns":3},{"damage":3,"enemies":"Champ","floor":35,"turns":7},{"damage":33,"enemies":"3 Darklings","floor":37,"turns":4},{"damage":25,"enemies":"3 Shapes","floor":40,"turns":5},{"damage":42,"enemies":"R_Hoarder","floor":42,"turns":7},{"damage":40,"enemies":"Reptomancer","floor":44,"turns":4}],"seed_played":"-4590358817823288751","potions_obtained":[{"floor":8,"key":"Regen Potion"},{"floor":10,"key":"Explosive Potion"},{"floor":18,"key":"EntropicBrew"},{"floor":25,"key":"BlessingOfTheForge"},{"floor":35,"key":"Toxic Potion"},{"floor":42,"key":"Swift Potion"}],"is_trial":false,"path_per_floor":["M","?","?","?","M","R","E","M","T","E","$","?","E","M","R","B",null,"M","?","?","?","?","E","R","E","T","E","M","PTL","PTL","R","M","M","R","B",null,"M","?","?","M","$","E","?","E"],"character_chosen":"IRONCLAD","items_purchased":["Kunai","Secret Weapon","Red Skull","Vajra","StuffTheSpire:Tea","Paper Frog","ReplayTheSpireMod:LeadingStrike","Poisoned Strike","vexMod:PaidLearning","Cleave","Replay:Arrowhead","Blood for Blood","Whetstone","MerchantsRug","CeramicFish","ReplayTheSpireMod:CursedCoin","vexMod:Cooldron","Pommel Strike+1","Fire Breathing"],"campfire_rested":3,"item_purchase_floors":[0,0,0,0,0,0,0,0,0,0,0,0,0,11,11,11,11,11,41],"current_hp_per_floor":[74,74,74,67,73,73,45,51,51,40,40,40,46,43,65,75,75,35,35,35,35,35,35,58,52,53,49,47,48,49,50,36,19,42,50,69,47,48,49,37,38,9,17,0,0],"gold":23,"neow_bonus":"","is_daily":false,"chose_seed":false,"campfire_upgraded":4,"win_rate":0.0,"timestamp":1608182914,"path_taken":["M","?","?","?","M","R","E","M","T","E","?","?","E","M","R","BOSS","M","?","?","?","?","E","R","E","T","E","M","PTL","PTL","R","M","M","R","BOSS","M","?","?","?","$","E","?","E"],"items_purchased_type":["Relic","Card","Relic","Relic","Relic","Relic","Card","Card","Relic","Card","Relic","Card","Relic","Relic","Relic","Relic","Relic","Card","Card"],"build_version":"2020-12-13","purchased_purges":2,"victory":false,"max_hp_per_floor":[75,75,75,75,75,75,75,75,75,75,75,75,75,75,75,75,75,75,75,75,75,75,75,75,75,75,75,75,75,75,75,75,75,75,75,75,75,75,75,75,75,75,75,75,75],"card_choices":[{"not_picked":["Pommel Strike","StuffTheSpire:Incineration"],"picked":"Inflame","floor":1},{"not_picked":["Flex","Wild Strike+1"],"picked":"Hemokinesis+1","floor":5},{"not_picked":["Run Through+1","Pummel+1"],"picked":"StuffTheSpire:Slingshot+1","floor":7},{"not_picked":["Iron Wave+1","Body Slam+1","Replay:Many Hands"],"picked":"SKIP","floor":8},{"not_picked":["Shockwave","Clothesline+1","Feel No Pain"],"picked":"SKIP","floor":10},{"not_picked":["Defy Death","Run Through+1","StuffTheSpire:Slingshot+1"],"picked":"SKIP","floor":13},{"not_picked":["Armaments","Havoc","Dark Embrace"],"picked":"SKIP","floor":14},{"not_picked":["StuffTheSpire:Resist","Shrug It Off"],"picked":"Immolate+1","floor":15},{"not_picked":["Headbutt+1","Cleave+1"],"picked":"StuffTheSpire:Incineration+1","floor":18},{"not_picked":["Demonic Infusion","Sword Boomerang+1"],"picked":"Heavy Blade+1","floor":23},{"not_picked":["Cleave+1","Anger+1"],"picked":"Evolve","floor":24},{"not_picked":["Impervious","Corruption","ReplayTheSpireMod:Strike From Hell+1"],"picked":"SKIP","floor":25},{"not_picked":["Searing Blow+1","Limit Break"],"picked":"Demon Form","floor":27},{"not_picked":["Hemogenesis+1","Combust+1"],"picked":"Dropkick+1","floor":28},{"not_picked":["True Grit","Seeing Red","Evolve"],"picked":"SKIP","floor":32},{"not_picked":["Entrench+1","Headbutt+1","True Grit"],"picked":"SKIP","floor":33},{"not_picked":["StuffTheSpire:TitanForm","Demon Form"],"picked":"Feed+1","floor":35},{"not_picked":["Intimidate","Twin Strike+1","Thunderclap+1"],"picked":"SKIP","floor":37},{"not_picked":["Replay:Undeath\u0027s Touch+1","Disarm"],"picked":"StuffTheSpire:Resist","floor":40},{"not_picked":["Bloodletting+1","Replay:Undeath\u0027s Touch+1","Sentinel+1"],"picked":"SKIP","floor":42}],"player_experience":302684,"relics_obtained":[{"floor":2,"key":"Ring of Peace"},{"floor":2,"key":"Ring of Greed"},{"floor":2,"key":"Blue Doll"},{"floor":2,"key":"Replay:Wax Seal"},{"floor":7,"key":"Boot"},{"floor":9,"key":"Art of War"},{"floor":10,"key":"FossilizedHelix"},{"floor":13,"key":"Dream Catcher"},{"floor":23,"key":"ReplayTheSpireMod:Spearhead"},{"floor":23,"key":"Tintinnabulum"},{"floor":25,"key":"Snack Pack"},{"floor":25,"key":"Champion Belt"},{"floor":26,"key":"Centennial Puzzle"},{"floor":27,"key":"Golden Egg"},{"floor":27,"key":"Lantern"},{"floor":40,"key":"wanderingMiniBosses:ThiefScarf"},{"floor":40,"key":"CeramicFish"},{"floor":42,"key":"MawBank"},{"floor":42,"key":"Omamori"}],"event_choices":[{"cards_removed":["Delirium"],"damage_healed":0,"gold_gain":0,"player_choice":"Card Removal","damage_taken":7,"max_hp_gain":0,"max_hp_loss":0,"event_name":"Golden Wing","floor":4,"gold_loss":0},{"damage_healed":0,"gold_gain":0,"player_choice":"Madness","damage_taken":0,"relics_obtained":["betterThird:NestCultRelic"],"max_hp_gain":0,"max_hp_loss":0,"event_name":"betterThird:BetterNest","floor":20,"gold_loss":0},{"damage_healed":0,"gold_gain":0,"player_choice":"Ignored","damage_taken":0,"max_hp_gain":0,"max_hp_loss":0,"event_name":"Cursed Tome","floor":21,"gold_loss":0},{"damage_healed":0,"gold_gain":0,"player_choice":"Traded Relic","damage_taken":0,"relics_obtained":["Nloth\u0027s Gift"],"max_hp_gain":0,"max_hp_loss":0,"event_name":"N\u0027loth","floor":22,"relics_lost":["vexMod:Cooldron"],"gold_loss":0},{"damage_healed":0,"gold_gain":0,"player_choice":"Ignored","damage_taken":0,"max_hp_gain":0,"max_hp_loss":0,"event_name":"Tomb of Lord Red Mask","floor":38,"gold_loss":0},{"damage_healed":0,"gold_gain":0,"player_choice":"Gave Potion","damage_taken":0,"relics_obtained":["StrikeDummy"],"max_hp_gain":0,"max_hp_loss":0,"event_name":"WeMeetAgain","floor":39,"gold_loss":0}],"is_beta":false,"boss_relics":[{"not_picked":["Runic Dome","Runic Cube"],"picked":"Black Star"},{"not_picked":["Velvet Choker","vexMod:CursedCompass"],"picked":"Mark of Pain"}],"items_purged_floors":[11,41],"is_endless":false,"potions_floor_spawned":[8,10,18,25,35,42],"killed_by":"Reptomancer","ascension_level":19}}