{"host":"3zmin95cvgu7iq60","time":1608182125,"event":{"mods":["BaseMod","BetterRewards","Colored Map","Minty Spire (QoL Compilation)","Reorder Act Four","Shop Mod","StSLib"],"gold_per_floor":[113,113,188,119,169,169,184,40,40,40,40,68,68,93,93,166,166,178,178,178,190,93,122,122,147,147,22,41,71,71,81,81,159,209,219,272,272,272,288,318,318,350,373,373,207,222,236,236,236,236,236,236,61,61,88,88],"floor_reached":57,"playtime":2121,"items_purged":["Survivor","Strike_G","Strike_G","Strike_G","Strike_G","Defend_G","Defend_G","Strike_G","Defend_G"],"score":3715,"play_id":"a6e8425c-6e26-4cbf-9158-d9ac5a64c76a","local_time":"20201216231525","is_ascension_mode":true,"campfire_choices":[{"data":"Glass Knife","floor":6,"key":"SMITH"},{"data":"Envenom","floor":10,"key":"SMITH"},{"data":"Dagger Spray","floor":11,"key":"SMITH"},{"data":"Catalyst","floor":13,"key":"SMITH"},{"data":"Bouncing Flask","floor":15,"key":"SMITH"},{"data":"Riddle With Holes","floor":24,"key":"SMITH"},{"data":"Neutralize","floor":32,"key":"SMITH"},{"data":"Leg Sweep","floor":41,"key":"SMITH"},{"floor":44,"key":"RECALL"},{"data":"Backflip","floor":49,"key":"SMITH"},{"floor":54,"key":"REST"}],"circlet_count":0,"master_deck":["AscendersBane","Defend_G","Defend_G","Neutralize+1","Quick Slash+1","Die Die Die","Riddle With Holes+1","Envenom+1","Backflip+1","Swift Strike","Heel Hook+1","Backflip+1","Catalyst+1","After Image+1","Dagger Spray+1","Glass Knife+1","Bouncing Flask+1","Leg Sweep+1"],"relics":["Ring of the Serpent","MerchantsRug","Snake Skull","Frozen Egg 2","Oddly Smooth Stone","Sling","Membership Card","Vajra","Mummified Hand","Happy Flower","Blood Vial","MutagenicStrength","Lizard Tail","Art of War","Orichalcum","Nunchaku","Unceasing Top","Sundial","Centennial Puzzle","Akabeko","ClockworkSouvenir","Mango","Ice Cream","Bag of Marbles"],"acts_visited":["Exordium","TheCity","TheBeyond","TheEnding"],"potions_floor_usage":[29,33,36,42,45,50,55,56],"damage_taken":[{"damage":0,"enemies":"Small Slimes","floor":1,"turns":3},{"damage":0,"enemies":"Cultist","floor":7,"turns":1},{"damage":0,"enemies":"Lagavulin","floor":12,"turns":2},{"damage":1,"enemies":"3 Sentries","floor":14,"turns":2},{"damage":0,"enemies":"Slime Boss","floor":16,"turns":6},{"damage":0,"enemies":"Chosen","floor":18,"turns":2},{"damage":3,"enemies":"3 Byrds","floor":21,"turns":4},{"damage":2,"enemies":"Book of Stabbing","floor":23,"turns":3},{"damage":4,"enemies":"Slavers","floor":25,"turns":4},{"damage":0,"enemies":"Snake Plant","floor":28,"turns":3},{"damage":0,"enemies":"Gremlin Leader","floor":29,"turns":2},{"damage":0,"enemies":"Centurion and Healer","floor":31,"turns":3},{"damage":0,"enemies":"Automaton","floor":33,"turns":6},{"damage":0,"enemies":"3 Darklings","floor":35,"turns":2},{"damage":19,"enemies":"2 Orb Walkers","floor":36,"turns":4},{"damage":0,"enemies":"Orb Walker","floor":39,"turns":2},{"damage":8,"enemies":"Nemesis","floor":40,"turns":5},{"damage":6,"enemies":"Giant Head","floor":42,"turns":5},{"damage":0,"enemies":"Writhing Mass","floor":46,"turns":3},{"damage":0,"enemies":"Transient","floor":47,"turns":6},{"damage":70,"enemies":"Time Eater","floor":50,"turns":10},{"damage":48,"enemies":"Awakened One","floor":51,"turns":10},{"damage":61,"enemies":"Shield and Spear","floor":55,"turns":5},{"damage":175,"enemies":"The Heart","floor":56,"turns":9}],"seed_played":"-2850357439052602216","potions_obtained":[{"floor":25,"key":"CunningPotion"},{"floor":28,"key":"Poison Potion"},{"floor":31,"key":"BlessingOfTheForge"},{"floor":33,"key":"Poison Potion"},{"floor":34,"key":"FairyPotion"},{"floor":35,"key":"Swift Potion"},{"floor":39,"key":"Block Potion"},{"floor":42,"key":"Dexterity Potion"},{"floor":47,"key":"CunningPotion"},{"floor":55,"key":"DuplicationPotion"}],"is_trial":false,"path_per_floor":["M","?","?","$","?","R","M","$","T","R","R","E","R","E","R","B",null,"M","?","?","M","$","E","R","E","T","$","M","E","?","M","R","B",null,"M","?","?","T","M","E","R","E","T","R","$","M","M","?","R","B","B",null,"$","R","E","B",null],"character_chosen":"THE_SILENT","items_purchased":["MerchantsRug","Quick Slash","Master of Strategy","Snake Skull","Die Die Die","Riddle With Holes","Envenom","Backflip","Frozen Egg 2","Swift Strike","Oddly Smooth Stone","Sling","Heel Hook","Membership Card","Backflip","WingedGreaves","Orrery","Dagger Spray","Vajra","Singing Bowl","Glass Knife","Mummified Hand","Lizard Tail","Fruit Juice","ClockworkSouvenir","Mango","Ice Cream","DuplicationPotion"],"campfire_rested":1,"item_purchase_floors":[0,0,0,0,0,0,0,0,0,0,0,0,0,0,0,0,0,0,0,0,4,8,22,45,45,53,53,53],"current_hp_per_floor":[67,45,34,34,27,27,29,29,29,29,29,29,29,30,30,34,69,73,73,49,50,50,52,52,52,52,52,56,60,79,83,83,87,105,107,91,110,110,112,106,106,104,104,104,109,113,117,117,117,49,3,95,109,139,78,21],"gold":88,"neow_bonus":"","is_daily":false,"chose_seed":false,"campfire_upgraded":9,"win_rate":0.0,"timestamp":1608182125,"path_taken":["M","?","?","$","?","R","?","?","T","R","R","E","R","E","R","BOSS","M","?","?","M","$","E","R","E","T","$","M","E","?","M","R","BOSS","M","?","?","?","M","E","R","E","T","R","$","M","M","?","R","BOSS","BOSS","$","R","E","BOSS"],"items_purchased_type":["Relic","Card","Card","Relic","Card","Card","Card","Card","Relic","Card","Relic","Relic","Card","Relic","Card","Relic","Relic","Card","Relic","Relic","Card","Relic","Relic","Potion","Relic","Relic","Relic","Potion"],"build_version":"2020-12-13","purchased_purges":9,"victory":true,"max_hp_per_floor":[74,74,74,74,74,74,76,76,76,76,76,76,76,78,78,80,80,82,82,87,89,89,91,91,93,93,93,95,97,97,99,99,101,108,108,110,110,110,112,114,114,116,116,116,121,123,125,125,125,125,125,125,139,139,139,139],"card_choices":[{"not_picked":["All Out Attack","Finisher"],"picked":"Catalyst","floor":0},{"not_picked":["Escape Plan","Distraction"],"picked":"After Image+1","floor":0},{"not_picked":["Deadly Poison","Flying Knee","Deflect"],"picked":"Singing Bowl","floor":0},{"not_picked":["Concentrate","Calculated Gamble","Finisher"],"picked":"Singing Bowl","floor":0},{"not_picked":["Quick Slash","Bane","Dagger Throw"],"picked":"Singing Bowl","floor":0},{"not_picked":["Predator","Deflect","Dagger Throw"],"picked":"Singing Bowl","floor":1},{"not_picked":["Crippling Poison","Calculated Gamble","Endless Agony"],"picked":"Singing Bowl","floor":7},{"not_picked":["PiercingWail","Sucker Punch"],"picked":"Bouncing Flask","floor":12},{"not_picked":["Deflect","Escape Plan","Backflip"],"picked":"Singing Bowl","floor":14},{"not_picked":["Envenom+1","Glass Knife","Wraith Form v2+1"],"picked":"Singing Bowl","floor":16},{"not_picked":["Blade Dance","Sucker Punch+1","Slice"],"picked":"Singing Bowl","floor":18},{"not_picked":["Distraction","Slice","Bane"],"picked":"Singing Bowl","floor":21},{"not_picked":["Sucker Punch","Choke+1","Concentrate"],"picked":"Singing Bowl","floor":23},{"not_picked":["Unload","Underhanded Strike","Flying Knee"],"picked":"Singing Bowl","floor":25},{"not_picked":["Underhanded Strike","Bouncing Flask","Cloak And Dagger"],"picked":"Singing Bowl","floor":28},{"not_picked":["Dagger Throw","Setup","Acrobatics"],"picked":"Singing Bowl","floor":29},{"not_picked":["Sucker Punch","Deflect","Masterful Stab"],"picked":"Singing Bowl","floor":31},{"not_picked":["Burst","Grand Finale","Die Die Die"],"picked":"Singing Bowl","floor":33},{"not_picked":["Cloak And Dagger","Blade Dance+1","Distraction"],"picked":"Singing Bowl","floor":34},{"not_picked":["Quick Slash","Outmaneuver+1"],"picked":"Leg Sweep","floor":35},{"not_picked":["Poisoned Stab+1","Cloak And Dagger","Deadly Poison"],"picked":"Singing Bowl","floor":36},{"not_picked":["Reflex","Quick Slash","Dagger Spray"],"picked":"Singing Bowl","floor":39},{"not_picked":["Noxious Fumes+1","Grand Finale","Deadly Poison"],"picked":"Singing Bowl","floor":40},{"not_picked":["Accuracy+1","Crippling Poison","Caltrops+1"],"picked":"Singing Bowl","floor":42},{"not_picked":["Backflip","Riddle With Holes","Deadly Poison"],"picked":"Singing Bowl","floor":46},{"not_picked":["Bane","Backflip","Dagger Spray"],"picked":"Singing Bowl","floor":47},{"not_picked":["Crippling Poison","Sucker Punch","Acrobatics"],"picked":"SKIP","floor":55}],"player_experience":2311437,"relics_obtained":[{"floor":12,"key":"Happy Flower"},{"floor":14,"key":"Blood Vial"},{"floor":23,"key":"Matryoshka"},{"floor":25,"key":"Art of War"},{"floor":26,"key":"Orichalcum"},{"floor":26,"key":"Nunchaku"},{"floor":29,"key":"Omamori"},{"floor":36,"key":"Unceasing Top"},{"floor":38,"key":"Sundial"},{"floor":38,"key":"Centennial Puzzle"},{"floor":40,"key":"Blue Candle"},{"floor":42,"key":"Akabeko"},{"floor":43,"key":"Juzu Bracelet"},{"floor":55,"key":"Bag of Marbles"}],"event_choices":[{"damage_healed":0,"gold_gain":0,"player_choice":"Entered Light","damage_taken":22,"max_hp_gain":0,"max_hp_loss":0,"event_name":"Shining Light","floor":2,"gold_loss":0,"cards_upgraded":["Backflip","Heel Hook"]},{"damage_healed":0,"gold_gain":75,"player_choice":"Gather Gold","damage_taken":11,"max_hp_gain":0,"max_hp_loss":0,"event_name":"World of Goop","floor":3,"gold_loss":0},{"damage_healed":0,"gold_gain":50,"player_choice":"Touch","damage_taken":7,"max_hp_gain":0,"max_hp_loss":0,"event_name":"FaceTrader","floor":5,"gold_loss":0},{"damage_healed":0,"gold_gain":0,"player_choice":"Inject Mutagens","damage_taken":0,"relics_obtained":["MutagenicStrength"],"max_hp_gain":0,"max_hp_loss":0,"event_name":"Drug Dealer","floor":19,"gold_loss":0},{"damage_healed":0,"gold_gain":0,"player_choice":"Shed Blood","damage_taken":29,"max_hp_gain":5,"max_hp_loss":0,"event_name":"Forgotten Altar","floor":20,"gold_loss":0},{"damage_healed":19,"gold_gain":0,"player_choice":"Heal","damage_taken":0,"max_hp_gain":0,"max_hp_loss":0,"event_name":"The Library","floor":30,"gold_loss":0},{"damage_healed":0,"gold_gain":0,"player_choice":"Fight","damage_taken":0,"max_hp_gain":0,"max_hp_loss":0,"event_name":"Mysterious Sphere","floor":36,"gold_loss":0},{"damage_healed":22,"gold_gain":0,"player_choice":"Writhe","damage_taken":0,"max_hp_gain":0,"max_hp_loss":0,"event_name":"Winding Halls","floor":37,"gold_loss":0,"cards_obtained":["Writhe"]},{"cards_removed":["Master of Strategy"],"damage_healed":0,"gold_gain":0,"player_choice":"Removed Skill","damage_taken":0,"max_hp_gain":0,"max_hp_loss":0,"event_name":"Falling","floor":48,"gold_loss":0}],"is_beta":false,"boss_relics":[{"not_picked":["Sozu","SacredBark"],"picked":"Ring of the Serpent"},{"not_picked":["WristBlade","Runic Dome"],"picked":"Tiny House"}],"items_purged_floors":[0,0,0,0,0,0,0,27,45],"is_endless":false,"potions_floor_spawned":[25,28,31,33,35,39,42,47,55],"ascension_level":20}}