{"host":"cv6i479uilws7tk5","time":1608238265,"event":{"mods":["BaseMod","Better Altar","Better Match","Better Note","Better Sensory Stone","Better Skull","Better Third Choice","Energized Spire","Highlight Path","Minty Spire (QoL Compilation)","Rare Cards Sparkle","Relic Stats","StSLib"],"gold_per_floor":[111,111,126,126,141,167,167,193,193,228,242,242,274,294,294,397,397,417,436,436,218,236,268,284,301,328,328,354,372,391,403,403,403,403],"floor_reached":33,"playtime":1285,"items_purged":["Strike_R"],"score":451,"play_id":"b852c5c6-d240-42a5-abd9-aa20bd444d2d","local_time":"20201217135105","is_ascension_mode":true,"campfire_choices":[{"floor":7,"key":"REST"},{"floor":12,"key":"REST"},{"floor":15,"key":"REST"},{"floor":27,"key":"REST"},{"floor":32,"key":"REST"}],"circlet_count":0,"master_deck":["Strike_R+1","Strike_R","Strike_R","Strike_R","Defend_R","Defend_R+1","Defend_R","Defend_R","Bash","Feel No Pain","Hemokinesis","Shockwave","Shrug It Off","Cleave","Impervious","Feed","Thunderclap+1"],"relics":["Burning Blood","NeowsBlessing","Anchor","Singing Bowl","Dream Catcher","Gremlin Horn","Nunchaku","Busted Crown","Vajra","Calipers","Lantern","MealTicket"],"acts_visited":["Exordium","TheCity"],"potions_floor_usage":[6,8,8,11,16,23,33,33,33],"damage_taken":[{"damage":0,"enemies":"Small Slimes","floor":1,"turns":1},{"damage":0,"enemies":"Cultist","floor":3,"turns":1},{"damage":0,"enemies":"2 Louse","floor":5,"turns":1},{"damage":16,"enemies":"3 Sentries","floor":6,"turns":6},{"damage":23,"enemies":"Lagavulin","floor":8,"turns":5},{"damage":19,"enemies":"Gremlin Nob","floor":10,"turns":4},{"damage":12,"enemies":"Gremlin Gang","floor":11,"turns":5},{"damage":42,"enemies":"Lagavulin","floor":13,"turns":6},{"damage":4,"enemies":"3 Louse","floor":14,"turns":3},{"damage":71,"enemies":"The Guardian","floor":16,"turns":14},{"damage":5,"enemies":"2 Thieves","floor":18,"turns":3},{"damage":10,"enemies":"Chosen","floor":19,"turns":7},{"damage":46,"enemies":"Sentry and Sphere","floor":22,"turns":7},{"damage":7,"enemies":"Gremlin Leader","floor":23,"turns":5},{"damage":9,"enemies":"Centurion and Healer","floor":24,"turns":5},{"damage":38,"enemies":"Snake Plant","floor":25,"turns":5},{"damage":4,"enemies":"Slavers","floor":28,"turns":4},{"damage":22,"enemies":"Snecko","floor":29,"turns":6},{"damage":16,"enemies":"Chosen and Byrds","floor":30,"turns":7},{"damage":4,"enemies":"3 Cultists","floor":31,"turns":4},{"damage":126,"enemies":"Automaton","floor":33,"turns":12}],"seed_played":"-7631177222304068924","potions_obtained":[{"floor":3,"key":"BloodPotion"},{"floor":4,"key":"PowerPotion"},{"floor":4,"key":"Fire Potion"},{"floor":6,"key":"Regen Potion"},{"floor":10,"key":"Regen Potion"},{"floor":13,"key":"Energy Potion"},{"floor":18,"key":"BloodPotion"},{"floor":19,"key":"Fire Potion"},{"floor":24,"key":"Swift Potion"},{"floor":30,"key":"Dexterity Potion"}],"is_trial":false,"path_per_floor":["M","?","M","?","M","E","R","E","T","E","M","R","E","M","R","B",null,"M","M","?","$","M","E","M","M","T","R","E","M","M","M","R","B"],"character_chosen":"IRONCLAD","items_purchased":["Vajra"],"campfire_rested":5,"item_purchase_floors":[21],"current_hp_per_floor":[80,64,70,70,76,66,80,74,74,61,69,84,50,54,80,32,74,78,79,79,79,44,68,70,43,43,79,86,75,70,77,120,0,0],"gold":403,"neow_bonus":"THREE_ENEMY_KILL","is_daily":false,"chose_seed":false,"campfire_upgraded":0,"win_rate":0.0,"timestamp":1608238265,"path_taken":["M","?","M","?","?","E","R","E","T","E","M","R","E","M","R","BOSS","M","M","?","$","M","E","M","?","T","R","E","M","?","M","R","BOSS"],"items_purchased_type":["Relic"],"build_version":"2020-12-13","purchased_purges":1,"victory":false,"max_hp_per_floor":[80,80,80,80,80,80,80,82,82,82,82,84,86,88,88,88,88,91,96,96,96,101,106,111,116,116,118,123,128,133,138,140,140,140],"relic_stats":{"Dream Catcher":4,"Nunchaku":[16],"Busted Crown":24,"Singing Bowl":30,"Gremlin Horn":[19,19],"counters":[21,111],"MealTicket":0,"obtain_stats":[{"Anchor":6,"Dream Catcher":9,"Nunchaku":13,"Lantern":26,"Busted Crown":17,"Calipers":23,"NeowsBlessing":0,"Singing Bowl":8,"Gremlin Horn":10,"Vajra":21,"MealTicket":28,"Burning Blood":0},{"Anchor":4,"Dream Catcher":5,"Nunchaku":8,"Lantern":16,"Busted Crown":10,"Calipers":14,"NeowsBlessing":0,"Singing Bowl":5,"Gremlin Horn":6,"Vajra":12,"MealTicket":17,"Burning Blood":0},{"Anchor":9,"Dream Catcher":14,"Nunchaku":29,"Lantern":78,"Busted Crown":46,"Calipers":68,"NeowsBlessing":0,"Singing Bowl":14,"Gremlin Horn":18,"Vajra":56,"MealTicket":82,"Burning Blood":0}],"Burning Blood":114},"card_choices":[{"not_picked":["Perfected Strike","Warcry","Clash"],"picked":"SKIP","floor":1},{"not_picked":["Thunderclap","Havoc"],"picked":"Feel No Pain","floor":3},{"not_picked":["Sever Soul","Clash"],"picked":"Hemokinesis","floor":5},{"not_picked":["Rampage","Perfected Strike"],"picked":"Shockwave","floor":6},{"not_picked":["Dropkick","Second Wind","Twin Strike"],"picked":"Singing Bowl","floor":8},{"not_picked":["Infernal Blade","Metallicize"],"picked":"Shrug It Off","floor":10},{"not_picked":["Warcry","Infernal Blade"],"picked":"Cleave","floor":11},{"not_picked":["Dropkick","Pommel Strike","Combust"],"picked":"Singing Bowl","floor":12},{"not_picked":["Shrug It Off","Perfected Strike","Searing Blow"],"picked":"Singing Bowl","floor":13},{"not_picked":["Bloodletting","Power Through","Anger"],"picked":"Singing Bowl","floor":14},{"not_picked":["Pummel","Twin Strike"],"picked":"Impervious","floor":15},{"not_picked":["Exhume","Berserk"],"picked":"Feed","floor":16},{"not_picked":[],"picked":"Thunderclap+1","floor":18},{"not_picked":["Clash"],"picked":"Singing Bowl","floor":19},{"not_picked":["Wild Strike"],"picked":"Singing Bowl","floor":22},{"not_picked":["Cleave+1"],"picked":"Singing Bowl","floor":23},{"not_picked":["Anger"],"picked":"Singing Bowl","floor":24},{"not_picked":["Armaments"],"picked":"Singing Bowl","floor":25},{"not_picked":["Twin Strike"],"picked":"Singing Bowl","floor":27},{"not_picked":["Infernal Blade"],"picked":"Singing Bowl","floor":28},{"not_picked":["Shockwave"],"picked":"Singing Bowl","floor":29},{"not_picked":["Second Wind+1"],"picked":"Singing Bowl","floor":30},{"not_picked":["Clothesline+1"],"picked":"Singing Bowl","floor":31},{"not_picked":["Armaments"],"picked":"Singing Bowl","floor":32}],"player_experience":325579,"relics_obtained":[{"floor":6,"key":"Anchor"},{"floor":8,"key":"Singing Bowl"},{"floor":9,"key":"Dream Catcher"},{"floor":10,"key":"Gremlin Horn"},{"floor":13,"key":"Nunchaku"},{"floor":23,"key":"Calipers"},{"floor":26,"key":"Lantern"},{"floor":28,"key":"MealTicket"}],"event_choices":[{"damage_healed":80,"gold_gain":0,"player_choice":"Upgrade","damage_taken":16,"max_hp_gain":0,"max_hp_loss":80,"event_name":"betterThird:BetterShining","floor":2,"gold_loss":0,"cards_upgraded":["Strike_R","Defend_R"]},{"damage_healed":0,"gold_gain":0,"player_choice":"Got Potions","damage_taken":0,"max_hp_gain":0,"max_hp_loss":0,"event_name":"Lab","floor":4,"gold_loss":0},{"damage_healed":0,"gold_gain":0,"player_choice":"Ignored","damage_taken":0,"max_hp_gain":0,"max_hp_loss":0,"event_name":"N\u0027loth","floor":20,"gold_loss":0}],"is_beta":false,"boss_relics":[{"not_picked":["energizedSpire:DecayingSkull","Runic Dome"],"picked":"Busted Crown"}],"items_purged_floors":[21],"is_endless":false,"potions_floor_spawned":[3,6,10,13,18,19,24,30,31],"killed_by":"Automaton","ascension_level":5}}