{"host":"0dh9pv07o2urs14z","time":1608193891,"event":{"mods":["Alarm Clock","BaseMod","Dio Mod","Downfall","Hermit","Minty Spire (QoL Compilation)","Spicy Shops","StSLib","The Forsaken","The Runesmith"],"gold_per_floor":[99,133,133,583,583,613,613,670,682,607,622,636,636,32,44,44,44],"floor_reached":16,"playtime":1018,"items_purged":["Slimebound:Icky"],"score":133,"play_id":"48787883-4583-4d52-be33-dacdff4764c4","local_time":"20201217193131","is_ascension_mode":false,"campfire_choices":[{"data":"champ:Taunt","floor":1,"key":"SMITH"},{"floor":10,"key":"REST"}],"circlet_count":0,"master_deck":["champ:Strike","champ:Strike","champ:Strike","champ:Strike","champ:Defend","champ:Defend","champ:Defend","champ:Defend","champ:Execute","champ:Taunt+1","champ:BerserkersShout","champ:RecklessLeap","Slimebound:Icky","Slimebound:Icky","champ:FaceSlap","champ:FocusedBerserking","champ:Encircle","champ:ShieldWall","champ:AdrenalArmor","champ:VampiricStrike"],"relics":["champ:ChampionCrown","downfall:HeartsMalice","Tiny Chest","Bag of Marbles","InkBottle","downfall:HeartBlessingBlue","Ancient Tea Set","Mummified Hand","Bottled Tornado","Blood Vial"],"acts_visited":["Exordium"],"potions_floor_usage":[6,14,15,16,16],"damage_taken":[{"damage":0,"enemies":"Gremlin Nob","floor":2,"turns":1},{"damage":0,"enemies":"2 Louse","floor":3,"turns":1},{"damage":0,"enemies":"Small Slimes","floor":5,"turns":1},{"damage":88,"enemies":"3 Sentries","floor":6,"turns":11},{"damage":49,"enemies":"3 Sentries","floor":8,"turns":7},{"damage":15,"enemies":"Jaw Worm","floor":9,"turns":3},{"damage":22,"enemies":"2 Fungi Beasts","floor":11,"turns":5},{"damage":22,"enemies":"Large Slime","floor":12,"turns":3},{"damage":17,"enemies":"downfall:FleeingMerchant","floor":14,"turns":4},{"damage":20,"enemies":"Gremlin Gang","floor":15,"turns":6},{"damage":12,"enemies":"downfall:Ironclad","floor":16,"turns":1}],"seed_played":"6381597927469525113","potions_obtained":[{"floor":2,"key":"Weak Potion"},{"floor":6,"key":"Weak Potion"},{"floor":8,"key":"PowerPotion"},{"floor":12,"key":"Fire Potion"},{"floor":15,"key":"Dexterity Potion"}],"is_trial":false,"path_per_floor":["R","E","M","?","M","E","T","?","M","R","M","M","?","$","M","B"],"character_chosen":"THE_CHAMP","items_purchased":["Mummified Hand","Bottled Tornado","Blood Vial"],"campfire_rested":1,"item_purchase_floors":[14,14,14],"current_hp_per_floor":[90,90,90,90,90,39,39,17,9,49,40,42,30,20,10,0,0],"gold":44,"neow_bonus":"THREE_ENEMY_KILL","is_daily":false,"chose_seed":false,"campfire_upgraded":1,"win_rate":0.0,"timestamp":1608193891,"path_taken":["R","E","M","?","M","E","T","?","M","R","M","M","?","$","M","BOSS"],"items_purchased_type":["Relic","Relic","Relic"],"build_version":"2020-12-13","purchased_purges":1,"victory":false,"max_hp_per_floor":[90,90,90,90,90,90,90,90,90,100,100,100,100,100,100,100,100],"card_choices":[{"not_picked":["champ:FocusedGladiator","champ:IronFortress"],"picked":"champ:BerserkersShout","floor":2},{"not_picked":["champ:ArenaPreparation","champ:StanceDance"],"picked":"champ:RecklessLeap","floor":3},{"not_picked":["champ:Circumvent","champ:DefensiveStyle"],"picked":"champ:FaceSlap","floor":5},{"not_picked":["champ:CrownThrow","champ:TornadoPunch"],"picked":"champ:FocusedBerserking","floor":6},{"not_picked":["champ:PreciseThrust","champ:BerserkerStyle"],"picked":"champ:Encircle","floor":8},{"not_picked":["champ:IronFortress","champ:GladiatorsShout"],"picked":"champ:ShieldWall","floor":9},{"not_picked":["champ:CrookedStrike","champ:FaceSlap","champ:Encircle"],"picked":"SKIP","floor":11},{"not_picked":["champ:SkillfulDodge","champ:RecklessLeap","champ:DeathBlow"],"picked":"SKIP","floor":12},{"not_picked":["champ:ShieldWall","champ:FaceSlap"],"picked":"champ:AdrenalArmor","floor":14},{"not_picked":["champ:FlashCut","champ:StanceDance"],"picked":"champ:VampiricStrike","floor":15}],"player_experience":1082431,"relics_obtained":[{"floor":2,"key":"Tiny Chest"},{"floor":6,"key":"Bag of Marbles"},{"floor":8,"key":"InkBottle"}],"event_choices":[{"damage_healed":0,"gold_gain":0,"player_choice":"Success","damage_taken":12,"relics_obtained":["Ancient Tea Set"],"max_hp_gain":0,"max_hp_loss":0,"event_name":"Scrap Ooze","floor":13,"gold_loss":0}],"is_beta":false,"boss_relics":[],"items_purged_floors":[14],"is_endless":false,"potions_floor_spawned":[2,6,8,12,15],"killed_by":"downfall:Ironclad","ascension_level":0}}