{"host":"30p6vp5e6xgjixv6","time":1608187438,"event":{"mods":["AchievementEnabler","BaseMod","Better Match","Better Note","BetterRewards","Colored Map","Colored Powertips","Downfall","Gremlin Skip","Minty Spire (QoL Compilation)","Quick Restart","Rare Cards Sparkle","Relic Filter","StSLib","The IronCluck"],"gold_per_floor":[99,99,124,124,135,169,169,94,109,109,209,221,221,231,251,251,251],"floor_reached":16,"playtime":744,"items_purged":[],"score":135,"play_id":"f02157b6-283e-46f9-bda1-666cd3d058d6","local_time":"20201217014358","is_ascension_mode":false,"campfire_choices":[{"data":"champ:Taunt","floor":1,"key":"SMITH"},{"floor":8,"key":"REST"},{"data":"champ:Riposte","floor":10,"key":"SMITH"}],"circlet_count":0,"master_deck":["champ:Strike","champ:Strike","champ:Strike","champ:Strike","champ:Defend","champ:Defend","champ:Defend","champ:Defend","champ:Execute","champ:Taunt+1","champ:DefensiveStyle","champ:FalseCounter","champ:GladiatorsShout","champ:BringItOn","champ:Riposte+1","champ:Circumvent","champ:ShieldWall","champ:RisingSlash","champ:CalledShot"],"relics":["champ:ChampionCrown","downfall:HeartsMalice","Tiny Chest","Question Card","Mercury Hourglass","downfall:HeartBlessingGreen"],"acts_visited":["Exordium"],"potions_floor_usage":[6,14,15],"damage_taken":[{"damage":0,"enemies":"Small Slimes","floor":2,"turns":1},{"damage":0,"enemies":"Lagavulin","floor":3,"turns":1},{"damage":0,"enemies":"Cultist","floor":4,"turns":1},{"damage":21,"enemies":"2 Louse","floor":5,"turns":4},{"damage":59,"enemies":"3 Sentries","floor":6,"turns":12},{"damage":12,"enemies":"Exordium Thugs","floor":9,"turns":5},{"damage":11,"enemies":"Blue Slaver","floor":12,"turns":5},{"damage":15,"enemies":"Exordium Thugs","floor":14,"turns":4},{"damage":7,"enemies":"Exordium Wildlife","floor":15,"turns":4},{"damage":20,"enemies":"downfall:Watcher","floor":16,"turns":4}],"seed_played":"995546315537324050","potions_obtained":[{"floor":5,"key":"LiquidBronze"},{"floor":6,"key":"Weak Potion"},{"floor":12,"key":"hexamod:EctoCoolerPotion"},{"floor":14,"key":"Fire Potion"}],"is_trial":false,"path_per_floor":["R","M","E","M","M","E","T","R","M","R","?","M","?","M","M","B"],"character_chosen":"THE_CHAMP","items_purchased":[],"campfire_rested":1,"item_purchase_floors":[],"current_hp_per_floor":[90,90,90,90,79,30,30,57,50,50,50,42,37,22,15,0,0],"gold":251,"neow_bonus":"THREE_ENEMY_KILL","is_daily":false,"chose_seed":false,"campfire_upgraded":2,"win_rate":0.0,"timestamp":1608187438,"path_taken":["R","M","E","M","M","E","T","R","M","R","?","M","?","M","M","BOSS"],"items_purchased_type":[],"build_version":"2020-12-13","purchased_purges":0,"victory":false,"max_hp_per_floor":[90,90,90,90,90,90,90,90,90,90,90,90,90,90,90,90,90],"card_choices":[{"not_picked":["champ:HeartStrike","champ:Haymaker"],"picked":"champ:DefensiveStyle","floor":2},{"not_picked":["champ:DefensiveShout","champ:BladeFlurry"],"picked":"champ:FalseCounter","floor":3},{"not_picked":["champ:ArenaPreparation","champ:DefensiveShout"],"picked":"champ:GladiatorsShout","floor":4},{"not_picked":["champ:EnGarde","champ:FocusedBerserking"],"picked":"champ:BringItOn","floor":5},{"not_picked":["champ:Encircle","champ:HeartStrike"],"picked":"champ:Riposte","floor":6},{"not_picked":["champ:GladiatorsShout","champ:CrookedStrike","champ:DefensiveShout"],"picked":"champ:Circumvent","floor":9},{"not_picked":["champ:DefensiveStyle","champ:FanOfKnives","champ:CrookedStrike"],"picked":"champ:ShieldWall","floor":12},{"not_picked":["champ:BerserkersShout","champ:ShieldSlam","champ:FightOn"],"picked":"champ:RisingSlash","floor":14},{"not_picked":["champ:Backstep","champ:FalseCounter","champ:TornadoPunch"],"picked":"champ:CalledShot","floor":15}],"player_experience":188335,"relics_obtained":[{"floor":3,"key":"Tiny Chest"},{"floor":6,"key":"Question Card"},{"floor":7,"key":"Mercury Hourglass"}],"event_choices":[],"is_beta":false,"boss_relics":[],"items_purged_floors":[],"is_endless":false,"potions_floor_spawned":[5,6,12,14],"killed_by":"downfall:Watcher","ascension_level":0}}