{"host":"bznrw1tuv4hzt226","time":1608166824,"event":{"mods":["BaseMod","Colored Map","Friendly Minions","Highlight Path","Minty Spire (QoL Compilation)","Permanent Neow","Relic Stats","Slay-I","StSLib","SuperFastMode"],"gold_per_floor":[117,129,129,139,156,156,188,188,188,198,51,51,63,78,78,177,177,191,204,204,1,21,55,55,86,86,86,106,106,131,131,131,235,235,249,249,115,0,10,10,44,61,61,81,106,119,119,135,135,135],"floor_reached":51,"playtime":3191,"items_purged":["Strike_B","Strike_B"],"score":885,"play_id":"edec8cfe-0e49-4392-8e67-ffefbda3df66","local_time":"20201217100024","is_ascension_mode":true,"campfire_choices":[{"data":"Zap","floor":6.0,"key":"SMITH"},{"data":"Hologram","floor":8.0,"key":"SMITH"},{"data":"Consume","floor":12.0,"key":"SMITH"},{"data":"Biased Cognition","floor":15.0,"key":"SMITH"},{"data":"Go for the Eyes","floor":24.0,"key":"SMITH"},{"data":"Loop","floor":29.0,"key":"SMITH"},{"data":"Capacitor","floor":32.0,"key":"SMITH"},{"data":"Apotheosis","floor":40.0,"key":"SMITH"},{"data":"Echo Form","floor":47,"key":"SMITH"},{"floor":49,"key":"REST"}],"circlet_count":0,"master_deck":["Defend_B","Defend_B","Defend_B","Defend_B","Zap+1","Dualcast","Hologram+1","Ball Lightning","Coolheaded","Reinforced Body","Compile Driver","Steam","Consume+1","Capacitor+1","Biased Cognition+1","Core Surge","Go for the Eyes+1","Self Repair","Glacier","Loop+1","Glacier","Blizzard","Sweeping Beam","Echo Form+1","Dark Shackles","Master of Strategy","Apotheosis+1","Blizzard","Cold Snap+1"],"relics":["Cracked Core","Pen Nib","CaptainsWheel","Dead Branch","Nuclear Battery","OrangePellets","Girya","Bottled Flame","Darkstone Periapt","Mercury Hourglass","Velvet Choker","Red Mask","Pocketwatch","Ancient Tea Set","Symbiotic Virus"],"acts_visited":["Exordium","TheCity","TheBeyond"],"potions_floor_usage":[50,50,50,50],"damage_taken":[{"damage":1.0,"enemies":"Jaw Worm","floor":1.0,"turns":4.0},{"damage":1.0,"enemies":"Cultist","floor":2.0,"turns":3.0},{"damage":0.0,"enemies":"2 Louse","floor":4.0,"turns":2.0},{"damage":4.0,"enemies":"Exordium Wildlife","floor":5.0,"turns":6.0},{"damage":6.0,"enemies":"Lagavulin","floor":7.0,"turns":6.0},{"damage":1.0,"enemies":"3 Louse","floor":10.0,"turns":4.0},{"damage":0.0,"enemies":"Large Slime","floor":13.0,"turns":4.0},{"damage":4.0,"enemies":"Gremlin Gang","floor":14.0,"turns":5.0},{"damage":12.0,"enemies":"Hexaghost","floor":16.0,"turns":10.0},{"damage":1.0,"enemies":"3 Byrds","floor":18.0,"turns":4.0},{"damage":4.0,"enemies":"Spheric Guardian","floor":19.0,"turns":4.0},{"damage":0.0,"enemies":"Centurion and Healer","floor":22.0,"turns":6.0},{"damage":6.0,"enemies":"Book of Stabbing","floor":23.0,"turns":5.0},{"damage":8.0,"enemies":"Slavers","floor":25.0,"turns":5.0},{"damage":4.0,"enemies":"Cultist and Chosen","floor":28.0,"turns":6.0},{"damage":7.0,"enemies":"Gremlin Leader","floor":30.0,"turns":10.0},{"damage":0.0,"enemies":"Collector","floor":33.0,"turns":14.0},{"damage":0.0,"enemies":"3 Shapes","floor":35.0,"turns":4.0},{"damage":0.0,"enemies":"Orb Walker","floor":39.0,"turns":4.0},{"damage":0.0,"enemies":"Giant Head","floor":41.0,"turns":9.0},{"damage":0.0,"enemies":"4 Shapes","floor":42.0,"turns":5.0},{"damage":0.0,"enemies":"3 Darklings","floor":44.0,"turns":5.0},{"damage":0.0,"enemies":"Nemesis","floor":45.0,"turns":9.0},{"damage":0,"enemies":"Maw","floor":46,"turns":7},{"damage":30,"enemies":"4 Shapes","floor":48,"turns":5},{"damage":12,"enemies":"Awakened One","floor":50,"turns":15}],"seed_played":"4469822394066836328","potions_obtained":[{"floor":4.0,"key":"SneckoOil"},{"floor":13.0,"key":"EntropicBrew"},{"floor":16.0,"key":"Explosive Potion"},{"floor":19.0,"key":"Fire Potion"},{"floor":25.0,"key":"EntropicBrew"},{"floor":33.0,"key":"FocusPotion"},{"floor":35.0,"key":"ColorlessPotion"},{"floor":42.0,"key":"Dexterity Potion"}],"is_trial":false,"path_per_floor":["M","M","?","M","M","R","E","R","T","M","$","R","M","M","R","B",null,"M","M","?","$","M","E","R","E","T","?","M","R","E","?","R","B",null,"M","?","$","?","M","R","E","M","T","M","E","M","R","M","R","B",null],"character_chosen":"DEFECT","items_purchased":["Consume","OrangePellets","Go for the Eyes","Blizzard"],"campfire_rested":1,"item_purchase_floors":[11,21,21,37],"current_hp_per_floor":[74,73,73,73,69,69,63,63,63,62,62,62,62,58,58,46,75,74,70,70,70,70,71,71,70,70,70,73,73,73,73,73,75,75,75,65,65,65,72,72,75,75,75,75,75,75,75,45,67,75],"gold":135,"neow_bonus":"RANDOM_COMMON_RELIC","is_daily":false,"chose_seed":false,"campfire_upgraded":9,"win_rate":0.0,"timestamp":1608166824,"path_taken":["M","M","?","M","M","R","E","R","T","M","$","R","M","M","R","BOSS","M","?","?","$","M","E","R","E","T","?","M","R","E","?","R","BOSS","M","?","$","?","M","R","E","M","T","M","E","M","R","M","R","BOSS"],"items_purchased_type":["Card","Relic","Card","Card"],"build_version":"2020-12-13","purchased_purges":2,"victory":true,"max_hp_per_floor":[75,75,75,75,75,75,75,75,75,75,75,75,75,75,75,75,75,75,75,75,75,75,75,75,75,75,75,75,75,75,75,75,75,75,75,75,75,75,75,75,75,75,75,75,75,75,75,75,75,75],"relic_stats":{"Darkstone Periapt":0,"OrangePellets":[12],"counters":[26,161],"Dead Branch":[44],"Pen Nib":[19],"obtain_stats":[{"Darkstone Periapt":26,"Girya":23,"Dead Branch":9,"Velvet Choker":34,"Pen Nib":0,"Ancient Tea Set":43,"Nuclear Battery":17,"Mercury Hourglass":30,"OrangePellets":21,"CaptainsWheel":7,"Bottled Flame":25,"Red Mask":38,"Cracked Core":0,"Symbiotic Virus":45,"Pocketwatch":41},{"Darkstone Periapt":14,"Girya":13,"Dead Branch":5,"Velvet Choker":17,"Pen Nib":0,"Ancient Tea Set":21,"Nuclear Battery":9,"Mercury Hourglass":16,"OrangePellets":11,"CaptainsWheel":5,"Bottled Flame":14,"Red Mask":18,"Cracked Core":0,"Symbiotic Virus":23,"Pocketwatch":20},{"Darkstone Periapt":68,"Girya":63,"Dead Branch":21,"Velvet Choker":98,"Pen Nib":0,"Ancient Tea Set":120,"Nuclear Battery":44,"Mercury Hourglass":84,"OrangePellets":52,"CaptainsWheel":21,"Bottled Flame":68,"Red Mask":102,"Cracked Core":0,"Symbiotic Virus":134,"Pocketwatch":115}],"Mercury Hourglass":[375],"Pocketwatch":[42]},"card_choices":[{"not_picked":["Steam","Go for the Eyes"],"picked":"Hologram","floor":1.0},{"not_picked":["Stack","Rebound"],"picked":"Ball Lightning","floor":2.0},{"not_picked":["Turbo","Gash"],"picked":"Coolheaded","floor":4.0},{"not_picked":["Redo","Stack"],"picked":"Reinforced Body","floor":5.0},{"not_picked":["Reinforced Body","Doom and Gloom"],"picked":"Compile Driver","floor":7.0},{"not_picked":["Beam Cell","Compile Driver"],"picked":"Steam","floor":10.0},{"not_picked":["Melter","Cold Snap"],"picked":"Capacitor","floor":13.0},{"not_picked":["Hello World","Turbo"],"picked":"Biased Cognition","floor":14.0},{"not_picked":["Multi-Cast","Amplify"],"picked":"Core Surge","floor":16.0},{"not_picked":["Ball Lightning+1","Beam Cell","Stack"],"picked":"SKIP","floor":18.0},{"not_picked":["Steam","Stack","Redo"],"picked":"SKIP","floor":19.0},{"not_picked":["Beam Cell","Static Discharge"],"picked":"Self Repair","floor":22.0},{"not_picked":["Conserve Battery","Redo+1"],"picked":"Glacier","floor":23.0},{"not_picked":["Self Repair","Meteor Strike"],"picked":"Loop","floor":25.0},{"not_picked":["Barrage","Reinforced Body"],"picked":"Glacier","floor":28.0},{"not_picked":["Conserve Battery","Storm","Glacier+1"],"picked":"SKIP","floor":30.0},{"not_picked":["Thunder Strike","Seek"],"picked":"Echo Form","floor":33.0},{"not_picked":["Steam","Genetic Algorithm+1","Compile Driver+1"],"picked":"SKIP","floor":35.0},{"not_picked":["Jack Of All Trades","Forethought"],"picked":"Dark Shackles","floor":36.0},{"not_picked":["Purity","Blind"],"picked":"Master of Strategy","floor":36.0},{"not_picked":["Trip","Sadistic Nature"],"picked":"Apotheosis","floor":36.0},{"not_picked":["Cold Snap+1","Genetic Algorithm+1","Reprogram+1"],"picked":"SKIP","floor":39.0},{"not_picked":["Genetic Algorithm+1","Reprogram+1"],"picked":"Cold Snap+1","floor":39.0},{"not_picked":["Gash+1","Ball Lightning","Redo"],"picked":"SKIP","floor":41.0},{"not_picked":["Coolheaded+1","Steam+1","Streamline+1"],"picked":"SKIP","floor":42.0},{"not_picked":["Beam Cell","Consume+1","Barrage"],"picked":"SKIP","floor":44.0},{"not_picked":["Ball Lightning+1","Auto Shields+1","Go for the Eyes"],"picked":"SKIP","floor":45.0},{"not_picked":["All For One","Scrape+1","Self Repair+1"],"picked":"SKIP","floor":46},{"not_picked":["Redo+1","Beam Cell+1","Chaos+1"],"picked":"SKIP","floor":48}],"player_experience":539968,"relics_obtained":[{"floor":7.0,"key":"CaptainsWheel"},{"floor":9.0,"key":"Dead Branch"},{"floor":23.0,"key":"Girya"},{"floor":25.0,"key":"Bottled Flame"},{"floor":26.0,"key":"Darkstone Periapt"},{"floor":30.0,"key":"Mercury Hourglass"},{"floor":41.0,"key":"Pocketwatch"},{"floor":43.0,"key":"Ancient Tea Set"},{"floor":45.0,"key":"Symbiotic Virus"}],"event_choices":[{"damage_healed":0.0,"max_hp_gain":0.0,"max_hp_loss":0.0,"gold_gain":0.0,"event_name":"The Woman in Blue","player_choice":"Bought 0 Potions","floor":3.0,"gold_loss":0.0,"damage_taken":0.0},{"damage_healed":0.0,"max_hp_gain":0.0,"max_hp_loss":0.0,"gold_gain":0.0,"event_name":"Vampires","player_choice":"Ignored","floor":20.0,"gold_loss":0.0,"damage_taken":0.0},{"damage_healed":0.0,"max_hp_gain":0.0,"max_hp_loss":0.0,"gold_gain":0.0,"event_name":"Ghosts","player_choice":"Ignored","floor":27.0,"gold_loss":0.0,"damage_taken":0.0},{"damage_healed":0.0,"max_hp_gain":0.0,"max_hp_loss":0.0,"gold_gain":0.0,"cards_transformed":["Strike_B","Strike_B"],"event_name":"Drug Dealer","player_choice":"Became Test Subject","floor":31.0,"gold_loss":0.0,"damage_taken":0.0,"cards_obtained":["Blizzard","Sweeping Beam"]},{"damage_healed":0.0,"max_hp_gain":0.0,"max_hp_loss":0.0,"gold_gain":0.0,"event_name":"SensoryStone","player_choice":"Memory 3","floor":36.0,"gold_loss":0.0,"damage_taken":10.0},{"damage_healed":0.0,"max_hp_gain":0.0,"max_hp_loss":0.0,"gold_gain":0.0,"event_name":"Tomb of Lord Red Mask","player_choice":"Paid","floor":38.0,"gold_loss":115.0,"damage_taken":0.0,"relics_obtained":["Red Mask"]}],"is_beta":false,"boss_relics":[{"not_picked":["Ectoplasm","FrozenCore"],"picked":"Nuclear Battery"},{"not_picked":["SlaversCollar","Runic Pyramid"],"picked":"Velvet Choker"}],"items_purged_floors":[11,37],"is_endless":false,"potions_floor_spawned":[4,13,16,19,25,33,35,41,42,48],"ascension_level":1}}