{"host":"49c2zf0lajbcs427","time":1608195382,"event":{"mods":["AchievementEnabler","BaseMod","Colored Map","Colored Powertips","Highlight Path","Minty Spire (QoL Compilation)","Relic Stats","StSLib"],"gold_per_floor":[112,37,37,49,66,66,76,101,101,130,147,147,165,165,165,239,239,255,255,90,90,128,128,43,43,43,85,141,141,141,182,182,285,285,332,384,384,146,160,160,231,335,335,235,322,322,35,76,76,76],"floor_reached":51,"playtime":3373,"items_purged":["Strike_P","Strike_P","FlurryOfBlows+1"],"score":1329,"play_id":"07bc3c4f-9dea-4606-89f5-0d425e72f8c5","local_time":"20201217215622","is_ascension_mode":true,"campfire_choices":[{"data":"CrushJoints","floor":6.0,"key":"SMITH"},{"data":"Vigilance","floor":12.0,"key":"SMITH"},{"data":"Scrawl","floor":15.0,"key":"SMITH"},{"data":"Wish","floor":23,"key":"SMITH"},{"floor":25,"key":"DIG"},{"floor":30,"key":"REST"},{"floor":32,"key":"DIG"},{"floor":40,"key":"DIG"},{"floor":49,"key":"REST"}],"circlet_count":0,"master_deck":["AscendersBane","Defend_P","Defend_P+1","Defend_P+1","Eruption","Vigilance+1","CrushJoints+1","Scrawl+1","FollowUp","BowlingBash","Brilliance","InnerPeace","Ragnarok+1","FlurryOfBlows+1","Wish+1","EmptyBody","TalkToTheHand+1","Protect","WheelKick+1","FearNoEvil+1","Tantrum+1","Sanctity","Wish","DeceiveReality+1","Wish+1","Tantrum+1","TalkToTheHand+1","LikeWater","Fasting2"],"relics":["PureWater","Molten Egg 2","Sundial","War Paint","Sozu","Shovel","HornCleat","Akabeko","Pen Nib","Kunai","Fusion Hammer","Peace Pipe","Centennial Puzzle","DollysMirror","Lantern","Gremlin Horn","Toy Ornithopter"],"acts_visited":["Exordium","TheCity","TheBeyond"],"potions_floor_usage":[50],"damage_taken":[{"damage":2.0,"enemies":"Jaw Worm","floor":1.0,"turns":4.0},{"damage":2.0,"enemies":"2 Louse","floor":4.0,"turns":3.0},{"damage":0.0,"enemies":"Cultist","floor":5.0,"turns":2.0},{"damage":0.0,"enemies":"Looter","floor":7.0,"turns":2.0},{"damage":27.0,"enemies":"3 Sentries","floor":8.0,"turns":8.0},{"damage":0.0,"enemies":"Gremlin Nob","floor":10.0,"turns":2.0},{"damage":6.0,"enemies":"2 Fungi Beasts","floor":11.0,"turns":2.0},{"damage":0.0,"enemies":"Exordium Wildlife","floor":13.0,"turns":3.0},{"damage":7.0,"enemies":"Hexaghost","floor":16.0,"turns":6.0},{"damage":14,"enemies":"2 Thieves","floor":18,"turns":2},{"damage":0,"enemies":"3 Byrds","floor":22,"turns":5},{"damage":0,"enemies":"Centurion and Healer","floor":27,"turns":4},{"damage":10,"enemies":"Slavers","floor":28,"turns":3},{"damage":0,"enemies":"3 Cultists","floor":31,"turns":2},{"damage":10,"enemies":"Collector","floor":33,"turns":7},{"damage":5,"enemies":"3 Shapes","floor":35,"turns":5},{"damage":21,"enemies":"2 Orb Walkers","floor":36,"turns":3},{"damage":1,"enemies":"3 Darklings","floor":39,"turns":3},{"damage":0,"enemies":"Sphere and 2 Shapes","floor":41,"turns":5},{"damage":1,"enemies":"Jaw Worm Horde","floor":42,"turns":6},{"damage":0,"enemies":"Nemesis","floor":45,"turns":7},{"damage":0,"enemies":"3 Darklings","floor":48,"turns":3},{"damage":41,"enemies":"Time Eater","floor":50,"turns":8}],"seed_played":"6661812530948065807","potions_obtained":[{"floor":4.0,"key":"SmokeBomb"},{"floor":5.0,"key":"FairyPotion"},{"floor":8.0,"key":"SkillPotion"},{"floor":16.0,"key":"LiquidMemories"}],"is_trial":false,"path_per_floor":["M","?","?","M","M","R","M","E","T","E","M","R","M","?","R","B",null,"M","?","$","?","M","R","?","R","T","M","E","?","R","M","R","B",null,"M","?","T","$","M","R","M","M","T","$","E","?","$","M","R","B",null],"character_chosen":"WATCHER","items_purchased":["WheelKick+1","FearNoEvil+1","DollysMirror","TalkToTheHand+1","LikeWater"],"campfire_rested":2,"item_purchase_floors":[20,20,38,47,47],"current_hp_per_floor":[65,65,65,63,63,63,63,36,36,36,30,30,30,23,23,16,60,46,46,46,25,25,25,25,25,25,25,15,15,38,38,38,28,66,61,40,40,40,39,39,39,38,38,38,38,38,38,38,61,25],"gold":76,"neow_bonus":"TEN_PERCENT_HP_BONUS","is_daily":false,"chose_seed":false,"campfire_upgraded":4,"win_rate":0.0,"timestamp":1608195382,"path_taken":["M","?","?","M","?","R","M","E","T","E","M","R","M","?","R","BOSS","M","?","$","?","M","R","?","R","T","M","E","?","R","M","R","BOSS","M","?","?","$","?","R","?","M","T","?","E","?","$","M","R","BOSS"],"items_purchased_type":["Card","Card","Relic","Card","Card"],"build_version":"2020-12-13","purchased_purges":3,"victory":true,"max_hp_per_floor":[74,74,74,74,74,74,74,74,74,74,74,74,74,74,74,74,74,74,74,74,79,79,79,79,79,79,79,79,79,79,79,79,79,79,79,79,79,79,79,79,79,79,79,79,79,79,79,79,79,79],"relic_stats":{"Sozu":5,"Peace Pipe":0,"Centennial Puzzle":[9],"Shovel":3,"Gremlin Horn":[3,3],"counters":[23,95],"Sundial":[6],"Pen Nib":[14],"Kunai":[34],"War Paint":["Defend_P","Defend_P"],"obtain_stats":[{"Lantern":40,"Gremlin Horn":43,"Pen Nib":28,"War Paint":10,"Akabeko":26,"Sozu":17,"Peace Pipe":36,"Centennial Puzzle":37,"Shovel":24,"HornCleat":25,"Sundial":9,"DollysMirror":38,"Molten Egg 2":8,"Fusion Hammer":34,"Kunai":32,"PureWater":0,"Toy Ornithopter":45},{"Lantern":18,"Gremlin Horn":20,"Pen Nib":13,"War Paint":6,"Akabeko":11,"Sozu":9,"Peace Pipe":17,"Centennial Puzzle":17,"Shovel":11,"HornCleat":11,"Sundial":5,"DollysMirror":17,"Molten Egg 2":5,"Fusion Hammer":15,"Kunai":14,"PureWater":0,"Toy Ornithopter":21},{"Lantern":66,"Gremlin Horn":77,"Pen Nib":46,"War Paint":21,"Akabeko":39,"Sozu":32,"Peace Pipe":63,"Centennial Puzzle":63,"Shovel":39,"HornCleat":39,"Sundial":19,"DollysMirror":63,"Molten Egg 2":19,"Fusion Hammer":55,"Kunai":48,"PureWater":0,"Toy Ornithopter":84}],"Toy Ornithopter":5},"card_choices":[{"not_picked":["Crescendo","SashWhip"],"picked":"CrushJoints","floor":1.0},{"not_picked":["FlyingSleeves","ThirdEye"],"picked":"BowlingBash","floor":4.0},{"not_picked":["JustLucky","EmptyBody"],"picked":"Brilliance","floor":5.0},{"not_picked":["Crescendo","BowlingBash"],"picked":"InnerPeace","floor":7.0},{"not_picked":["ThirdEye","CrushJoints+1"],"picked":"FlurryOfBlows+1","floor":8.0},{"not_picked":["SashWhip+1","CarveReality+1","Crescendo"],"picked":"SKIP","floor":10.0},{"not_picked":["Crescendo","Study"],"picked":"Ragnarok+1","floor":11.0},{"not_picked":["FlyingSleeves+1","Halt"],"picked":"FlurryOfBlows+1","floor":13.0},{"not_picked":["Ragnarok+1","ConjureBlade"],"picked":"Wish","floor":16.0},{"not_picked":["Crescendo","CrushJoints+1"],"picked":"EmptyBody","floor":18},{"not_picked":["EmptyBody+1","ThirdEye","Study"],"picked":"SKIP","floor":22},{"not_picked":["Adaptation","Sanctity"],"picked":"Tantrum+1","floor":27},{"not_picked":["FlyingSleeves+1","SashWhip+1"],"picked":"Sanctity","floor":28},{"not_picked":["Crescendo","FollowUp+1"],"picked":"Wish","floor":31},{"not_picked":["SignatureMove+1","Swivel","FollowUp+1"],"picked":"SKIP","floor":35},{"not_picked":["Halt+1","FlyingSleeves+1"],"picked":"DeceiveReality+1","floor":36},{"not_picked":["Adaptation","FlyingSleeves+1","Fasting2+1"],"picked":"SKIP","floor":39},{"not_picked":["Indignation+1","Crescendo","MentalFortress+1"],"picked":"SKIP","floor":41},{"not_picked":["BattleHymn","Crescendo"],"picked":"Tantrum+1","floor":42},{"not_picked":["SashWhip+1","Evaluate","CutThroughFate+1"],"picked":"SKIP","floor":45},{"not_picked":["EmptyBody","Perseverance"],"picked":"Fasting2","floor":48}],"player_experience":2098288,"relics_obtained":[{"floor":8.0,"key":"Molten Egg 2"},{"floor":9.0,"key":"Sundial"},{"floor":10.0,"key":"War Paint"},{"floor":25,"key":"HornCleat"},{"floor":26,"key":"Akabeko"},{"floor":28,"key":"Pen Nib"},{"floor":32,"key":"Kunai"},{"floor":36,"key":"Peace Pipe"},{"floor":37,"key":"Centennial Puzzle"},{"floor":40,"key":"Lantern"},{"floor":43,"key":"Gremlin Horn"},{"floor":45,"key":"Toy Ornithopter"}],"event_choices":[{"cards_removed":["Defend_P"],"damage_healed":0.0,"max_hp_gain":0.0,"max_hp_loss":0.0,"gold_gain":0.0,"event_name":"The Cleric","player_choice":"Card Removal","floor":2.0,"gold_loss":75.0,"damage_taken":0.0},{"damage_healed":0.0,"max_hp_gain":0.0,"max_hp_loss":0.0,"gold_gain":0.0,"event_name":"Match and Keep!","player_choice":"3 cards matched","floor":3.0,"gold_loss":0.0,"damage_taken":0.0,"cards_obtained":["Normality","Scrawl","FollowUp"]},{"cards_removed":["Normality"],"damage_healed":0.0,"max_hp_gain":0.0,"max_hp_loss":0.0,"gold_gain":0.0,"event_name":"Golden Wing","player_choice":"Card Removal","floor":14.0,"gold_loss":0.0,"damage_taken":7.0},{"damage_healed":0,"gold_gain":0,"cards_transformed":["Strike_P","Strike_P"],"player_choice":"Became Test Subject","damage_taken":0,"max_hp_gain":0,"max_hp_loss":0,"event_name":"Drug Dealer","floor":19,"gold_loss":0,"cards_obtained":["TalkToTheHand","Protect"]},{"damage_healed":0,"gold_gain":0,"player_choice":"Shed Blood","damage_taken":26,"max_hp_gain":5,"max_hp_loss":0,"event_name":"Forgotten Altar","floor":21,"gold_loss":0},{"damage_healed":0,"gold_gain":0,"player_choice":"Obtained Relic","damage_taken":0,"relics_obtained":["Shovel"],"max_hp_gain":0,"max_hp_loss":0,"event_name":"Addict","floor":24,"gold_loss":85},{"damage_healed":0,"gold_gain":0,"player_choice":"Ignored","damage_taken":0,"max_hp_gain":0,"max_hp_loss":0,"event_name":"Ghosts","floor":29,"gold_loss":0},{"damage_healed":0,"gold_gain":0,"player_choice":"Fight","damage_taken":0,"max_hp_gain":0,"max_hp_loss":0,"event_name":"Mysterious Sphere","floor":36,"gold_loss":0},{"damage_healed":0,"gold_gain":0,"player_choice":"Ignored","damage_taken":0,"max_hp_gain":0,"max_hp_loss":0,"event_name":"The Moai Head","floor":46,"gold_loss":0}],"is_beta":false,"boss_relics":[{"not_picked":["Velvet Choker","Pandora\u0027s Box"],"picked":"Sozu"},{"not_picked":["SacredBark","Astrolabe"],"picked":"Fusion Hammer"}],"items_purged_floors":[38,44,47],"is_endless":false,"potions_floor_spawned":[4,5,8,16,27,28,31,41,48],"ascension_level":17}}