{"host":"5qewjvycy34u7aeo","time":1608245274,"event":{"mods":["Act Like it!","Aspiration","BaseMod","Conspire","Downfall","GifTheSpireLib","Hubris","Infinite Spire","Minty Spire (QoL Compilation)","Permanent Neow","Replay The Spire","Shop Mod","StSLib","Stuff the Spire"],"gold_per_floor":[114,132,144,294,329,347,371,398,323,323,343,343,24,39,39,39,39],"floor_reached":16,"playtime":1058,"items_purged":[],"score":112,"play_id":"bbb8c8bb-e33a-49dd-a3da-549037f04635","local_time":"20201217144754","is_ascension_mode":false,"campfire_choices":[{"floor":9,"key":"RECALL"},{"data":"champ:EndlessRage","floor":15,"key":"SMITH"}],"circlet_count":0,"master_deck":["champ:Strike","champ:Strike","champ:Strike","champ:Strike","champ:Defend","champ:Defend","champ:Defend","champ:Defend","champ:Execute","champ:Taunt","Blind","champ:ArenaPreparation","champ:FanOfKnives","champ:FocusedBerserking","Slimebound:Icky","champ:BringItOn","champ:BringItOn","champ:DeathBlow","champ:AdrenalArmor","champ:FaceSlap","champ:EndlessRage+1"],"relics":["champ:ChampionCrown","hubris:Metronome","StuffTheSpire:MayFlowers","downfall:HeartBlessingBlue","downfall:BrokenWingStatue","hubris:TinFlute","Membership Card","champ:GladiatorsBookOfMartialProwess"],"acts_visited":["Exordium"],"potions_floor_usage":[],"damage_taken":[{"damage":1,"enemies":"Cultist","floor":1,"turns":5},{"damage":30,"enemies":"Small Slimes","floor":2,"turns":3},{"damage":30,"enemies":"Jaw Worm","floor":3,"turns":3},{"damage":42,"enemies":"3 Sentries","floor":5,"turns":7},{"damage":17,"enemies":"Blue Slaver","floor":6,"turns":5},{"damage":47,"enemies":"Gremlin Nob","floor":8,"turns":4},{"damage":32,"enemies":"2 Fungi Beasts","floor":11,"turns":3},{"damage":30,"enemies":"downfall:FleeingMerchant","floor":13,"turns":4},{"damage":41,"enemies":"3 Louse","floor":14,"turns":5},{"damage":42,"enemies":"downfall:Silent","floor":16,"turns":3}],"seed_played":"4413278976336684461","potions_obtained":[{"floor":5,"key":"Strength Potion"},{"floor":8,"key":"Explosive Potion"},{"floor":11,"key":"DistilledChaos"}],"is_trial":false,"path_per_floor":["M","M","M","?","E","M","T","E","R","?","M","T","$","M","R","B"],"character_chosen":"THE_CHAMP","items_purchased":["Membership Card","champ:GladiatorsBookOfMartialProwess"],"campfire_rested":0,"item_purchase_floors":[13,13],"current_hp_per_floor":[89,89,81,81,69,73,73,44,54,54,42,42,42,37,37,0,0],"gold":39,"neow_bonus":"RANDOM_COLORLESS","is_daily":false,"chose_seed":false,"campfire_upgraded":1,"win_rate":0.0,"timestamp":1608245274,"path_taken":["M","M","M","?","E","M","T","E","R","?","M","?","?","M","R","BOSS"],"items_purchased_type":["Relic","Relic"],"build_version":"2020-12-13","purchased_purges":0,"victory":false,"max_hp_per_floor":[90,90,90,90,90,90,90,90,100,100,100,100,100,100,100,100,100],"card_choices":[{"not_picked":["expansioncontent:AwakenDeath","Mind Blast"],"picked":"Blind","floor":0},{"not_picked":["champ:Duel","champ:ViciousMockery"],"picked":"champ:ArenaPreparation","floor":1},{"not_picked":["champ:PerfectedStrike","champ:DefensiveShout"],"picked":"champ:FanOfKnives","floor":2},{"not_picked":["champ:ArenaPreparation","champ:RecklessLeap"],"picked":"champ:FocusedBerserking","floor":3},{"not_picked":["champ:DeathBlow","champ:TornadoPunch"],"picked":"champ:BringItOn","floor":5},{"not_picked":["champ:Riposte","champ:CrookedStrike"],"picked":"champ:BringItOn","floor":6},{"not_picked":["champ:BladeFlurry","champ:FanOfKnives"],"picked":"champ:DeathBlow","floor":8},{"not_picked":["champ:MurderStrike","champ:DefensiveShout"],"picked":"champ:AdrenalArmor","floor":11},{"not_picked":["champ:Encircle","champ:IronFortress"],"picked":"champ:FaceSlap","floor":13},{"not_picked":["champ:GutPunch","champ:Riposte"],"picked":"champ:EndlessRage","floor":14}],"player_experience":363802,"relics_obtained":[{"floor":5,"key":"hubris:Metronome"},{"floor":8,"key":"StuffTheSpire:MayFlowers"},{"floor":12,"key":"hubris:TinFlute"}],"event_choices":[],"is_beta":false,"boss_relics":[],"items_purged_floors":[],"is_endless":false,"potions_floor_spawned":[5,8,11,14],"killed_by":"downfall:Silent","ascension_level":0}}