{"host":"kw4o7b3ro2ktmmbe","time":1608206984,"event":{"mods":["BaseMod","Lobotomy","Minty Spire (QoL Compilation)","Treasure Hunter"],"gold_per_floor":[126,51,126,146,146,176,176,201,201,201,218,218,241,241,241,338,338,357,376,395,395,395,395,429,442,442,146,146,157,10,29,29,127,127,140,140,140,151,161,161,181,181,181,198,209,226,259,278,278,278],"floor_reached":51,"playtime":9705,"items_purged":["Normality"],"score":809,"play_id":"ead4c514-63d9-460d-880b-37782be78cdb","local_time":"20201218010944","is_ascension_mode":false,"campfire_choices":[],"circlet_count":0,"master_deck":["SpecialBullet","SpecialBullet","SpecialBullet","SpecialBullet","SpecialBullet","SpecialBullet","SpecialBullet","SpecialBullet","InformationCode","SecurityCode","DisciplinaryCode","Woodsman","MagicBullet+1","CrumblingArmor","TH:PixieDust","LifeForTheDareDevil","QueenOfHatred","TH:Mimic","Regret_ego","OldLady","TH:ArmorSpikes","Scarecrow","Regret_ego","TH:CursedSword","TH:CursedSword","TH:Mimic","Mimicry","SpiderBud","FourthMatchFlame","SnowQueen","UniverseFragment","TH:DeckOfManyThings","Lantern+1","OSAHOGD","FieryBird","TH:PixieDust","Wellcheers","Rudolta","TrainingCode","TH:TreasureMap","VoidDream","RedShoes","CherryBlossoms","LittleHelper","WelfareCode","TH:BikiniMail","BodiesMountain","Freischutz","Laetitia","TH:BikiniMail","Porccubus","DreamingCurrent","CentralCode"],"relics":["CogitoBucket","Dead Branch","Kunai","Toxic Egg 2","Turnip","Bag of Preparation","Shuriken","Coffee Dripper","AspirationHeart","Calipers","Oddly Smooth Stone","Singing Bowl","Thread and Needle","FleshIdol","Lee\u0027s Waffle","Busted Crown","TreeSap","The Courier","PreservedInsect"],"acts_visited":["Exordium","TheCity","TheBeyond"],"potions_floor_usage":[50],"damage_taken":[{"damage":7.0,"enemies":"2 Louse","floor":1.0,"turns":2.0},{"damage":11.0,"enemies":"Jaw Worm","floor":4.0,"turns":2.0},{"damage":0.0,"enemies":"Lagavulin","floor":6.0,"turns":4.0},{"damage":6.0,"enemies":"Gremlin Nob","floor":8.0,"turns":4.0},{"damage":0.0,"enemies":"Small Slimes","floor":11.0,"turns":2.0},{"damage":33.0,"enemies":"The Guardian","floor":16.0,"turns":7.0},{"damage":7.0,"enemies":"Spheric Guardian","floor":18.0,"turns":9.0},{"damage":28.0,"enemies":"Shell Parasite","floor":19.0,"turns":4.0},{"damage":16.0,"enemies":"Snake Plant","floor":20.0,"turns":2.0},{"damage":85.0,"enemies":"Book of Stabbing","floor":24.0,"turns":5.0},{"damage":16.0,"enemies":"Shelled Parasite and Fungi","floor":25.0,"turns":4.0},{"damage":85.0,"enemies":"3 Cultists","floor":29.0,"turns":7.0},{"damage":2.0,"enemies":"Snecko","floor":31.0,"turns":3.0},{"damage":14.0,"enemies":"Champ","floor":33.0,"turns":6.0},{"damage":9.0,"enemies":"3 Shapes","floor":35.0,"turns":2.0},{"damage":5.0,"enemies":"3 Darklings","floor":38.0,"turns":3.0},{"damage":152.0,"enemies":"Transient","floor":39.0,"turns":9.0},{"damage":4.0,"enemies":"Spire Growth","floor":41.0,"turns":4.0},{"damage":2.0,"enemies":"Writhing Mass","floor":44.0,"turns":5.0},{"damage":7.0,"enemies":"Maw","floor":45.0,"turns":7.0},{"damage":0.0,"enemies":"Sphere and 2 Shapes","floor":46.0,"turns":3.0},{"damage":12.0,"enemies":"Nemesis","floor":47.0,"turns":5.0},{"damage":6,"enemies":"Writhing Mass","floor":48,"turns":2},{"damage":186,"enemies":"FixerMidnight","floor":50,"turns":6},{"damage":125,"enemies":"Malkuth","floor":51,"turns":8}],"seed_played":"6474132918790193454","potions_obtained":[{"floor":1.0,"key":"GamblersBrew"},{"floor":16.0,"key":"Fire Potion"},{"floor":25.0,"key":"SpeedPotion"},{"floor":31.0,"key":"FearPotion"},{"floor":35.0,"key":"SteroidPotion"},{"floor":45.0,"key":"BlessingOfTheForge"}],"is_trial":false,"path_per_floor":["M","$","?","M","?","E","R","E","T","R","M","T","T","?","R","B",null,"M","M","M","?","?","R","E","M","T","$","R","M","$","M","R","B",null,"M","?","$","M","M","R","M","R","T","M","M","M","E","M","R","B",null],"character_chosen":"Angela","items_purchased":["Thread and Needle","Lee\u0027s Waffle"],"campfire_rested":0,"item_purchase_floors":[27,30],"current_hp_per_floor":[70,70,59,62,48,62,62,68,68,68,74,74,74,74,74,45,78,92,90,100,100,100,100,61,86,86,86,86,55,121,127,127,131,133,134,134,134,141,59,59,97,97,97,123,153,157,161,165,165,35],"gold":279,"neow_bonus":"ONE_RARE_RELIC","is_daily":false,"chose_seed":false,"campfire_upgraded":0,"win_rate":0.0,"timestamp":1608206984,"path_taken":["M","$","?","M","?","E","R","E","T","R","M","?","?","?","R","BOSS","M","M","M","?","?","R","E","M","T","?","R","M","$","M","R","BOSS","M","?","$","M","?","R","M","R","T","?","M","M","E","M","R","BOSS"],"items_purchased_type":["Relic","Relic"],"build_version":"2020-12-13","purchased_purges":1,"victory":true,"max_hp_per_floor":[70,70,70,70,70,70,70,70,70,70,74,74,74,74,74,78,78,92,96,100,100,100,100,104,108,108,108,108,114,121,127,127,133,133,137,137,137,141,141,141,145,145,145,149,153,157,161,165,165,165],"card_choices":[{"not_picked":["Wellcheers","LittleHelper"],"picked":"Woodsman","floor":1.0},{"not_picked":["InTheNameOfLoveAndHate","RapturousDream"],"picked":"SKIP","floor":1.0},{"not_picked":["InTheNameOfLoveAndHate","RapturousDream"],"picked":"SKIP","floor":1.0},{"not_picked":["Spore"],"picked":"MagicBullet","floor":4.0},{"not_picked":["BigBadWolf","Bloodbath"],"picked":"CrumblingArmor","floor":4.0},{"not_picked":["TH:EnergyPotion"],"picked":"TH:PixieDust","floor":6.0},{"not_picked":["Tough"],"picked":"LifeForTheDareDevil","floor":6.0},{"not_picked":["WallGazer","SingingMachine"],"picked":"QueenOfHatred","floor":6.0},{"not_picked":["TH:DeckOfManyThings"],"picked":"TH:Mimic","floor":8.0},{"not_picked":["Diffraction+1"],"picked":"Regret_ego","floor":8.0},{"not_picked":["Rudolta","PunishingBird"],"picked":"OldLady","floor":8.0},{"not_picked":["TH:BikiniMail"],"picked":"TH:ArmorSpikes","floor":9.0},{"not_picked":["Freischutz","SpiderBud"],"picked":"Scarecrow","floor":11.0},{"not_picked":["Soda"],"picked":"Regret_ego","floor":11.0},{"not_picked":["TH:EnergyPotion"],"picked":"TH:CursedSword","floor":12.0},{"not_picked":["TH:ElvenBoots"],"picked":"TH:CursedSword","floor":13.0},{"not_picked":["TH:BikiniMail"],"picked":"TH:Mimic","floor":16.0},{"not_picked":["ParadiseLost"],"picked":"Mimicry","floor":16.0},{"not_picked":["NakedNest","MeatLantern"],"picked":"SpiderBud","floor":16.0},{"not_picked":["Wingbeat+1"],"picked":"FourthMatchFlame","floor":18.0},{"not_picked":["BlackSwan","HappyTeddy"],"picked":"SnowQueen","floor":18.0},{"not_picked":["RedShoes","Bloodbath"],"picked":"NothingThere","floor":19.0},{"not_picked":["Loneliness+1","RedEyes+1"],"picked":"SKIP","floor":19.0},{"not_picked":["Loneliness+1","RedEyes+1"],"picked":"SKIP","floor":19.0},{"not_picked":["SingingMachine","BeautyBeast"],"picked":"UniverseFragment","floor":20.0},{"not_picked":["SomewhereSpear+1","Logging"],"picked":"SKIP","floor":20.0},{"not_picked":["TH:ElvenBoots"],"picked":"TH:DeckOfManyThings","floor":24.0},{"not_picked":["SomewhereSpear+1"],"picked":"Lantern+1","floor":24.0},{"not_picked":["Porccubus","LongBird"],"picked":"OSAHOGD","floor":24.0},{"not_picked":["WallGazer","HappyTeddy"],"picked":"FieryBird","floor":25.0},{"not_picked":["CUTE+1","WristCuter"],"picked":"SKIP","floor":25.0},{"not_picked":["TH:ElvenBoots"],"picked":"TH:PixieDust","floor":26.0},{"not_picked":["Penitence+1","Moonlight"],"picked":"Singing Bowl","floor":29.0},{"not_picked":["Variant","FairyFestival"],"picked":"Wellcheers","floor":29.0},{"not_picked":["Noise+1","Soda"],"picked":"Singing Bowl","floor":31.0},{"not_picked":["Yin","Murderer"],"picked":"Rudolta","floor":31.0},{"not_picked":["TH:CopperCoins"],"picked":"TH:TreasureMap","floor":33.0},{"not_picked":["CENSORED_ego+1","Twilight"],"picked":"Singing Bowl","floor":33.0},{"not_picked":["PunishingBird","Murderer"],"picked":"VoidDream","floor":33.0},{"not_picked":["WhitesApple","LaLuna"],"picked":"RedShoes","floor":35.0},{"not_picked":["BlueStar","DespairKnight"],"picked":"CherryBlossoms","floor":38.0},{"not_picked":["MeltingLove","Laetitia"],"picked":"LittleHelper","floor":41.0},{"not_picked":[],"picked":"TH:BikiniMail","floor":43.0},{"not_picked":["Freischutz","NakedNest"],"picked":"BodiesMountain","floor":44.0},{"not_picked":["SingingMachine","BigBadWolf"],"picked":"Freischutz","floor":45.0},{"not_picked":["HeroicMonk","Funeral"],"picked":"Laetitia","floor":46.0},{"not_picked":[],"picked":"TH:BikiniMail","floor":47.0},{"not_picked":["NakedNest","ShyLook"],"picked":"Porccubus","floor":47.0},{"not_picked":["GalaxyChild","DespairKnight"],"picked":"DreamingCurrent","floor":48}],"player_experience":1752022,"relics_obtained":[{"floor":6.0,"key":"Kunai"},{"floor":8.0,"key":"Toxic Egg 2"},{"floor":12.0,"key":"Turnip"},{"floor":13.0,"key":"Bag of Preparation"},{"floor":24.0,"key":"Oddly Smooth Stone"},{"floor":26.0,"key":"Singing Bowl"},{"floor":43.0,"key":"The Courier"},{"floor":47.0,"key":"PreservedInsect"}],"event_choices":[{"damage_healed":0.0,"max_hp_gain":0.0,"max_hp_loss":0.0,"gold_gain":75.0,"event_name":"World of Goop","player_choice":"Gather Gold","floor":3.0,"gold_loss":0.0,"damage_taken":11.0},{"damage_healed":0.0,"max_hp_gain":0.0,"max_hp_loss":0.0,"gold_gain":0.0,"event_name":"Shining Light","player_choice":"Entered Light","floor":5.0,"gold_loss":0.0,"damage_taken":14.0,"cards_upgraded":["MagicBullet"]},{"damage_healed":0.0,"max_hp_gain":0.0,"max_hp_loss":0.0,"gold_gain":0.0,"event_name":"Big Fish","player_choice":"Box","floor":14.0,"gold_loss":0.0,"damage_taken":0.0,"relics_obtained":["Shuriken"],"cards_obtained":["Regret"]},{"cards_removed":["NothingThere"],"damage_healed":0.0,"max_hp_gain":0.0,"max_hp_loss":0.0,"gold_gain":0.0,"event_name":"Back to Basics","player_choice":"Elegance","floor":21.0,"gold_loss":0.0,"damage_taken":0.0},{"damage_healed":0.0,"max_hp_gain":0.0,"max_hp_loss":0.0,"gold_gain":0.0,"event_name":"The Mausoleum","player_choice":"Opened","floor":22.0,"gold_loss":0.0,"damage_taken":0.0,"relics_obtained":["Calipers"],"cards_obtained":["Writhe"]},{"damage_healed":0.0,"max_hp_gain":0.0,"max_hp_loss":0.0,"gold_gain":0.0,"event_name":"The Woman in Blue","player_choice":"Bought 0 Potions","floor":36.0,"gold_loss":0.0,"damage_taken":0.0}],"is_beta":false,"boss_relics":[{"not_picked":["Empty Cage","SacredBark"],"picked":"Coffee Dripper"},{"not_picked":["Sozu","Runic Pyramid"],"picked":"Busted Crown"}],"items_purged_floors":[2],"is_endless":false,"potions_floor_spawned":[1,16,25,31,33,35,45],"ascension_level":0}}