{"host":"fvsruk02bthdqpa4","time":1608223615,"event":{"mods":["AchievementEnabler","Aspiration","BaseMod","Colored Map","Colored Powertips","Conspire","Minty Spire (QoL Compilation)","Quick Restart","Replay The Spire","Shop Mod","StSLib","SuperFastMode","The Blue Laboratory","The Runesmith"],"gold_per_floor":[118,118,89,108,8,33,48,48,48,48,241,260,260,335,335,430,430,449,27,126,126,51,51,78,78,78,105,105,34,49,49,49,147,147,166,177,177,105,125,157,175,175,175,188,188,203,234,251,251,251],"floor_reached":51,"playtime":2772,"items_purged":["Normality","Runesmith:Defend_RS"],"score":757,"play_id":"52a3c012-7498-41b3-a903-cd7e3e2933dd","local_time":"20201217114655","is_ascension_mode":true,"campfire_choices":[{"data":"Runesmith:Firestorm","floor":8,"key":"SMITH"},{"data":"Runesmith:RunicBlueprint","floor":10,"key":"SMITH"},{"floor":15,"key":"REST"},{"data":"Runesmith:UnlimitedPower","floor":23,"key":"SMITH"},{"floor":28,"key":"REST"},{"floor":32,"key":"REST"},{"floor":42,"key":"REST"},{"data":"Runesmith:MetallurgicalResearch","floor":45,"key":"SMITH"},{"floor":49,"key":"REST"}],"circlet_count":0,"master_deck":["Runesmith:Strike_RS","Runesmith:Strike_RS","Runesmith:Strike_RS","Runesmith:Defend_RS","Runesmith:Defend_RS","Runesmith:Defend_RS","Runesmith:CraftFirestone","Runesmith:Fortify","Runesmith:Firestorm+1","Runesmith:MetallurgicalResearch+1","Runesmith:RunicBlueprint+1","Runesmith:Grindstone","Runesmith:UnlimitedPower+1","Runesmith:Grindstone+1","Runesmith:CraftMedicinae+1","Runesmith:RuneHurl","Runesmith:Permafrost","Runesmith:Empowerment","Runesmith:FissionHammer","Runesmith:CraftMagma+1","Runesmith:LithiumIon","Runesmith:Retool+1","Runesmith:CreatorForm"],"relics":["Runesmith:BrokenRuby","NeowsBlessing","ReplayTheSpireMod:CursedCoin","ReplayTheSpireMod:Ninjato","Replay:Bottled Flurry","Sozu","Replay:Wax Seal","Bottled Lightning","ReplayTheSpireMod:Ring of Exchange","ReplayTheSpireMod:Ring of Challenge","Toy Ornithopter","Mercury Hourglass","Black Star","Lantern","Gambling Chip","ReplayTheSpireMod:Shallot","conspire:DecoderRing","War Paint"],"acts_visited":["Exordium","TheCity","TheBeyond"],"potions_floor_usage":[16,22,22],"damage_taken":[{"damage":0,"enemies":"Jaw Worm","floor":1,"turns":1},{"damage":0,"enemies":"Small Slimes","floor":4,"turns":1},{"damage":3,"enemies":"3 Sentries","floor":6,"turns":2},{"damage":5,"enemies":"2 Louse","floor":7,"turns":3},{"damage":12,"enemies":"Gremlin Gang","floor":12,"turns":6},{"damage":23,"enemies":"The Guardian","floor":16,"turns":9},{"damage":7,"enemies":"conspire:FuzzyDice","floor":18,"turns":8},{"damage":26,"enemies":"2 Thieves","floor":22,"turns":5},{"damage":18,"enemies":"Replay:Snechameleon","floor":24,"turns":8},{"damage":53,"enemies":"Cultist and Chosen","floor":27,"turns":8},{"damage":0,"enemies":"conspire:HollyBat","floor":30,"turns":7},{"damage":13,"enemies":"Automaton","floor":33,"turns":10},{"damage":9,"enemies":"3 Darklings","floor":35,"turns":4},{"damage":15,"enemies":"3 Shapes","floor":36,"turns":4},{"damage":19,"enemies":"Maw","floor":39,"turns":7},{"damage":13,"enemies":"Giant Head","floor":40,"turns":8},{"damage":52,"enemies":"Jaw Worm Horde","floor":41,"turns":5},{"damage":6,"enemies":"Transient","floor":44,"turns":5},{"damage":13,"enemies":"Spire Growth","floor":46,"turns":5},{"damage":8,"enemies":"Nemesis","floor":47,"turns":9},{"damage":9,"enemies":"3 Darklings","floor":48,"turns":5},{"damage":41,"enemies":"Awakened One","floor":50,"turns":11}],"seed_played":"557750107410454193","potions_obtained":[{"floor":4,"key":"blueLaboratory:PyrophylliteBrew"},{"floor":7,"key":"blueLaboratory:Moonshine"},{"floor":16,"key":"Fruit Juice"}],"is_trial":false,"path_per_floor":["M","?","$","M","$","E","M","R","T","R","?","M","?","?","R_BF","B",null,"M","$","?","?","M","R","E","?","T","M","R","$","M","?","R","B",null,"M","M","?","$","M","E","M","R","T","M","R","M","E","M","R","B",null],"character_chosen":"RUNESMITH_CLASS","items_purchased":["ReplayTheSpireMod:CursedCoin","Runesmith:BackupBattery+1","Runesmith:Firestorm","Runesmith:CraftMedicinae","Replay:Wax Seal","Bottled Lightning","Runesmith:Permafrost","Runesmith:LithiumIon"],"campfire_rested":5,"item_purchase_floors":[3,3,3,19,19,19,29,38],"current_hp_per_floor":[70,63,63,63,63,60,55,55,55,55,38,26,26,15,36,13,70,63,63,63,63,46,46,32,57,57,8,30,30,33,41,63,56,75,66,51,56,56,55,54,12,34,34,46,46,33,29,27,49,18],"gold":251,"neow_bonus":"THREE_ENEMY_KILL","is_daily":false,"chose_seed":false,"campfire_upgraded":4,"win_rate":0.0,"timestamp":1608223615,"path_taken":["M","?","?","M","$","E","M","R","T","R","?","?","?","?","R_BF","BOSS","M","$","?","?","M","R","E","?","T","M","R","$","M","?","R","BOSS","M","M","?","$","M","E","M","R","T","M","R","M","E","?","R","BOSS"],"items_purchased_type":["Relic","Card","Card","Card","Relic","Relic","Card","Card"],"build_version":"2020-12-13","purchased_purges":2,"victory":true,"max_hp_per_floor":[70,70,70,70,70,70,70,70,70,70,70,70,70,70,70,70,70,70,70,70,70,75,75,75,75,75,75,75,75,75,75,75,75,75,75,75,75,75,75,75,75,75,75,75,75,75,75,75,75,75],"card_choices":[{"not_picked":["Runesmith:UnstableHammer","Runesmith:Overpower","Runesmith:MakeshiftArmor"],"picked":"SKIP","floor":1},{"not_picked":["Runesmith:Overpower","Runesmith:NanitesCloud","Runesmith:RuneHurl"],"picked":"SKIP","floor":4},{"not_picked":["Runesmith:Overpower","Runesmith:CraftMagma"],"picked":"Runesmith:MetallurgicalResearch","floor":6},{"not_picked":["Runesmith:Discharge","Runesmith:HammerTime"],"picked":"Runesmith:RunicBlueprint","floor":7},{"not_picked":["Runesmith:Overpower","Runesmith:HeatExchange"],"picked":"Runesmith:Grindstone","floor":11},{"not_picked":["Runesmith:Repurpose","Runesmith:MakeshiftArmor","aspiration:UnbridledHammer"],"picked":"SKIP","floor":12},{"not_picked":["Runesmith:DuctTape","Runesmith:LastStand"],"picked":"Runesmith:UnlimitedPower","floor":16},{"not_picked":["Runesmith:UnstableHammer","Runesmith:HammerThrow"],"picked":"Runesmith:Grindstone","floor":18},{"not_picked":["Runesmith:UnstableHammer","Runesmith:Empowerment","Runesmith:ShiftingStrike"],"picked":"SKIP","floor":22},{"not_picked":["Runesmith:Repurpose","Runesmith:Electrocute","Runesmith:HeatedChisel"],"picked":"SKIP","floor":24},{"not_picked":["Runesmith:CraftIncendium","Runesmith:EarthShield"],"picked":"Runesmith:RuneHurl","floor":27},{"not_picked":["Runesmith:Overpower","Runesmith:Grindstone"],"picked":"Runesmith:Empowerment","floor":30},{"not_picked":["Runesmith:GenerateForcefield","Runesmith:CraftMedicinae"],"picked":"Runesmith:FissionHammer","floor":33},{"not_picked":["Runesmith:CraftProtectio","Runesmith:Overpower"],"picked":"Runesmith:CraftMagma+1","floor":35},{"not_picked":["Runesmith:ChiselStab+1","Runesmith:NegativeSpace","Runesmith:ShiftingStrike"],"picked":"SKIP","floor":36},{"not_picked":["Runesmith:HeatExchange","Runesmith:EnergizedChisel","Runesmith:BackupBattery+1"],"picked":"SKIP","floor":39},{"not_picked":["Runesmith:EarthShield","Runesmith:Overpower","Runesmith:HammerTime+1"],"picked":"SKIP","floor":40},{"not_picked":["Runesmith:Repurpose","Runesmith:Superposition","Runesmith:EarthShield"],"picked":"SKIP","floor":41},{"not_picked":["Runesmith:HeatExchange+1","Runesmith:FissionHammer"],"picked":"Runesmith:Retool+1","floor":44},{"not_picked":["Runesmith:ChiselStab+1","Runesmith:HeatedChisel","Runesmith:Discharge"],"picked":"SKIP","floor":46},{"not_picked":["Runesmith:Firewall+1","Runesmith:ChargedHammer+1"],"picked":"Runesmith:CreatorForm","floor":47},{"not_picked":["Runesmith:Augment","Runesmith:Grindstone+1","Runesmith:ChargedHammer+1"],"picked":"SKIP","floor":48}],"player_experience":389716,"relics_obtained":[{"floor":6,"key":"ReplayTheSpireMod:Ninjato"},{"floor":9,"key":"Replay:Bottled Flurry"},{"floor":21,"key":"ReplayTheSpireMod:Ring of Exchange"},{"floor":21,"key":"ReplayTheSpireMod:Ring of Challenge"},{"floor":24,"key":"Toy Ornithopter"},{"floor":26,"key":"Mercury Hourglass"},{"floor":40,"key":"Lantern"},{"floor":40,"key":"Gambling Chip"},{"floor":43,"key":"ReplayTheSpireMod:Shallot"},{"floor":47,"key":"conspire:DecoderRing"},{"floor":47,"key":"War Paint"}],"event_choices":[{"damage_healed":0,"gold_gain":0,"player_choice":"Damaged","damage_taken":7,"max_hp_gain":0,"max_hp_loss":0,"event_name":"Wheel of Change","floor":2,"gold_loss":0},{"damage_healed":0,"gold_gain":75,"player_choice":"Gather Gold","damage_taken":11,"max_hp_gain":0,"max_hp_loss":0,"event_name":"World of Goop","floor":14,"gold_loss":0},{"damage_healed":0,"gold_gain":99,"player_choice":"Stole From Cult","damage_taken":0,"max_hp_gain":0,"max_hp_loss":0,"event_name":"Nest","floor":20,"gold_loss":0},{"damage_healed":25,"gold_gain":0,"player_choice":"Heal","damage_taken":0,"max_hp_gain":0,"max_hp_loss":0,"event_name":"The Library","floor":25,"gold_loss":0},{"cards_removed":["Runesmith:BackupBattery"],"damage_healed":5,"gold_gain":0,"player_choice":"Offered Common","damage_taken":0,"max_hp_gain":0,"max_hp_loss":0,"event_name":"Bonfire Elementals","floor":37,"gold_loss":0},{"cards_removed":["Runesmith:BackupBattery"],"damage_healed":5,"gold_gain":0,"player_choice":"Offered Special","damage_taken":0,"max_hp_gain":0,"max_hp_loss":0,"event_name":"Bonfire Elementals","floor":37,"gold_loss":0}],"is_beta":false,"boss_relics":[{"not_picked":["aspiration:PoetsPen_weak","ReplayTheSpireMod:DimensionalGlitch"],"picked":"Sozu"},{"not_picked":["HandDrill","SacredBark"],"picked":"Black Star"}],"items_purged_floors":[3,5],"is_endless":false,"potions_floor_spawned":[4,7,16,18,30,33,35,39,46,47],"ascension_level":1}}