{"host":"4cz9gr89nglr7k8k","time":1608240947,"event":{"mods":["BaseMod","Minty Spire (QoL Compilation)","Relic Stats","Slay-I"],"gold_per_floor":[112,135,135,148,163,198,198,24,24,24,35,49,49,83,83,159,159,173,173,173,223,223,223,223],"floor_reached":23,"playtime":620,"items_purged":[],"score":384,"play_id":"7a480fbe-6a5e-43ea-83b8-2c628f5517b9","local_time":"20201217223547","is_ascension_mode":true,"campfire_choices":[{"floor":7,"key":"REST"},{"data":"Dualcast","floor":10,"key":"SMITH"},{"floor":15,"key":"REST"}],"circlet_count":0,"master_deck":["AscendersBane","Strike_B","Strike_B","Strike_B","Strike_B","Defend_B","Defend_B","Defend_B","Zap","Dualcast+1","Gash","Auto Shields","Beam Cell","Glacier","Steam","Rebound","Ball Lightning","Rebound","Echo Form","Hello World+1"],"relics":["Cracked Core","NeowsBlessing","Bag of Marbles","Bronze Scales","Membership Card","Question Card","Emotion Chip","SacredBark","MutagenicStrength"],"acts_visited":["Exordium","TheCity"],"potions_floor_usage":[6,23,23],"damage_taken":[{"damage":0,"enemies":"Cultist","floor":1,"turns":1},{"damage":0,"enemies":"Jaw Worm","floor":4,"turns":1},{"damage":0,"enemies":"Small Slimes","floor":5,"turns":1},{"damage":19,"enemies":"Lagavulin","floor":6,"turns":5},{"damage":9,"enemies":"Exordium Wildlife","floor":11,"turns":5},{"damage":6,"enemies":"2 Fungi Beasts","floor":12,"turns":4},{"damage":11,"enemies":"Gremlin Nob","floor":14,"turns":3},{"damage":33,"enemies":"The Guardian","floor":16,"turns":9},{"damage":22,"enemies":"Spheric Guardian","floor":18,"turns":4},{"damage":59,"enemies":"Gremlin Leader","floor":23,"turns":4}],"seed_played":"4443044828692952257","potions_obtained":[{"floor":1,"key":"PowerPotion"},{"floor":4,"key":"LiquidMemories"},{"floor":6,"key":"FocusPotion"},{"floor":12,"key":"Dexterity Potion"}],"is_trial":false,"path_per_floor":["M","T","?","M","M","E","R","$","T","R","M","M","?","E","R","B",null,"M","?","?","?","?","E"],"character_chosen":"DEFECT","items_purchased":["Membership Card","Steam"],"campfire_rested":2,"item_purchase_floors":[8,8],"current_hp_per_floor":[64,64,64,64,64,45,66,66,66,66,57,51,51,40,61,28,60,38,38,52,52,52,0,0],"gold":223,"neow_bonus":"THREE_ENEMY_KILL","is_daily":false,"chose_seed":false,"campfire_upgraded":1,"win_rate":0.0,"timestamp":1608240947,"path_taken":["M","?","?","M","?","E","R","$","T","R","M","?","?","E","R","BOSS","M","?","?","?","?","E"],"items_purchased_type":["Relic","Card"],"build_version":"2020-12-13","purchased_purges":0,"victory":false,"max_hp_per_floor":[71,71,71,71,71,71,71,71,71,71,71,71,71,71,71,71,71,71,71,71,71,71,71,71],"relic_stats":{"Emotion Chip":[17,9,8,0,0],"counters":[10,37],"Bronze Scales":[84],"Question Card":5,"obtain_stats":[{"Emotion Chip":14,"NeowsBlessing":0,"Bronze Scales":6,"SacredBark":17,"MutagenicStrength":19,"Bag of Marbles":2,"Membership Card":8,"Cracked Core":0,"Question Card":9},{"Emotion Chip":7,"NeowsBlessing":0,"Bronze Scales":4,"SacredBark":8,"MutagenicStrength":9,"Bag of Marbles":1,"Membership Card":4,"Cracked Core":0,"Question Card":4},{"Emotion Chip":20,"NeowsBlessing":0,"Bronze Scales":8,"SacredBark":29,"MutagenicStrength":33,"Bag of Marbles":1,"Membership Card":8,"Cracked Core":0,"Question Card":8}]},"card_choices":[{"not_picked":["Skim","Hologram"],"picked":"Gash","floor":1},{"not_picked":["Leap","Conserve Battery"],"picked":"Auto Shields","floor":4},{"not_picked":["Go for the Eyes","Sweeping Beam"],"picked":"Beam Cell","floor":5},{"not_picked":["Lockon","Fusion"],"picked":"Glacier","floor":6},{"not_picked":["Blizzard","Auto Shields","Turbo"],"picked":"Rebound","floor":11},{"not_picked":["Auto Shields","Rebound","Aggregate"],"picked":"Ball Lightning","floor":12},{"not_picked":["Auto Shields","Force Field","Seek"],"picked":"Rebound","floor":14},{"not_picked":["Fission","Multi-Cast","Buffer"],"picked":"Echo Form","floor":16},{"not_picked":["Sweeping Beam","Rebound","Glacier"],"picked":"Hello World","floor":18}],"player_experience":1446550,"relics_obtained":[{"floor":2,"key":"Bag of Marbles"},{"floor":6,"key":"Bronze Scales"},{"floor":9,"key":"Question Card"},{"floor":14,"key":"Emotion Chip"}],"event_choices":[{"cards_removed":["Defend_B"],"damage_healed":0,"gold_gain":0,"player_choice":"Offered Basic","damage_taken":0,"max_hp_gain":0,"max_hp_loss":0,"event_name":"Bonfire Elementals","floor":3,"gold_loss":0},{"damage_healed":0,"gold_gain":0,"player_choice":"Ignored","damage_taken":0,"max_hp_gain":0,"max_hp_loss":0,"event_name":"Shining Light","floor":13,"gold_loss":0},{"damage_healed":0,"gold_gain":0,"player_choice":"Inject Mutagens","damage_taken":0,"relics_obtained":["MutagenicStrength"],"max_hp_gain":0,"max_hp_loss":0,"event_name":"Drug Dealer","floor":19,"gold_loss":0},{"damage_healed":14,"gold_gain":0,"player_choice":"Heal","damage_taken":0,"max_hp_gain":0,"max_hp_loss":0,"event_name":"The Library","floor":20,"gold_loss":0},{"damage_healed":0,"gold_gain":50,"player_choice":"Stole From Cult","damage_taken":0,"max_hp_gain":0,"max_hp_loss":0,"event_name":"Nest","floor":21,"gold_loss":0},{"damage_healed":0,"gold_gain":0,"player_choice":"Forge","damage_taken":0,"max_hp_gain":0,"max_hp_loss":0,"event_name":"Accursed Blacksmith","floor":22,"gold_loss":0,"cards_upgraded":["Hello World"]}],"is_beta":false,"boss_relics":[{"not_picked":["Black Star","Empty Cage"],"picked":"SacredBark"}],"items_purged_floors":[],"is_endless":false,"potions_floor_spawned":[1,4,6,12],"killed_by":"Gremlin Leader","ascension_level":19}}