{"host":"minw3mmpo4s8ujtp","time":1608247567,"event":{"mods":["A Magickal Journey","BaseMod","Bestiary","ChefMod","Hermit","Minty Spire (QoL Compilation)","Quick Restart","Relic Stats","Shade Mod","StSLib","The Necromancer","The Runesmith","TheHero","Treasure Hunter"],"gold_per_floor":[109,37,37,52,68,68,68],"floor_reached":6,"playtime":525,"items_purged":[],"score":36,"play_id":"31e4729c-c734-4cfd-a3c6-6dedc8451ffb","local_time":"20201217182607","is_ascension_mode":false,"campfire_choices":[],"circlet_count":0,"master_deck":["chefmod:Strike","chefmod:Strike","chefmod:Strike","chefmod:Strike","chefmod:Strike","chefmod:Defend","chefmod:Defend","chefmod:Defend","chefmod:QuickThaw","chefmod:TodaysSpecial","chefmod:QuickChop","chefmod:FreezerBurn","chefmod:ZaruSoba","chefmod:TonkotsuRamen"],"relics":["chefmod:TrustyPot","Anchor"],"acts_visited":["Exordium"],"potions_floor_usage":[6],"damage_taken":[{"damage":0,"enemies":"Jaw Worm","floor":1,"turns":5},{"damage":0,"enemies":"Small Slimes","floor":4,"turns":4},{"damage":0,"enemies":"Cultist","floor":5,"turns":4},{"damage":50,"enemies":"Gremlin Nob","floor":6,"turns":5}],"seed_played":"7290514560460622350","potions_obtained":[{"floor":5,"key":"SkillPotion"}],"is_trial":false,"path_per_floor":["M","$","?","M","M","E"],"character_chosen":"THE_CHEF","items_purchased":["chefmod:FreezerBurn"],"campfire_rested":0,"item_purchase_floors":[2],"current_hp_per_floor":[76,76,76,76,76,26,26],"gold":68,"neow_bonus":"RANDOM_COMMON_RELIC","is_daily":false,"chose_seed":false,"campfire_upgraded":0,"win_rate":0.0,"timestamp":1608247567,"path_taken":["M","$","?","M","M","E"],"items_purchased_type":["Card"],"build_version":"2020-12-13","purchased_purges":0,"victory":false,"max_hp_per_floor":[76,76,76,76,76,76,76],"relic_stats":{"counters":[4,18],"obtain_stats":[{"chefmod:TrustyPot":0,"Anchor":0},{"chefmod:TrustyPot":0,"Anchor":0},{"chefmod:TrustyPot":0,"Anchor":0}]},"card_choices":[{"not_picked":["chefmod:BleedOut","chefmod:VegetableTart"],"picked":"chefmod:QuickChop","floor":1},{"not_picked":["chefmod:ColdSteel","chefmod:Sorbet"],"picked":"chefmod:ZaruSoba","floor":4},{"not_picked":["chefmod:ColdSteel","chefmod:HotSoup"],"picked":"chefmod:TonkotsuRamen","floor":5}],"player_experience":216018,"relics_obtained":[],"event_choices":[{"damage_healed":0,"gold_gain":0,"player_choice":"Ignored","damage_taken":0,"max_hp_gain":0,"max_hp_loss":0,"event_name":"Liars Game","floor":3,"gold_loss":0}],"is_beta":false,"boss_relics":[],"items_purged_floors":[],"is_endless":false,"potions_floor_spawned":[5],"killed_by":"Gremlin Nob","ascension_level":0}}