{"host":"f1miojwxaupu79sp","time":1608170142,"event":{"mods":["BaseMod","Better Vampires","Minty Spire (QoL Compilation)","Shop Mod"],"gold_per_floor":[112,124,135,147,162,162,196,146,218,251,251,283,296,39,39,143,143,156,172,172,172,172],"floor_reached":21,"playtime":7277,"items_purged":["Strike_R"],"score":271,"play_id":"3e7f4600-ef6b-41da-9a8a-3dd3420e89b1","local_time":"20201216205542","is_ascension_mode":true,"campfire_choices":[{"data":"True Grit","floor":6,"key":"SMITH"},{"floor":11,"key":"DIG"},{"data":"Immolate","floor":15,"key":"SMITH"}],"circlet_count":0,"master_deck":["Strike_R","Strike_R","Defend_R","Defend_R","Defend_R","Defend_R","Bash","Immolate+1","Evolve","Burning Pact","True Grit+1","Intimidate","Wild Strike","Rampage","Disarm","Reckless Charge+1","Panache","Berserk","Berserk"],"relics":["Burning Blood","Lizard Tail","Molten Egg 2","Shovel","Bag of Marbles","Dream Catcher","Velvet Choker"],"acts_visited":["Exordium","TheCity"],"potions_floor_usage":[3,7,10,12,19],"damage_taken":[{"damage":0.0,"enemies":"2 Louse","floor":1.0,"turns":1.0},{"damage":0.0,"enemies":"Small Slimes","floor":2.0,"turns":2.0},{"damage":1,"enemies":"Cultist","floor":3,"turns":3},{"damage":21,"enemies":"Exordium Wildlife","floor":4,"turns":4},{"damage":2,"enemies":"2 Fungi Beasts","floor":5,"turns":3},{"damage":11,"enemies":"3 Sentries","floor":7,"turns":4},{"damage":32,"enemies":"Gremlin Nob","floor":10,"turns":4},{"damage":16,"enemies":"Lagavulin","floor":12,"turns":7},{"damage":5,"enemies":"Looter","floor":13,"turns":3},{"damage":23,"enemies":"Slime Boss","floor":16,"turns":8},{"damage":18,"enemies":"Spheric Guardian","floor":18,"turns":5},{"damage":11,"enemies":"2 Thieves","floor":19,"turns":2},{"damage":45,"enemies":"Centurion and Healer","floor":21,"turns":6}],"seed_played":"1850311426953672748","potions_obtained":[{"floor":1.0,"key":"Energy Potion"},{"floor":4,"key":"Strength Potion"},{"floor":5,"key":"PowerPotion"},{"floor":10,"key":"LiquidMemories"},{"floor":18,"key":"Swift Potion"}],"is_trial":false,"path_per_floor":["M","M","M","M","M","R","E","?","T","E","R","E","M","$","R","B",null,"M","M","?","M"],"character_chosen":"IRONCLAD","items_purchased":["Panache"],"campfire_rested":0,"item_purchase_floors":[14],"current_hp_per_floor":[78,80,80,65,69,69,64,64,64,38,38,28,29,29,29,12,63,51,46,46,1,1],"gold":172,"neow_bonus":"TRANSFORM_CARD","is_daily":false,"chose_seed":false,"campfire_upgraded":2,"win_rate":0.0,"timestamp":1608170142,"path_taken":["M","M","M","M","M","R","E","?","T","E","R","E","M","$","R","BOSS","M","M","?","?"],"items_purchased_type":["Card"],"build_version":"2020-12-13","purchased_purges":1,"victory":false,"max_hp_per_floor":[80,80,80,80,80,80,80,80,80,80,80,80,80,80,80,80,80,80,80,80,80,80],"card_choices":[{"not_picked":["Burning Pact","Clothesline"],"picked":"Evolve","floor":1.0},{"not_picked":["Shrug It Off","Twin Strike"],"picked":"Burning Pact","floor":2.0},{"not_picked":["Second Wind","Sever Soul"],"picked":"True Grit","floor":3},{"not_picked":["Wild Strike","Second Wind"],"picked":"Intimidate","floor":4},{"not_picked":["Warcry","Armaments"],"picked":"Wild Strike","floor":5},{"not_picked":["Heavy Blade","Clothesline"],"picked":"Rampage","floor":7},{"not_picked":["Carnage+1","Anger+1","Heavy Blade+1"],"picked":"SKIP","floor":10},{"not_picked":["Clothesline+1","Shockwave"],"picked":"Disarm","floor":12},{"not_picked":["Anger+1","Burning Pact"],"picked":"Reckless Charge+1","floor":13},{"not_picked":["Limit Break","Fiend Fire+1"],"picked":"Berserk","floor":16},{"not_picked":["Searing Blow+1","Shockwave","Anger+1"],"picked":"SKIP","floor":18},{"not_picked":["Clash+1","Warcry","Uppercut+1"],"picked":"SKIP","floor":19}],"player_experience":597392,"relics_obtained":[{"floor":7,"key":"Lizard Tail"},{"floor":9,"key":"Molten Egg 2"},{"floor":10,"key":"Shovel"},{"floor":11,"key":"Bag of Marbles"},{"floor":12,"key":"Dream Catcher"}],"event_choices":[{"cards_removed":["Strike_R"],"damage_healed":0,"gold_gain":0,"player_choice":"Card Removal","damage_taken":0,"max_hp_gain":0,"max_hp_loss":0,"event_name":"The Cleric","floor":8,"gold_loss":50},{"damage_healed":0,"gold_gain":0,"player_choice":"Copied","damage_taken":0,"max_hp_gain":0,"max_hp_loss":0,"event_name":"Duplicator","floor":20,"gold_loss":0,"cards_obtained":["Berserk"]}],"is_beta":false,"boss_relics":[{"not_picked":["Ectoplasm","Pandora\u0027s Box"],"picked":"Velvet Choker"}],"items_purged_floors":[14],"is_endless":false,"potions_floor_spawned":[1,4,5,10,18],"killed_by":"Centurion and Healer","ascension_level":7}}