{"host":"4nqeo0vu1vuav7gg","time":1608226681,"event":{"mods":["AchievementEnabler","BaseMod","Block Reminder","Colored Map","Colored Powertips","Highlight Path","Minty Spire (QoL Compilation)","Quick Restart","Rare Cards Sparkle","Relic Relevance Reorder","StSLib"],"gold_per_floor":[112,112,122,139,159,186,186,215,215,250,250,250,304,324,324,398,398,413,438,450,462,552,552,552,552],"floor_reached":24,"playtime":2531,"items_purged":[],"score":367,"play_id":"03642945-bfbd-43dd-92c4-613a1dba4dfb","local_time":"20201217183801","is_ascension_mode":true,"campfire_choices":[{"data":"Fission","floor":7.0,"key":"SMITH"},{"floor":15.0,"key":"REST"},{"floor":23.0,"key":"REST"}],"circlet_count":0,"master_deck":["AscendersBane","Strike_B","Defend_B","Defend_B","Defend_B","Defend_B","Zap+1","Dualcast","Cold Snap","Go for the Eyes","Chill","Glacier","Fission+1","Beam Cell","Capacitor","Coolheaded","Fission","Glacier","Static Discharge","Sunder"],"relics":["Cracked Core","Ice Cream","Happy Flower","Orichalcum","Symbiotic Virus","White Beast Statue","Shovel","Tiny Chest","Empty Cage"],"acts_visited":["Exordium","TheCity"],"potions_floor_usage":[24],"damage_taken":[{"damage":0.0,"enemies":"Small Slimes","floor":1.0,"turns":3.0},{"damage":2.0,"enemies":"2 Louse","floor":3.0,"turns":2.0},{"damage":0.0,"enemies":"Cultist","floor":4.0,"turns":3.0},{"damage":0.0,"enemies":"2 Fungi Beasts","floor":5.0,"turns":3.0},{"damage":9.0,"enemies":"3 Sentries","floor":6.0,"turns":10.0},{"damage":12.0,"enemies":"Lagavulin","floor":8.0,"turns":9.0},{"damage":15.0,"enemies":"Gremlin Nob","floor":10.0,"turns":4.0},{"damage":5.0,"enemies":"Lots of Slimes","floor":14.0,"turns":5.0},{"damage":22.0,"enemies":"Slime Boss","floor":16.0,"turns":15.0},{"damage":6.0,"enemies":"Shell Parasite","floor":18.0,"turns":12.0},{"damage":0.0,"enemies":"3 Byrds","floor":20.0,"turns":4.0},{"damage":32.0,"enemies":"Cultist and Chosen","floor":21.0,"turns":15.0},{"damage":29,"enemies":"Book of Stabbing","floor":24,"turns":7}],"seed_played":"5921875520910916224","potions_obtained":[{"floor":1.0,"key":"LiquidBronze"},{"floor":4.0,"key":"Swift Potion"},{"floor":6.0,"key":"SkillPotion"},{"floor":16.0,"key":"GamblersBrew"},{"floor":18.0,"key":"DistilledChaos"},{"floor":20.0,"key":"SkillPotion"},{"floor":21.0,"key":"SpeedPotion"}],"is_trial":false,"path_per_floor":["M","?","M","M","M","E","R","E","T","E","?","?","T","M","R","B",null,"M","T","M","M","?","R","E"],"character_chosen":"DEFECT","items_purchased":[],"campfire_rested":2,"item_purchase_floors":[],"current_hp_per_floor":[64,52,50,50,50,41,41,29,29,14,7,7,7,2,23,1,54,48,48,48,16,4,25,0,0],"gold":552,"neow_bonus":"UPGRADE_CARD","is_daily":false,"chose_seed":false,"campfire_upgraded":1,"win_rate":0.0,"timestamp":1608226681,"path_taken":["M","?","M","M","M","E","R","E","T","E","?","?","?","M","R","BOSS","M","?","M","M","?","R","E"],"items_purchased_type":[],"build_version":"2020-12-13","purchased_purges":0,"victory":false,"max_hp_per_floor":[71,71,71,71,71,71,71,71,71,71,71,71,71,71,71,71,71,71,71,71,71,71,71,71,71],"card_choices":[{"not_picked":["Lockon","Stack"],"picked":"Cold Snap","floor":1.0},{"not_picked":["Barrage","Beam Cell"],"picked":"Go for the Eyes","floor":3.0},{"not_picked":["Tempest","Skim"],"picked":"Chill","floor":4.0},{"not_picked":["Ball Lightning","Hologram"],"picked":"Glacier","floor":5.0},{"not_picked":["Go for the Eyes","Steam"],"picked":"Fission","floor":6.0},{"not_picked":["Chaos","Heatsinks"],"picked":"Beam Cell","floor":8.0},{"not_picked":["Coolheaded","Rip and Tear"],"picked":"Capacitor","floor":10.0},{"not_picked":["Gash","Redo"],"picked":"Coolheaded","floor":14.0},{"not_picked":["Reboot","Hyperbeam"],"picked":"Fission","floor":16.0},{"not_picked":["Leap","Compile Driver+1"],"picked":"Glacier","floor":18.0},{"not_picked":["Force Field","Go for the Eyes+1"],"picked":"Static Discharge","floor":20.0},{"not_picked":["Reinforced Body","Compile Driver"],"picked":"Sunder","floor":21.0}],"player_experience":960455,"relics_obtained":[{"floor":6.0,"key":"Symbiotic Virus"},{"floor":8.0,"key":"Shovel"},{"floor":10.0,"key":"Ice Cream"},{"floor":13.0,"key":"Happy Flower"},{"floor":19.0,"key":"Orichalcum"}],"event_choices":[{"damage_healed":0.0,"max_hp_gain":0.0,"max_hp_loss":0.0,"gold_gain":0.0,"event_name":"Scrap Ooze","player_choice":"Success","floor":2.0,"gold_loss":0.0,"damage_taken":12.0,"relics_obtained":["Tiny Chest"]},{"cards_removed":["Strike_B"],"damage_healed":0.0,"max_hp_gain":0.0,"max_hp_loss":0.0,"gold_gain":0.0,"event_name":"Golden Wing","player_choice":"Card Removal","floor":11.0,"gold_loss":0.0,"damage_taken":7.0},{"damage_healed":0.0,"max_hp_gain":0.0,"max_hp_loss":0.0,"gold_gain":0.0,"event_name":"Dead Adventurer","player_choice":"Searched \u00271\u0027 times","floor":12.0,"gold_loss":0.0,"damage_taken":0.0,"relics_obtained":["White Beast Statue"]},{"damage_healed":0.0,"max_hp_gain":0.0,"max_hp_loss":0.0,"gold_gain":90.0,"event_name":"Knowing Skull","player_choice":"GOLD ","floor":22.0,"potions_obtained":[],"gold_loss":0.0,"damage_taken":12.0,"cards_obtained":[]}],"is_beta":false,"boss_relics":[{"not_picked":["Calling Bell","Astrolabe"],"picked":"Empty Cage"}],"items_purged_floors":[],"is_endless":false,"potions_floor_spawned":[1,4,5,6,14,16,18,20,21],"killed_by":"Book of Stabbing","ascension_level":14}}