{"host":"kiofj7470znkzgvo","time":1608200249,"event":{"mods":["2.2 Compatiblity","AchievementEnabler","BaseMod","Minty Spire (QoL Compilation)"],"gold_per_floor":[117,117,134,154,164,199,218,245,245,245,277,292,95,107,107,208,208,219,219,219,231,231,257,257,287,299,323,335,14,30,130,130,225,225,235,246,144,157,177,205,205,234,316,351,351,351,367,396,396,396,396],"floor_reached":50,"playtime":2569,"items_purged":["Strike_R","Strike_R"],"score":821,"play_id":"f175e6f9-4b8c-4005-b493-9726148f43f8","local_time":"20201217111729","is_ascension_mode":true,"campfire_choices":[{"floor":10.0,"key":"REST"},{"floor":15.0,"key":"REST"},{"floor":24.0,"key":"REST"},{"floor":28.0,"key":"RECALL"},{"floor":32.0,"key":"REST"},{"data":"Barricade","floor":41.0,"key":"SMITH"},{"floor":46.0,"key":"REST"},{"floor":49.0,"key":"REST"}],"circlet_count":0,"master_deck":["Strike_R","Strike_R","Strike_R","Defend_R","Defend_R","Defend_R","Defend_R","Bash","Barricade+1","Ghostly Armor","Fire Breathing","Inflame","Heavy Blade","Armaments","Ghostly Armor","Anger","Shockwave+1","Sword Boomerang","Shrug It Off+1","Limit Break+1","Heavy Blade+1","Bloodletting+1","Spot Weakness+1","Armaments+1","Flex+1","Anger","Impervious+1","Demon Form","Body Slam","Sentinel+1","Anger","Heavy Blade+1","Flame Barrier+1","Entrench+1","Dual Wield+1","Impervious+1"],"relics":["Burning Blood","Shuriken","Paper Frog","Odd Mushroom","Toxic Egg 2","Lantern","Membership Card","Velvet Choker","MutagenicStrength","Mummified Hand","The Courier","MawBank","Vajra","Frozen Eye","Happy Flower","Omamori","Prayer Wheel","Meat on the Bone","Cursed Key","Red Skull","Ornamental Fan","Pantograph","Strawberry","PreservedInsect"],"acts_visited":["Exordium","TheCity","TheBeyond"],"potions_floor_usage":[50,50],"damage_taken":[{"damage":7.0,"enemies":"Small Slimes","floor":1.0,"turns":5.0},{"damage":13.0,"enemies":"Jaw Worm","floor":3.0,"turns":4.0},{"damage":9.0,"enemies":"2 Louse","floor":4.0,"turns":4.0},{"damage":13.0,"enemies":"Exordium Thugs","floor":5.0,"turns":4.0},{"damage":25.0,"enemies":"Lagavulin","floor":6.0,"turns":7.0},{"damage":12.0,"enemies":"2 Fungi Beasts","floor":7.0,"turns":5.0},{"damage":26.0,"enemies":"The Mushroom Lair","floor":8.0,"turns":6.0},{"damage":20.0,"enemies":"3 Sentries","floor":11.0,"turns":7.0},{"damage":13.0,"enemies":"Large Slime","floor":12.0,"turns":4.0},{"damage":7.0,"enemies":"Exordium Wildlife","floor":14.0,"turns":5.0},{"damage":24.0,"enemies":"Slime Boss","floor":16.0,"turns":11.0},{"damage":4.0,"enemies":"Shell Parasite","floor":18.0,"turns":4.0},{"damage":0.0,"enemies":"Chosen","floor":21.0,"turns":5.0},{"damage":56.0,"enemies":"Gremlin Leader","floor":23.0,"turns":7.0},{"damage":14.0,"enemies":"Book of Stabbing","floor":25.0,"turns":2.0},{"damage":32.0,"enemies":"Sentry and Sphere","floor":27.0,"turns":6.0},{"damage":5.0,"enemies":"Chosen and Byrds","floor":30.0,"turns":4.0},{"damage":13.0,"enemies":"Colosseum Slavers","floor":31.0,"turns":3.0},{"damage":5.0,"enemies":"Colosseum Nobs","floor":31.0,"turns":4.0},{"damage":50.0,"enemies":"Collector","floor":33.0,"turns":6.0},{"damage":12.0,"enemies":"3 Shapes","floor":35.0,"turns":3.0},{"damage":3.0,"enemies":"Orb Walker","floor":36.0,"turns":2.0},{"damage":27.0,"enemies":"4 Shapes","floor":38.0,"turns":3.0},{"damage":0.0,"enemies":"Jaw Worm Horde","floor":39.0,"turns":4.0},{"damage":36.0,"enemies":"Reptomancer","floor":40.0,"turns":4.0},{"damage":4.0,"enemies":"Giant Head","floor":42.0,"turns":5.0},{"damage":30.0,"enemies":"Reptomancer","floor":44.0,"turns":7.0},{"damage":12.0,"enemies":"Maw","floor":47.0,"turns":5.0},{"damage":48.0,"enemies":"Giant Head","floor":48.0,"turns":7.0},{"damage":96,"enemies":"Donu and Deca","floor":50,"turns":6}],"seed_played":"-112779504493036921","potions_obtained":[{"floor":3.0,"key":"FearPotion"},{"floor":4.0,"key":"EssenceOfSteel"},{"floor":6.0,"key":"FearPotion"},{"floor":8.0,"key":"AttackPotion"},{"floor":12.0,"key":"LiquidMemories"},{"floor":21.0,"key":"LiquidMemories"},{"floor":23.0,"key":"Strength Potion"},{"floor":27.0,"key":"LiquidBronze"},{"floor":31.0,"key":"GamblersBrew"},{"floor":36.0,"key":"PowerPotion"},{"floor":39.0,"key":"Strength Potion"},{"floor":47.0,"key":"Explosive Potion"},{"floor":48.0,"key":"AttackPotion"}],"is_trial":false,"path_per_floor":["M","?","M","M","M","E","M","?","T","R","E","M","$","M","R","B",null,"M","?","?","M","?","E","R","E","T","M","R","$","M","?","R","B",null,"M","M","$","M","M","E","R","E","T","E","?","R","M","E","R","B"],"character_chosen":"IRONCLAD","items_purchased":["Membership Card","FairyPotion","Armaments+1","Flex+1","Vajra","Anger","Frozen Eye","Happy Flower","Omamori","Regen Potion","Swift Potion"],"campfire_rested":6,"item_purchase_floors":[13,13,29,29,29,29,29,29,29,37,37],"current_hp_per_floor":[79,76,69,66,59,40,34,14,14,38,24,17,17,16,40,22,66,68,68,68,74,74,24,48,40,40,14,14,14,15,9,33,42,71,65,68,68,47,65,47,47,49,49,44,44,70,64,34,60,0,0],"gold":396,"neow_bonus":"ONE_RANDOM_RARE_CARD","is_daily":false,"chose_seed":false,"campfire_upgraded":1,"win_rate":0.0,"timestamp":1608200249,"path_taken":["M","?","M","M","M","E","M","?","T","R","E","M","$","M","R","BOSS","M","?","?","M","?","E","R","E","T","M","R","$","M","?","R","BOSS","M","M","$","M","M","E","R","E","T","E","?","R","M","E","R","BOSS"],"items_purchased_type":["Relic","Potion","Card","Card","Relic","Card","Relic","Relic","Relic","Potion","Potion"],"build_version":"2020-12-13","purchased_purges":2,"victory":false,"max_hp_per_floor":[80,80,80,80,80,80,80,80,80,80,80,80,80,80,80,80,80,80,80,80,80,80,80,80,80,80,80,80,80,80,80,80,80,80,80,80,80,80,80,80,80,80,80,87,87,87,87,87,87,87,87],"card_choices":[{"not_picked":["True Grit","Power Through"],"picked":"Ghostly Armor","floor":1.0},{"not_picked":["Flex","Intimidate"],"picked":"Fire Breathing","floor":3.0},{"not_picked":["Whirlwind","Rampage"],"picked":"Inflame","floor":4.0},{"not_picked":["Sword Boomerang","Wild Strike"],"picked":"Heavy Blade","floor":5.0},{"not_picked":["Shrug It Off","Whirlwind"],"picked":"Armaments","floor":6.0},{"not_picked":["Flex","Body Slam"],"picked":"Ghostly Armor","floor":7.0},{"not_picked":["Pommel Strike","Warcry"],"picked":"Anger","floor":8.0},{"not_picked":["Evolve","Dark Embrace"],"picked":"Shockwave+1","floor":11.0},{"not_picked":["Shockwave+1","Brutality"],"picked":"Sword Boomerang","floor":12.0},{"not_picked":["Clash","Reckless Charge"],"picked":"Shrug It Off+1","floor":14.0},{"not_picked":["Barricade","Immolate"],"picked":"Limit Break+1","floor":16.0},{"not_picked":["Wild Strike+1","Clothesline","Ghostly Armor+1"],"picked":"SKIP","floor":18.0},{"not_picked":["Iron Wave","Combust"],"picked":"Heavy Blade+1","floor":21.0},{"not_picked":["True Grit+1","Shrug It Off+1"],"picked":"Bloodletting+1","floor":23.0},{"not_picked":["Feel No Pain","Carnage","Intimidate+1"],"picked":"SKIP","floor":25.0},{"not_picked":["Evolve","Havoc+1"],"picked":"Spot Weakness+1","floor":27.0},{"not_picked":["Headbutt","Pummel","Heavy Blade"],"picked":"SKIP","floor":30.0},{"not_picked":["Ghostly Armor+1","Body Slam+1"],"picked":"Impervious+1","floor":31.0},{"not_picked":["Barricade","Brutality"],"picked":"Demon Form","floor":33.0},{"not_picked":["Uppercut+1","True Grit+1"],"picked":"Body Slam","floor":35.0},{"not_picked":["Thunderclap","Body Slam"],"picked":"Sentinel+1","floor":35.0},{"not_picked":["Thunderclap+1","Infernal Blade+1"],"picked":"Anger","floor":36.0},{"not_picked":["Shockwave+1","Body Slam","Searing Blow"],"picked":"SKIP","floor":36.0},{"not_picked":["Twin Strike","Uppercut"],"picked":"Heavy Blade+1","floor":38.0},{"not_picked":["Havoc+1","Bloodletting+1","Sword Boomerang+1"],"picked":"SKIP","floor":38.0},{"not_picked":["Twin Strike","Armaments+1"],"picked":"Flame Barrier+1","floor":39.0},{"not_picked":["Rage+1","Clothesline+1","Power Through+1"],"picked":"SKIP","floor":39.0},{"not_picked":["Feed","Body Slam+1"],"picked":"Entrench+1","floor":40.0},{"not_picked":["Armaments+1","Iron Wave"],"picked":"Dual Wield+1","floor":42.0},{"not_picked":["True Grit+1","Feel No Pain","Headbutt+1"],"picked":"SKIP","floor":44.0},{"not_picked":["Clash+1","Heavy Blade","Clothesline+1"],"picked":"SKIP","floor":47.0},{"not_picked":["True Grit+1","Flex+1","Sword Boomerang"],"picked":"SKIP","floor":47.0},{"not_picked":["Perfected Strike","Hemokinesis+1"],"picked":"Impervious+1","floor":48.0}],"player_experience":103370,"relics_obtained":[{"floor":6.0,"key":"Paper Frog"},{"floor":8.0,"key":"Odd Mushroom"},{"floor":9.0,"key":"Toxic Egg 2"},{"floor":11.0,"key":"Lantern"},{"floor":23.0,"key":"The Courier"},{"floor":25.0,"key":"MawBank"},{"floor":31.0,"key":"Prayer Wheel"},{"floor":31.0,"key":"Meat on the Bone"},{"floor":40.0,"key":"Red Skull"},{"floor":42.0,"key":"Ornamental Fan"},{"floor":43.0,"key":"Pantograph"},{"floor":44.0,"key":"Strawberry"},{"floor":48.0,"key":"PreservedInsect"}],"event_choices":[{"damage_healed":0.0,"max_hp_gain":0.0,"max_hp_loss":0.0,"gold_gain":0.0,"event_name":"Scrap Ooze","player_choice":"Success","floor":2.0,"gold_loss":0.0,"damage_taken":3.0,"relics_obtained":["Shuriken"]},{"damage_healed":0.0,"max_hp_gain":0.0,"max_hp_loss":0.0,"gold_gain":0.0,"event_name":"Mushrooms","player_choice":"Fought Mushrooms","floor":8.0,"gold_loss":0.0,"damage_taken":0.0},{"damage_healed":0.0,"max_hp_gain":0.0,"max_hp_loss":0.0,"gold_gain":0.0,"event_name":"Drug Dealer","player_choice":"Inject Mutagens","floor":19.0,"gold_loss":0.0,"damage_taken":0.0,"relics_obtained":["MutagenicStrength"]},{"damage_healed":0.0,"max_hp_gain":0.0,"max_hp_loss":0.0,"gold_gain":0.0,"event_name":"The Mausoleum","player_choice":"Opened","floor":20.0,"gold_loss":0.0,"damage_taken":0.0,"relics_obtained":["Mummified Hand"]},{"damage_healed":0.0,"max_hp_gain":0.0,"max_hp_loss":0.0,"gold_gain":0.0,"event_name":"Ghosts","player_choice":"Ignored","floor":22.0,"gold_loss":0.0,"damage_taken":0.0},{"damage_healed":0.0,"max_hp_gain":0.0,"max_hp_loss":0.0,"gold_gain":0.0,"event_name":"Colosseum","player_choice":"Fight","floor":31.0,"gold_loss":0.0,"damage_taken":0.0},{"damage_healed":0.0,"max_hp_gain":0.0,"max_hp_loss":0.0,"gold_gain":0.0,"event_name":"Colosseum","player_choice":"Fought Nobs","floor":31.0,"gold_loss":0.0,"damage_taken":0.0},{"damage_healed":0.0,"max_hp_gain":0.0,"max_hp_loss":0.0,"gold_gain":0.0,"event_name":"Mysterious Sphere","player_choice":"Ignored","floor":45.0,"gold_loss":0.0,"damage_taken":0.0}],"is_beta":false,"boss_relics":[{"not_picked":["Ectoplasm","Runic Pyramid"],"picked":"Velvet Choker"},{"not_picked":["SacredBark","Runic Dome"],"picked":"Cursed Key"}],"items_purged_floors":[29,37],"is_endless":false,"potions_floor_spawned":[3,4,6,8,12,21,23,27,31,36,39,47,48],"killed_by":"Donu and Deca","ascension_level":5}}