{"host":"o5jvvi5yapo90aia","time":1608185977,"event":{"mods":["BaseMod","CapriCore","Minty Spire (QoL Compilation)","MostiFishMod","Prisma Mod","Spicy Shops","StSLib","TestMod","The Immortal","【东方二次创作】八云紫mod","【人物mod】游戏王New YuGiOh mod","【功能Mod】Neow奖励"],"gold_per_floor":[124,157,157,185,211,261,261,307,307,132,158,193,238,265,265,354,354,381,381,407,407,407,457,457,505,532,286,327,362,403,445,457,560,572,611,657,183,583,583,630,645,672,672,715,762,762,802,833,833,848,863,863,863,317,366,401],"floor_reached":57,"playtime":1338,"items_purged":["Strike_R","Defend_R","Defend_R","MostiFishMod:DarkDeal+1"],"score":4215,"play_id":"a216edbf-bd53-46ce-aabf-06ab500c55c5","local_time":"20201217141937","is_ascension_mode":true,"campfire_choices":[{"data":"Strike_R","floor":7.0,"key":"PURGE"},{"data":"Strike_R","floor":15.0,"key":"PURGE"},{"data":"Bash","floor":24,"key":"PURGE"},{"data":"Strike_R","floor":32,"key":"PURGE"},{"floor":46,"key":"RECALL"},{"data":"MostiFishMod:FlyOverUtopia+1","floor":49,"key":"PURGE"},{"data":"Battle Trance+1","floor":53,"key":"PURGE"}],"circlet_count":0,"master_deck":["Defend_R+1","Defend_R+1","Pummel+1","Sword Boomerang+1","Burning Pact+1","Shrug It Off+1","testmod-Dream+1","Dark Embrace+1","Disarm+1"],"relics":["testmod-TestBox","ChiXiaoBlade","Civilization","testmod-CasingShield","Question Card","Nunchaku","Calipers","WingedGreaves","ImportantClient","HereWithMe","MutagenicStrength","MealTicket","SynthV:C4","Art of War","Mercury Hourglass","Omamori","Red Skull","MawBank","Calling Bell","Regal Pillow","testmod-ArcanaOfDestiny","Magic Flower","Membership Card","Lantern","Dream Catcher","Bottled Lightning","Self Forming Clay","Toy Ornithopter","testmod-Nyarlathotep","SynthV","Lee\u0027s Waffle","Oddly Smooth Stone","testmod-AssaultLearning","Ornamental Fan","testmod-TurbochargingSystem"],"acts_visited":["Exordium","TheCity","TheBeyond","TheEnding"],"potions_floor_usage":[56,56],"damage_taken":[{"damage":12.0,"enemies":"Cultist","floor":1.0,"turns":4.0},{"damage":0.0,"enemies":"Jaw Worm","floor":2.0,"turns":3.0},{"damage":0.0,"enemies":"Small Slimes","floor":4.0,"turns":3.0},{"damage":3.0,"enemies":"Exordium Thugs","floor":5.0,"turns":5.0},{"damage":0.0,"enemies":"Gremlin Nob","floor":6.0,"turns":3.0},{"damage":0.0,"enemies":"3 Sentries","floor":8.0,"turns":5.0},{"damage":0.0,"enemies":"Looter","floor":11.0,"turns":1.0},{"damage":0.0,"enemies":"Large Slime","floor":12.0,"turns":1.0},{"damage":0.0,"enemies":"Gremlin Nob","floor":13.0,"turns":1.0},{"damage":0.0,"enemies":"2 Fungi Beasts","floor":14.0,"turns":1.0},{"damage":0.0,"enemies":"The Guardian","floor":16.0,"turns":2.0},{"damage":0.0,"enemies":"Shell Parasite","floor":18.0,"turns":1.0},{"damage":0.0,"enemies":"3 Byrds","floor":20.0,"turns":1.0},{"damage":0,"enemies":"Book of Stabbing","floor":23,"turns":1},{"damage":0,"enemies":"Gremlin Leader","floor":25,"turns":1},{"damage":0,"enemies":"Slavers","floor":28,"turns":1},{"damage":0,"enemies":"3 Cultists","floor":29,"turns":1},{"damage":0,"enemies":"Gremlin Leader","floor":30,"turns":1},{"damage":0,"enemies":"Snake Plant","floor":31,"turns":1},{"damage":0,"enemies":"Automaton","floor":33,"turns":1},{"damage":0,"enemies":"Orb Walker","floor":35,"turns":1},{"damage":0,"enemies":"3 Shapes","floor":36,"turns":1},{"damage":4,"enemies":"Nemesis","floor":40,"turns":1},{"damage":4,"enemies":"Nemesis","floor":41,"turns":3},{"damage":0,"enemies":"Spire Growth","floor":42,"turns":1},{"damage":4,"enemies":"Giant Head","floor":44,"turns":1},{"damage":0,"enemies":"Reptomancer","floor":45,"turns":1},{"damage":0,"enemies":"Giant Head","floor":47,"turns":1},{"damage":0,"enemies":"Maw","floor":48,"turns":1},{"damage":0,"enemies":"Donu and Deca","floor":50,"turns":1},{"damage":0,"enemies":"Time Eater","floor":51,"turns":1},{"damage":0,"enemies":"Shield and Spear","floor":55,"turns":1},{"damage":6,"enemies":"The Heart","floor":56,"turns":5}],"seed_played":"-8844607151234301900","potions_obtained":[{"floor":1.0,"key":"Explosive Potion"},{"floor":5.0,"key":"EntropicBrew"}],"is_trial":false,"path_per_floor":["M","M","?","M","M","E","R","E","T","$","M","M","E","M","R","B",null,"M","?","M","?","?","E","R","E","T","$","E","M","E","M","R","B",null,"M","M","$","?","?","E","?","M","T","E","E","R","E","M","R","B","B",null,"R","$","E","B",null],"character_chosen":"IRONCLAD","items_purchased":["Mercury Hourglass","Omamori","Membership Card","Lantern","MostiFishMod:FlyOverUtopia","testmod-Dream","SynthV","Lee\u0027s Waffle","Oddly Smooth Stone","testmod-AssaultLearning","Ornamental Fan","PowerPotion"],"campfire_rested":0,"item_purchase_floors":[27,27,37,37,37,37,54,54,54,54,54,54],"current_hp_per_floor":[61,67,60,68,75,86,86,100,100,100,115,128,141,156,156,172,172,189,189,209,209,198,223,223,251,251,254,281,311,343,376,376,410,410,445,483,483,483,473,522,569,617,617,666,718,718,771,825,825,881,938,938,938,945,1004,1064],"gold":401,"neow_bonus":"BOSS_RELIC","is_daily":false,"chose_seed":false,"campfire_upgraded":0,"win_rate":0.0,"timestamp":1608185977,"path_taken":["M","M","?","M","M","E","R","E","T","?","M","M","E","M","R","BOSS","M","?","?","?","?","E","R","E","T","$","E","M","E","M","R","BOSS","M","M","$","?","?","E","?","M","T","E","E","R","E","M","R","BOSS","BOSS","R","$","E","BOSS"],"items_purchased_type":["Relic","Relic","Relic","Relic","Card","Card","Relic","Relic","Relic","Relic","Relic","Potion"],"build_version":"2020-12-13","purchased_purges":4,"victory":true,"max_hp_per_floor":[76,78,78,82,88,95,95,105,105,105,116,128,141,156,156,172,172,189,189,209,209,209,230,230,254,254,254,281,311,343,376,376,410,410,445,483,483,483,483,522,569,617,617,666,718,718,771,825,825,881,938,938,938,945,1004,1064],"card_choices":[{"not_picked":["Cleave","Headbutt","Armaments"],"picked":"SKIP","floor":1.0},{"not_picked":["Iron Wave","Rampage","Thunderclap","Armaments"],"picked":"SKIP","floor":2.0},{"not_picked":["Warcry","Cleave","Body Slam","True Grit"],"picked":"SKIP","floor":4.0},{"not_picked":["Havoc","Ghostly Armor","Anger"],"picked":"Battle Trance","floor":5.0},{"not_picked":["Cleave","Battle Trance","Wild Strike"],"picked":"Pummel","floor":6.0},{"not_picked":["Flame Barrier","MostiFishMod:OrdinaryWorld","Anger","Bloodletting"],"picked":"SKIP","floor":8.0},{"not_picked":["Cleave","Armaments","Iron Wave"],"picked":"Sword Boomerang","floor":11.0},{"not_picked":["Ghostly Armor","Twin Strike","Dropkick"],"picked":"Burning Pact","floor":12.0},{"not_picked":["Havoc","Battle Trance","Warcry","MostiFishMod:BrandingRite"],"picked":"SKIP","floor":13.0},{"not_picked":["Sever Soul","Heavy Blade","Iron Wave","Twin Strike"],"picked":"SKIP","floor":14.0},{"not_picked":["Berserk","Demon Form","MostiFishMod:UniRed"],"picked":"MostiFishMod:DarkDeal","floor":16.0},{"not_picked":["Clash","Cleave","Dual Wield","Second Wind"],"picked":"SKIP","floor":18.0},{"not_picked":["Body Slam+1","Armaments","Rampage","Pommel Strike"],"picked":"SKIP","floor":20.0},{"not_picked":["Disarm","Second Wind","Body Slam","Clothesline"],"picked":"SKIP","floor":23},{"not_picked":["Body Slam","Heavy Blade","Disarm","Shrug It Off+1"],"picked":"SKIP","floor":25},{"not_picked":["Body Slam","Heavy Blade","Disarm"],"picked":"Shrug It Off+1","floor":25},{"not_picked":["Pummel","Twin Strike+1","Perfected Strike","Uppercut"],"picked":"SKIP","floor":28},{"not_picked":["Warcry","Havoc","Blood for Blood+1","Rampage"],"picked":"SKIP","floor":29},{"not_picked":["Fire Breathing","Anger","Reaper","Ghostly Armor"],"picked":"SKIP","floor":30},{"not_picked":["Feel No Pain","Flex","Pommel Strike","Pummel"],"picked":"SKIP","floor":31},{"not_picked":["Evolve+1","Iron Wave","Wild Strike","Heavy Blade"],"picked":"SKIP","floor":35},{"not_picked":["Warcry","Spot Weakness","Flex","Twin Strike"],"picked":"SKIP","floor":36},{"not_picked":["Metallicize","Flame Barrier","Sever Soul","Hemokinesis+1"],"picked":"SKIP","floor":40},{"not_picked":["Headbutt","Seeing Red","Armaments"],"picked":"Dark Embrace+1","floor":42},{"not_picked":["Twin Strike","Immolate","MostiFishMod:WingOfPhoenix","MostiFishMod:FireWorks"],"picked":"SKIP","floor":44},{"not_picked":["Dropkick","Perfected Strike","Burning Pact+1","Rampage"],"picked":"SKIP","floor":45},{"not_picked":["Combust+1","Infernal Blade","Havoc","Armaments"],"picked":"SKIP","floor":47},{"not_picked":["Shrug It Off","Iron Wave","Pommel Strike","Flex+1"],"picked":"SKIP","floor":48},{"not_picked":["Pommel Strike+1","Shrug It Off","Warcry"],"picked":"Disarm+1","floor":55}],"player_experience":1307865,"relics_obtained":[{"floor":1.0,"key":"Question Card"},{"floor":6.0,"key":"Nunchaku"},{"floor":8.0,"key":"Calipers"},{"floor":13.0,"key":"WingedGreaves"},{"floor":16.0,"key":"ImportantClient"},{"floor":23,"key":"MealTicket"},{"floor":25,"key":"SynthV:C4"},{"floor":26,"key":"Art of War"},{"floor":28,"key":"Red Skull"},{"floor":30,"key":"MawBank"},{"floor":34,"key":"Regal Pillow"},{"floor":34,"key":"testmod-ArcanaOfDestiny"},{"floor":34,"key":"Magic Flower"},{"floor":40,"key":"Dream Catcher"},{"floor":43,"key":"Bottled Lightning"},{"floor":44,"key":"Self Forming Clay"},{"floor":45,"key":"Toy Ornithopter"},{"floor":47,"key":"testmod-Nyarlathotep"},{"floor":55,"key":"testmod-TurbochargingSystem"}],"event_choices":[{"cards_removed":["Strike_R"],"damage_healed":0.0,"max_hp_gain":0.0,"max_hp_loss":0.0,"gold_gain":0.0,"event_name":"Golden Wing","player_choice":"Card Removal","floor":3.0,"gold_loss":0.0,"damage_taken":7.0},{"damage_healed":0.0,"max_hp_gain":0.0,"max_hp_loss":0.0,"gold_gain":0.0,"event_name":"Duplicator","player_choice":"Ignored","floor":19.0,"gold_loss":0.0,"damage_taken":0.0},{"damage_healed":0,"gold_gain":0,"player_choice":"Inject Mutagens","damage_taken":0,"relics_obtained":["MutagenicStrength"],"max_hp_gain":0,"max_hp_loss":0,"event_name":"Drug Dealer","floor":21,"gold_loss":0},{"damage_healed":0,"gold_gain":0,"player_choice":"Bought 0 Potions","damage_taken":0,"max_hp_gain":0,"max_hp_loss":0,"event_name":"The Woman in Blue","floor":22,"gold_loss":0},{"damage_healed":0,"gold_gain":400,"player_choice":"Sell","damage_taken":0,"max_hp_gain":0,"max_hp_loss":0,"event_name":"恩洛斯的盘子","floor":38,"relics_lost":["DaveBox"],"gold_loss":0},{"damage_healed":0,"gold_gain":0,"player_choice":"Memory 3","damage_taken":10,"max_hp_gain":0,"max_hp_loss":0,"event_name":"SensoryStone","floor":39,"gold_loss":0}],"is_beta":false,"boss_relics":[{"not_picked":["testmod-Recursion","BloodWine"],"picked":"HereWithMe"},{"not_picked":["xbg","Fusion Hammer"],"picked":"Calling Bell"}],"items_purged_floors":[10,10,37,54],"is_endless":false,"potions_floor_spawned":[1,5,8,11,12,14,18,28,30,31,35,40,45],"ascension_level":20}}