{"host":"046f94hp0svsg0ce","time":1608245593,"event":{"mods":["Act Like it!","Astrologer","BaseMod","Beaked The Cultist","Better Third Choice","Colored Map","Colored Powertips","Hermit","Highlight Path","Mad Scientist","Marisa????????","Minty Spire (QoL Compilation)","Quick Restart","Rare Cards Sparkle","Relic Stats","Remilia??????","Somnambulant","StSLib","The Clintock","The Construct","The Exalted","The Forsaken","The Hierophant","The Necromancer","The Runesmith","The Servant 0.9.4","The Valiant"],"gold_per_floor":[118,135,148,166,181,181,207,225,225,225,3,3,0,13,13,115,115,125,200,24,35,35,65,65,79,79,79,92,120,120,120],"floor_reached":30,"playtime":14165,"items_purged":["astrologer:Strike","astrologer:Defend"],"score":272,"play_id":"f92455e0-a4c9-4eb9-92eb-46891da86716","local_time":"20201217235313","is_ascension_mode":false,"campfire_choices":[{"data":"astrologer:Confirmation","floor":6.0,"key":"SMITH"},{"floor":10.0,"key":"REST"},{"data":"astrologer:TheEmpress","floor":12.0,"key":"SMITH"},{"data":"Enlightenment","floor":15.0,"key":"SMITH"},{"floor":24,"key":"REST"},{"data":"astrologer:DarkMatter","floor":27,"key":"SMITH"}],"circlet_count":0,"master_deck":["astrologer:Strike","astrologer:Strike","astrologer:Defend","astrologer:Defend","astrologer:NorthStar","astrologer:TheFool","astrologer:StarOfRegret","astrologer:StarOfMisfortune","astrologer:TheEmperor","astrologer:MeteorShower","astrologer:Confirmation+1","astrologer:Justice","astrologer:TheEmpress+1","astrologer:Opposition","astrologer:Glimpse","astrologer:SolarFlare","astrologer:SpaceDust","astrologer:StarOfMisfortune","astrologer:Trine","Madness+1","astrologer:TheEmperor+1","astrologer:Cataclysm+1","astrologer:Opposition+1","astrologer:TheStar","astrologer:Novile","astrologer:DarkMatter+1","astrologer:ShiningStar","astrologer:Radiance+1","astrologer:StarOfMisfortune"],"relics":["astrologer:SkyMirror","Incense Burner","Bromod:ArcaneDeflection","Astrolabe","Prayer Beads","MealTicket","Lantern"],"acts_visited":["Exordium","TheCity"],"potions_floor_usage":[16,18,23],"damage_taken":[{"damage":0.0,"enemies":"Cultist","floor":1.0,"turns":4.0},{"damage":0.0,"enemies":"Small Slimes","floor":2.0,"turns":2.0},{"damage":1.0,"enemies":"2 Louse","floor":3.0,"turns":3.0},{"damage":5.0,"enemies":"Exordium Thugs","floor":4.0,"turns":5.0},{"damage":10.0,"enemies":"Lots of Slimes","floor":5.0,"turns":4.0},{"damage":9.0,"enemies":"Lagavulin","floor":7.0,"turns":5.0},{"damage":0.0,"enemies":"2 Fungi Beasts","floor":8.0,"turns":3.0},{"damage":0.0,"enemies":"Looter","floor":14.0,"turns":3.0},{"damage":44,"enemies":"The Guardian","floor":16,"turns":10},{"damage":4,"enemies":"2 Thieves","floor":18,"turns":4},{"damage":6,"enemies":"Shell Parasite","floor":21,"turns":6},{"damage":16,"enemies":"Gremlin Leader","floor":23,"turns":7},{"damage":0,"enemies":"Snecko","floor":25,"turns":8},{"damage":31,"enemies":"Cultist and Chosen","floor":28,"turns":8},{"damage":29,"enemies":"Book of Stabbing","floor":29,"turns":6},{"damage":11,"enemies":"3 Cultists","floor":30,"turns":2}],"seed_played":"-3485788339590515245","potions_obtained":[{"floor":2.0,"key":"Weak Potion"},{"floor":3.0,"key":"Weak Potion"},{"floor":4.0,"key":"Strength Potion"},{"floor":8.0,"key":"PowerPotion"},{"floor":16,"key":"DuplicationPotion"},{"floor":18,"key":"Fruit Juice"},{"floor":23,"key":"LiquidMemories"}],"is_trial":false,"path_per_floor":["M","M","M","M","M","R","E","M","T","R","$","R","?","M","R","B",null,"M","?","$","M","$","E","R","M","T","R","M","E","M"],"character_chosen":"ASTROLOGER","items_purchased":["astrologer:Glimpse","astrologer:SolarFlare","astrologer:SpaceDust","astrologer:TheStar"],"campfire_rested":2,"item_purchase_floors":[11,11,11,20],"current_hp_per_floor":[70,70,69,64,54,54,45,45,45,66,66,66,72,72,72,28,76,77,69,69,63,63,47,71,71,71,71,40,11,0,0],"gold":120,"neow_bonus":"THREE_CARDS","is_daily":false,"chose_seed":false,"campfire_upgraded":4,"win_rate":0.0,"timestamp":1608245593,"path_taken":["M","M","M","M","?","R","E","?","T","R","$","R","?","M","R","BOSS","M","?","$","M","?","E","R","M","T","R","M","E","M"],"items_purchased_type":["Card","Card","Card","Card"],"build_version":"2020-12-13","purchased_purges":2,"victory":false,"max_hp_per_floor":[70,70,70,70,70,70,70,70,70,70,70,70,76,76,76,76,76,81,81,81,81,81,81,81,81,81,81,81,81,81,81],"relic_stats":{"counters":[16,78],"Astrolabe":["Madness","astrologer:TheEmperor","astrologer:Cataclysm"],"MealTicket":0,"obtain_stats":[{"Lantern":29,"Prayer Beads":23,"Bromod:ArcaneDeflection":9,"Astrolabe":17,"MealTicket":26,"astrologer:SkyMirror":0,"Incense Burner":7},{"Lantern":15,"Prayer Beads":12,"Bromod:ArcaneDeflection":7,"Astrolabe":9,"MealTicket":13,"astrologer:SkyMirror":0,"Incense Burner":6},{"Lantern":76,"Prayer Beads":54,"Bromod:ArcaneDeflection":25,"Astrolabe":38,"MealTicket":62,"astrologer:SkyMirror":0,"Incense Burner":22}]},"card_choices":[{"not_picked":["astrologer:Moonlight","astrologer:TheHangedMan"],"picked":"astrologer:StarOfRegret","floor":0.0},{"not_picked":["astrologer:ReadTheStars","astrologer:Novile"],"picked":"astrologer:StarOfMisfortune","floor":1.0},{"not_picked":["astrologer:ReadTheStars","astrologer:StarOfChange"],"picked":"astrologer:TheEmperor","floor":2.0},{"not_picked":["astrologer:CometStrike","astrologer:Still"],"picked":"astrologer:MeteorShower","floor":3.0},{"not_picked":["astrologer:TheHighPriestess","astrologer:CometStrike"],"picked":"astrologer:Confirmation","floor":4.0},{"not_picked":["astrologer:Conjunction","astrologer:TheMoon"],"picked":"astrologer:Justice","floor":5.0},{"not_picked":["astrologer:CometStrike","astrologer:HeatDeath"],"picked":"astrologer:TheEmpress","floor":7.0},{"not_picked":["astrologer:TheMoon","astrologer:Quincunx"],"picked":"astrologer:Opposition","floor":8.0},{"not_picked":["astrologer:Still","astrologer:Conjunction"],"picked":"astrologer:StarOfMisfortune","floor":14.0},{"not_picked":["astrologer:TheWorld","astrologer:Fate"],"picked":"astrologer:Trine","floor":16},{"not_picked":["astrologer:Still+1","astrologer:ReadTheStars"],"picked":"astrologer:Opposition+1","floor":18},{"not_picked":["astrologer:TheLovers","astrologer:Moonlight"],"picked":"astrologer:Novile","floor":21},{"not_picked":["astrologer:CometStrike","astrologer:StarOfChange"],"picked":"astrologer:DarkMatter","floor":23},{"not_picked":["astrologer:FrozenStar","astrologer:FadingStar"],"picked":"astrologer:ShiningStar","floor":25},{"not_picked":["astrologer:Novile+1","astrologer:Eclipse"],"picked":"astrologer:Radiance+1","floor":28},{"not_picked":["astrologer:Radiance","astrologer:FrozenStar"],"picked":"astrologer:StarOfMisfortune","floor":29}],"player_experience":1617174,"relics_obtained":[{"floor":7.0,"key":"Incense Burner"},{"floor":9.0,"key":"Bromod:ArcaneDeflection"},{"floor":23,"key":"Prayer Beads"},{"floor":26,"key":"MealTicket"},{"floor":29,"key":"Lantern"}],"event_choices":[{"damage_healed":0.0,"max_hp_gain":0.0,"max_hp_loss":0.0,"gold_gain":0.0,"event_name":"betterThird:BetterSerpent","player_choice":"RENOUNCE","floor":13.0,"gold_loss":3.0,"damage_taken":3.0,"cards_obtained":["Enlightenment"]},{"damage_healed":0,"gold_gain":75,"player_choice":"Touch","damage_taken":8,"max_hp_gain":0,"max_hp_loss":0,"event_name":"FaceTrader","floor":19,"gold_loss":0}],"is_beta":false,"boss_relics":[{"not_picked":["Runesmith:UraniumAnvil","Pandora\u0027s Box"],"picked":"Astrolabe"}],"items_purged_floors":[11,20],"is_endless":false,"potions_floor_spawned":[2,3,4,8,16,18,23],"killed_by":"3 Cultists","ascension_level":0}}