{"host":"jgyoyy5iuhtvyvtg","time":1608178257,"event":{"mods":["2.2 Compatiblity","BaseMod","Challenge The Spire","Colored Map","Conspire","Downfall","Hermit","Highlight Path","Infinite Spire","Lobotomy","LobotomyExtend","Minty Spire (QoL Compilation)","Quick Restart","Replay The Spire","Spikes Relics","StSLib","The Construct","The Disciple","The Jungle","Yuri Mod"],"gold_per_floor":[199,230,230,248,258,358,358,40,40,40,25,25,37,22,35,137,137,137,137,170,170,189,204,204,233,233,264,275,287,272,283,298,400,400,325,341,266,204,204,204,228,247,263,188,202,215,215,233,248,248,248,248,279,36,36,36],"floor_reached":57,"playtime":3289,"items_purged":["champ:Strike"],"score":1564,"play_id":"2ee87623-bcca-40a5-b139-8d2f1328bfc8","local_time":"20201216201057","is_ascension_mode":false,"campfire_choices":[{"data":"champ:Taunt","floor":1,"key":"SMITH"},{"data":"champ:DefensiveStyle","floor":3,"key":"SMITH"},{"floor":10,"key":"REST"},{"data":"champ:HoldFirm","floor":18,"key":"SMITH"},{"data":"infinitespire:SevenWalls","floor":21,"key":"SMITH"},{"data":"BlessedFruit","floor":26,"key":"SMITH"},{"floor":35,"key":"RECALL"},{"data":"BlessedFruit","floor":37,"key":"SMITH"},{"data":"champ:FocusedDefense","floor":39,"key":"SMITH"},{"data":"champ:DefensiveShout","floor":44,"key":"SMITH"},{"data":"champ:Duel","floor":55,"key":"SMITH"}],"circlet_count":0,"master_deck":["champ:Defend","champ:Defend","champ:Defend","champ:Defend","champ:Execute","champ:Taunt+1","champ:DefensiveStyle+1","champ:Circumvent","champ:BringItOn","champ:HoldFirm+1","champ:EndlessRage","champ:CheapShot+1","champ:DefensiveShout+1","champ:EnchantShield+1","infinitespire:SevenWalls+1","champ:FocusedDefense+1","champ:ShieldSigil","BlessedFruit+1","BlessedFruit+1","champ:DefensiveShout","champ:ShieldSigil","champ:VampiricStrike","champ:FocusedDefense+1","champ:FocusedDefense+1","expansioncontent:DefensiveStance","champ:TornadoPunch","champ:ShieldSigil","champ:Duel+1"],"relics":["champ:ChampionCrown","conspire:Boomerang","LetterFromLob","CloakClasp","Divine Protection","Replay:Rubber Ducky","Guardian:PocketSentry","downfall:ShatteredFragment","Replay:Grab Bag","ReplayTheSpireMod:Onyx Gauntlets","conspire:SlowCooker","Replay:Drink Me","SlaversCollar","PreservedInsect","infinitespire:EmpoweringShard","HeavenlyBonsai","Tiny Chest","Coffee Dripper","downfall:HeartBlessingGreen","downfall:HeartBlessingRed","Guide Book","downfall:HeartBlessingBlue","infinitespire:Eraser","Mummified Hand"],"acts_visited":["Exordium","Exordium","TheBeyond","TheEnding"],"potions_floor_usage":[56],"damage_taken":[{"damage":73,"enemies":"Gremlin Nob","floor":2,"turns":6},{"damage":0,"enemies":"Cultist","floor":4,"turns":4},{"damage":12,"enemies":"Small Slimes","floor":5,"turns":5},{"damage":9,"enemies":"Small Slimes","floor":6,"turns":13},{"damage":0,"enemies":"downfall:FleeingMerchant","floor":8,"turns":4},{"damage":0,"enemies":"downfall:FleeingMerchant","floor":11,"turns":4},{"damage":0,"enemies":"2 Louse","floor":13,"turns":2},{"damage":0,"enemies":"downfall:FleeingMerchant","floor":14,"turns":4},{"damage":0,"enemies":"Blue Slaver","floor":15,"turns":2},{"damage":14,"enemies":"downfall:Ironclad","floor":16,"turns":13},{"damage":0,"enemies":"Nightmare","floor":20,"turns":9},{"damage":0,"enemies":"theJungle:Flameango_and_Byrd","floor":22,"turns":4},{"damage":0,"enemies":"Shell Parasite","floor":23,"turns":3},{"damage":0,"enemies":"theJungle:MamaSnecko","floor":25,"turns":4},{"damage":0,"enemies":"theJungle:Cassacara","floor":27,"turns":5},{"damage":0,"enemies":"theJungle:SlimyTreeVines","floor":28,"turns":5},{"damage":0,"enemies":"theJungle:Lyon","floor":29,"turns":3},{"damage":0,"enemies":"downfall:FleeingMerchant","floor":30,"turns":5},{"damage":0,"enemies":"theJungle:2_Snecko_Cultists","floor":31,"turns":3},{"damage":0,"enemies":"theJungle:SlimyTreeVines","floor":32,"turns":5},{"damage":0,"enemies":"downfall:Silent","floor":33,"turns":6},{"damage":0,"enemies":"3 Shapes","floor":36,"turns":3},{"damage":0,"enemies":"downfall:FleeingMerchant","floor":38,"turns":2},{"damage":0,"enemies":"Orb Walker","floor":42,"turns":3},{"damage":0,"enemies":"Spire Growth","floor":43,"turns":3},{"damage":0,"enemies":"3 Darklings","floor":45,"turns":4},{"damage":0,"enemies":"Transient","floor":46,"turns":5},{"damage":0,"enemies":"Spire Growth","floor":48,"turns":4},{"damage":0,"enemies":"Sphere and 2 Shapes","floor":49,"turns":4},{"damage":0,"enemies":"downfall:Defect","floor":50,"turns":6},{"damage":0,"enemies":"downfall:CharBossMerchant","floor":53,"turns":5},{"damage":0,"enemies":"downfall:NeowBoss","floor":56,"turns":22}],"seed_played":"-2732456748148927662","potions_obtained":[{"floor":5,"key":"Dexterity Potion"},{"floor":13,"key":"FearPotion"},{"floor":15,"key":"champ:OpenerPotion"},{"floor":16,"key":"Guardian:BlockOnCardUsePotion"}],"is_trial":false,"path_per_floor":["R","E","R","M","M","?","T","$","?","R","$","?","M","$","M","B",null,"R","?","NM","R","M","M","T","E","R","E","M","M","$","M","M","B",null,"R","M","R","$","R","?","T","M","M","R","M","M","?","M","M","B",null,null,"E","$","R","B",null],"character_chosen":"THE_CHAMP","items_purchased":["Replay:Rubber Ducky","Guardian:PocketSentry","champ:FocusedDefense","expansioncontent:DefensiveStance","champ:TornadoPunch","Guide Book","Mummified Hand"],"campfire_rested":1,"item_purchase_floors":[8,8,38,38,38,38,54],"current_hp_per_floor":[90,22,22,22,22,13,13,18,18,45,50,23,23,23,23,15,68,68,68,68,68,68,68,68,68,68,71,74,77,80,82,85,88,88,88,88,88,88,88,88,88,88,92,102,106,110,110,114,118,122,122,122,126,126,126,130],"gold":36,"neow_bonus":"HUNDRED_GOLD","is_daily":false,"chose_seed":false,"campfire_upgraded":9,"win_rate":0.0,"timestamp":1608178257,"path_taken":["R","E","R","M","M","?","T","$","?","R","$","?","M","?","M","BOSS","R","?","NM","R","M","M","T","E","R","E","M","M","$","M","M","BOSS","R","M","R","$","R","?","T","M","?","R","M","M","?","M","M","BOSS","E","$","R","BOSS"],"items_purchased_type":["Relic","Relic","Card","Card","Card","Relic","Relic"],"build_version":"2020-12-13","purchased_purges":1,"victory":true,"max_hp_per_floor":[90,90,90,90,90,90,90,90,90,90,90,90,90,90,90,90,68,68,68,68,68,68,68,68,68,68,71,74,77,80,82,85,88,88,88,88,88,88,88,88,88,88,92,102,106,110,110,114,118,122,122,122,126,126,126,130],"card_choices":[{"not_picked":["champ:AdrenalArmor","champ:ShieldSigil"],"picked":"champ:DefensiveStyle","floor":2},{"not_picked":["champ:Backstep","champ:GutPunch"],"picked":"champ:Circumvent","floor":4},{"not_picked":["champ:AdrenalArmor","champ:StanceDance"],"picked":"champ:BringItOn","floor":5},{"not_picked":["champ:RageSigil","champ:IronFortress"],"picked":"champ:HoldFirm","floor":8},{"not_picked":["champ:StanceDance","champ:SwordSigil"],"picked":"champ:EndlessRage","floor":11},{"not_picked":["champ:ViciousMockery","champ:StanceDance","champ:DeathBlow"],"picked":"SKIP","floor":13},{"not_picked":["champ:Backstep","champ:Encircle"],"picked":"champ:CheapShot","floor":14},{"not_picked":["champ:Shatter","champ:PreciseThrust"],"picked":"champ:DefensiveShout","floor":15},{"not_picked":["champ:Improvising","champ:VampiricStrike"],"picked":"champ:EnchantShield","floor":16},{"not_picked":["infinitespire:SealOfDarkness+","ReplayTheSpireMod:Book of Names"],"picked":"infinitespire:SevenWalls","floor":20},{"not_picked":["champ:RageSigil","champ:Haymaker","champ:SwordSigil"],"picked":"SKIP","floor":20},{"not_picked":["champ:EnragedBash","champ:Haymaker"],"picked":"champ:FocusedDefense+1","floor":22},{"not_picked":["champ:FocusedGladiator","champ:EndlessRage+1"],"picked":"champ:ShieldSigil","floor":23},{"not_picked":["champ:HeavySlash","champ:RisingSlash","champ:RapidStrikes"],"picked":"SKIP","floor":25},{"not_picked":["champ:RageSigil+1","champ:GladiatorStyle","champ:Balance"],"picked":"SKIP","floor":27},{"not_picked":["champ:EnragedBash","champ:SwordSigil","champ:AdrenalArmor+1"],"picked":"SKIP","floor":28},{"not_picked":["champ:HeartStrike","champ:GladiatorsShout","champ:SwordSigil"],"picked":"SKIP","floor":29},{"not_picked":["champ:AdrenalArmor+1","champ:Balance","champ:Riposte"],"picked":"SKIP","floor":30},{"not_picked":["champ:RisingSlash","champ:PerfectedStrike"],"picked":"champ:DefensiveShout","floor":31},{"not_picked":["champ:Aggression+1","champ:CalledShot"],"picked":"champ:ShieldSigil","floor":32},{"not_picked":["champ:EnchantSword","champ:Devastate"],"picked":"champ:VampiricStrike","floor":33},{"not_picked":["champ:RapidStrikes","champ:AdrenalArmor","champ:Haymaker"],"picked":"SKIP","floor":36},{"not_picked":["champ:GladiatorsShout","champ:Backstep+1","champ:RecklessLeap"],"picked":"SKIP","floor":38},{"not_picked":["champ:StanceDance+1","champ:Encircle","champ:Backstep+1"],"picked":"SKIP","floor":42},{"not_picked":["champ:SwordSigil+1","champ:PreciseThrust+1","champ:BerserkerStyle"],"picked":"SKIP","floor":43},{"not_picked":["champ:CrookedStrike+1","champ:TornadoPunch+1","champ:ViciousMockery+1"],"picked":"SKIP","floor":45},{"not_picked":["champ:DeathBlow","champ:FocusedGladiator","champ:BerserkersShout+1"],"picked":"SKIP","floor":46},{"not_picked":["champ:AdrenalArmor","champ:EndlessRage","champ:ViciousMockery"],"picked":"SKIP","floor":48},{"not_picked":["champ:BerserkersShout+1","champ:Riposte+1"],"picked":"champ:ShieldSigil","floor":49},{"not_picked":["champ:Aggression+1","champ:RageSigil"],"picked":"champ:Duel","floor":53}],"player_experience":3126406,"relics_obtained":[{"floor":2,"key":"conspire:Boomerang"},{"floor":2,"key":"LetterFromLob"},{"floor":6,"key":"CloakClasp"},{"floor":7,"key":"Divine Protection"},{"floor":20,"key":"PreservedInsect"},{"floor":24,"key":"infinitespire:EmpoweringShard"},{"floor":25,"key":"HeavenlyBonsai"},{"floor":27,"key":"Tiny Chest"},{"floor":53,"key":"infinitespire:Eraser"}],"event_choices":[{"damage_healed":0,"gold_gain":0,"player_choice":"Upgraded","damage_taken":0,"max_hp_gain":0,"max_hp_loss":0,"event_name":"Upgrade Shrine","floor":40,"gold_loss":0,"cards_upgraded":["champ:FocusedDefense"]}],"is_beta":false,"boss_relics":[{"not_picked":["SacredBark","Tiny House"],"picked":"Replay:Grab Bag"},{"not_picked":["Painkiller Herb","conspire:RoyalGoblet"],"picked":"ReplayTheSpireMod:Onyx Gauntlets"},{"not_picked":["CosmicIsotope","Fusion Hammer"],"picked":"conspire:SlowCooker"},{"not_picked":["conspire:RunicOctahedron","Snecko Heart"],"picked":"Replay:Drink Me"},{"not_picked":["Ring of Chaos","Astrolabe"],"picked":"SlaversCollar"},{"not_picked":["Replay:Ancient Bell","Replay:Bronze Core"],"picked":"Coffee Dripper"}],"items_purged_floors":[38],"is_endless":false,"potions_floor_spawned":[5,13,15,16,23,27,31,32,33,36,43,45],"ascension_level":0}}