{"host":"kyy1kus4tsuq869y","time":1608207590,"event":{"mods":["BaseMod","Downfall","GifTheSpireLib","HololiveMod","Hubris","Jorbs\u0027s Wanderer Trilogy","Marisa£®ÏF”Í°°ƒß¿Ì…≥£©","Minty Spire (QoL Compilation)","Quick Restart","READ ME - Guardian Mod","READ ME - Snecko Mod","Reimu£®≤©¿ˆ¡È√Œ£©","Remilia£®¿Ÿ√◊¿Ú—«£©","Replay The Spire","StSLib","Td1madao Mod","The Administrix","The Animator","The Bug Knight","The Construct","The Cursed","The Hierophant","The Runesmith","The Senshi","The Servant 0.9.4","Youmu£®ªÍ∆«—˝√Œ£©"],"gold_per_floor":[111,123,40,40,40,40,69,127,173,193,193,29,47,47,47,124,124,141,61,61,61,81,112,112,242,317,328,328,328,357,377,377,455,455,471,434,434,434,444,478,478,453,525,554,554,554,554],"floor_reached":46,"playtime":1437,"items_purged":[],"score":1224,"play_id":"357ed5b7-2cc5-4dd1-8702-30790337dcf9","local_time":"20201217201950","is_ascension_mode":true,"campfire_choices":[{"data":"Fire Breathing","floor":6.0,"key":"SMITH"},{"data":"Power Through","floor":15.0,"key":"SMITH"},{"data":"ZunPunch:ReiMu","floor":24.0,"key":"SMITH"},{"data":"Wild Strike","floor":29.0,"key":"SMITH"},{"floor":32.0,"key":"RECALL"},{"floor":41.0,"key":"REST"}],"circlet_count":0,"master_deck":["AscendersBane","Strike_R","Defend_R","Defend_R","Defend_R","Fire Breathing+1","Power Through+1","Hololive_AWSL","CommonCold","stsjorbsmod:Withering","ZunPunch:ReiMu+1"],"relics":["Burning Blood","NeowsBlessing","Replay:Towering Pillar of Hats","Iron Hammer","Torii","PrismaticShard","hubris:Icosahedron","Kintsugi","hubris:Towel","Singing Bowl","Quantum Egg","Bottled Tornado","Eternal Feather","hubris:Backtick","Du-Vu Doll","Matryoshka","Runesmith:Nanobots","Nunchaku","theSenshi:FeatherClipsRelic","Replay:Ringing Soul"],"acts_visited":["Exordium","TheCity","TheBeyond"],"potions_floor_usage":[],"damage_taken":[{"damage":0.0,"enemies":"Cultist","floor":1.0,"turns":1.0},{"damage":0.0,"enemies":"2 Louse","floor":2.0,"turns":1.0},{"damage":0.0,"enemies":"3 Sentries","floor":7.0,"turns":2.0},{"damage":38.0,"enemies":"Lagavulin Event","floor":8.0,"turns":6.0},{"damage":0.0,"enemies":"Small Slimes","floor":10.0,"turns":3.0},{"damage":0.0,"enemies":"2 Fungi Beasts","floor":13.0,"turns":3.0},{"damage":31.0,"enemies":"Slime Boss","floor":16.0,"turns":6.0},{"damage":20.0,"enemies":"2 Thieves","floor":18.0,"turns":4.0},{"damage":5.0,"enemies":"3 Byrds","floor":22.0,"turns":4.0},{"damage":11.0,"enemies":"HollowMod:Nosk","floor":23.0,"turns":5.0},{"damage":1.0,"enemies":"Replay:Snechameleon","floor":25.0,"turns":4.0},{"damage":1.0,"enemies":"Snecko","floor":27.0,"turns":5.0},{"damage":15.0,"enemies":"Slavers","floor":30.0,"turns":4.0},{"damage":3.0,"enemies":"Snake Plant","floor":31.0,"turns":3.0},{"damage":35.0,"enemies":"Pondfish","floor":33.0,"turns":8.0},{"damage":6.0,"enemies":"3 Shapes","floor":35.0,"turns":5.0},{"damage":12.0,"enemies":"Orb Walker","floor":36.0,"turns":4.0},{"damage":13.0,"enemies":"Sphere and 2 Shapes","floor":39.0,"turns":4.0},{"damage":40.0,"enemies":"Reptomancer","floor":40.0,"turns":5.0},{"damage":8.0,"enemies":"HollowMod:StalkingDevout","floor":42.0,"turns":4.0},{"damage":50.0,"enemies":"Nemesis","floor":44.0,"turns":5.0},{"damage":0,"enemies":"3 Darklings","floor":46,"turns":1}],"seed_played":"7883419949914193947","potions_obtained":[{"floor":1.0,"key":"Languid Potion"},{"floor":10.0,"key":"champ:CounterPotion"},{"floor":18.0,"key":"Strength Potion"},{"floor":28.0,"key":"Cursed Concoction"}],"is_trial":false,"path_per_floor":["M","M","$","?","?","R","E","?","T","M","?","$","M","?","R","B",null,"M","?","?","$","M","E","R","E","T","M","?","R","E","M","R","B",null,"M","M","?","?","M","E","R","E","T","E","?","M"],"character_chosen":"IRONCLAD","items_purchased":["Power Through","PrismaticShard"],"campfire_rested":1,"item_purchase_floors":[3,12],"current_hp_per_floor":[74,75,75,49,49,49,55,23,23,29,29,29,35,35,35,50,69,74,74,74,74,76,74,74,82,82,86,86,86,79,85,91,63,85,88,84,84,84,79,47,83,82,82,47,47,48,48],"gold":554,"neow_bonus":"THREE_ENEMY_KILL","is_daily":false,"chose_seed":false,"campfire_upgraded":4,"win_rate":0.0,"timestamp":1608207590,"path_taken":["M","?","$","?","?","R","E","?","T","M","?","$","?","?","R","BOSS","M","?","?","$","M","E","R","E","T","M","?","R","E","?","R","BOSS","M","?","?","?","M","E","R","E","T","E","?","?"],"items_purchased_type":["Card","Relic"],"build_version":"2020-12-13","purchased_purges":0,"victory":false,"max_hp_per_floor":[75,75,75,75,75,75,75,75,75,75,75,75,75,75,75,75,75,76,76,76,76,77,80,80,83,83,86,86,86,88,91,91,92,92,95,97,97,97,99,101,101,102,102,105,105,106,106],"card_choices":[{"not_picked":["Cleave","Metallicize"],"picked":"Fire Breathing","floor":1.0},{"not_picked":["Warcry","Perfected Strike","ReplayTheSpireMod:Muscle Training"],"picked":"SKIP","floor":2.0},{"not_picked":["Iron Wave","Run Through"],"picked":"Wild Strike","floor":7.0},{"not_picked":["Perfected Strike","Pommel Strike","Blood for Blood"],"picked":"SKIP","floor":10.0},{"not_picked":["Spin","animator:Mikaela","SubAcupoint:ReiMu"],"picked":"SKIP","floor":13.0},{"not_picked":["BloodySeventeenLaser","ScarletMeister"],"picked":"Hololive_AWSL","floor":16.0},{"not_picked":["hubris:SlightOfHand","Clothesline","Cursed Blade"],"picked":"SKIP","floor":18.0},{"not_picked":["Slimebound:SplitBruiser","Guardian:Gem_Cyan","SilverMatrix"],"picked":"SKIP","floor":22.0},{"not_picked":["construct:Accumulate","sneckomod:UnknownClassMARISA_DERIVATIONS","6A"],"picked":"Singing Bowl","floor":23.0},{"not_picked":["sneckomod:UnknownCommonSkill","Double Energy","Moonlight"],"picked":"Singing Bowl","floor":25.0},{"not_picked":["Dilation","Guardian:WalkerClaw","stsjorbsmod:Poultergeist"],"picked":"Singing Bowl","floor":27.0},{"not_picked":["Spin+1","Scrape+1","ReplayTheSpireMod:The Works"],"picked":"Singing Bowl","floor":30.0},{"not_picked":["Perfected Strike","HollowMod:DashSlash","PretaSword"],"picked":"Singing Bowl","floor":31.0},{"not_picked":["All For One","Shockwave Tdmadao"],"picked":"Hololive_Recruit","floor":33.0},{"not_picked":["Pray+1","construct:ClusterMines","champ:GladiatorStyle"],"picked":"Singing Bowl","floor":35.0},{"not_picked":["champ:Haymaker","expansioncontent:DefensiveMode","animator:Elsword"],"picked":"Singing Bowl","floor":36.0},{"not_picked":["Hololive_CallShiroganeNoel","champ:Shatter+1","TwelveNightmare"],"picked":"Singing Bowl","floor":39.0},{"not_picked":["stsjorbsmod:ChatteringStrike","Battle Trance","Genetic Algorithm"],"picked":"Singing Bowl","floor":40.0},{"not_picked":["animator:Caster+1","theSenshi:MoonTiaraMagic","Dark Shackles+1"],"picked":"SKIP","floor":42.0},{"not_picked":["NineCharacters:ReiMu","Runesmith:UnstableHammer+1","Runesmith:HeatedChisel"],"picked":"Singing Bowl","floor":44.0}],"player_experience":461813,"relics_obtained":[{"floor":7.0,"key":"Iron Hammer"},{"floor":8.0,"key":"Torii"},{"floor":23.0,"key":"Singing Bowl"},{"floor":25.0,"key":"Quantum Egg"},{"floor":26.0,"key":"Bottled Tornado"},{"floor":30.0,"key":"Eternal Feather"},{"floor":40.0,"key":"Matryoshka"},{"floor":42.0,"key":"Runesmith:Nanobots"},{"floor":43.0,"key":"Nunchaku"},{"floor":43.0,"key":"theSenshi:FeatherClipsRelic"},{"floor":44.0,"key":"Replay:Ringing Soul"}],"event_choices":[{"damage_healed":0.0,"max_hp_gain":0.0,"max_hp_loss":0.0,"gold_gain":0.0,"event_name":"Scrap Ooze","player_choice":"Success","floor":4.0,"gold_loss":0.0,"damage_taken":26.0,"relics_obtained":["Replay:Towering Pillar of Hats"]},{"damage_healed":0.0,"max_hp_gain":0.0,"max_hp_loss":0.0,"gold_gain":0.0,"event_name":"Dead Adventurer","player_choice":"Searched \u00271\u0027 times","floor":8.0,"gold_loss":0.0,"damage_taken":0.0},{"damage_healed":0.0,"max_hp_gain":0.0,"max_hp_loss":0.0,"gold_gain":0.0,"event_name":"Match and Keep!","player_choice":"0 cards matched","floor":11.0,"gold_loss":0.0,"damage_taken":0.0,"cards_obtained":[]},{"damage_healed":0.0,"max_hp_gain":0.0,"max_hp_loss":0.0,"gold_gain":0.0,"event_name":"ZunEvent","player_choice":"Ωª≥ˆ…Òæ∆","floor":19.0,"relics_lost":["ZunR:ReiMu"],"gold_loss":0.0,"damage_taken":0.0,"cards_obtained":["ZunPunch:ReiMu"]},{"damage_healed":0.0,"max_hp_gain":0.0,"max_hp_loss":0.0,"gold_gain":0.0,"event_name":"Lab","player_choice":"Got Potions","floor":28.0,"gold_loss":0.0,"damage_taken":0.0},{"damage_healed":0.0,"max_hp_gain":0.0,"max_hp_loss":0.0,"gold_gain":0.0,"event_name":"Tomb of Lord Red Mask","player_choice":"Ignored","floor":37.0,"gold_loss":0.0,"damage_taken":0.0},{"cards_removed":["Wild Strike"],"damage_healed":0.0,"max_hp_gain":0.0,"max_hp_loss":0.0,"gold_gain":0.0,"event_name":"Falling","player_choice":"Removed Attack","floor":38.0,"gold_loss":0.0,"damage_taken":0.0},{"cards_removed":["Hololive_Recruit"],"damage_healed":0.0,"max_hp_gain":0.0,"max_hp_loss":0.0,"gold_gain":0.0,"event_name":"Purifier","player_choice":"Purged","floor":45.0,"gold_loss":0.0,"damage_taken":0.0}],"is_beta":false,"boss_relics":[{"not_picked":["Runic Pyramid","Abe\u0027s Treasure"],"picked":"Kintsugi"},{"not_picked":["Black Blood","SacredBark"],"picked":"hubris:Backtick"}],"items_purged_floors":[],"is_endless":false,"potions_floor_spawned":[1,10,18,30,31,35,40,42],"killed_by":"3 Darklings","ascension_level":20}}