{"host":"br1k745010e75u9o","time":1608229692,"event":{"mods":["BaseMod","CCEM","Conspire","Downfall","Friendly Minions","Hermit","Hubris","Infinite Spire","Mari Mod (Legacy)","Mari\u0027s V1 Patch","Minty Spire (QoL Compilation)","Rare Cards Sparkle","Replay The Spire","StSLib","The Cursed","Yohane!"],"gold_per_floor":[114,114,127,142,67,93,109,109,163,163,174,193,193,193,193,211,211,315,315,330,348,348,23,0,0,14,14,37,65,65,65,78,92,92,196,196,216,232,232,243,170,170,170,185,185,185,185],"floor_reached":46,"playtime":2032,"items_purged":["conspire:Blindness"],"score":492,"play_id":"c31a043a-c503-467a-8177-b8016b6e694e","local_time":"20201217182812","is_ascension_mode":false,"campfire_choices":[{"data":"TheCursedMod:HellfireBreathing","floor":8,"key":"SMITH"},{"floor":15,"key":"REST"},{"data":"TheCursedMod:CursedWand","floor":17,"key":"SMITH"},{"floor":25,"key":"REST"},{"floor":27,"key":"RECALL"},{"floor":34,"key":"REST"},{"data":"TheCursedMod:HellsGateOpen","floor":42,"key":"SMITH"}],"circlet_count":0,"master_deck":["TheCursedMod:Strike_TheCursed","TheCursedMod:Strike_TheCursed","TheCursedMod:Strike_TheCursed+1","TheCursedMod:Strike_TheCursed","TheCursedMod:Defend_TheCursed+1","TheCursedMod:Defend_TheCursed+1","TheCursedMod:Defend_TheCursed","TheCursedMod:Defend_TheCursed","TheCursedMod:CursedWand+1","TheCursedMod:CleanUpWorkshop","TheCursedMod:Dregs","TheCursedMod:HellfireBreathing","TheCursedMod:CursedArmor","TheCursedMod:FleshFromBone","TheCursedMod:HellfireBreathing+1","TheCursedMod:CursedShiv","TheCursedMod:WearCloak","TheCursedMod:ManaCirculation","TheCursedMod:CursedShiv+1","TheCursedMod:HellfireBreathing","TheCursedMod:CursedAmulet+1","CurseOfTheBell","TheCursedMod:CursedBlade+1","TheCursedMod:SpitefulStrike+1","TheCursedMod:SpitefulPray+1","infinitespire:SealOfDarkness+","TheCursedMod:HellfireBreathing","TheCursedMod:HellsGateOpen+1","TheCursedMod:BlessingInDisguise+1"],"relics":["TheCursedMod:BlackMagic101","hubris:Potato","Gremlin Food","hubris:RunicObelisk","MutagenicStrength","Toxic Egg 2","MealTicket","hubris:FunFungus","Calling Bell","Bag of Preparation","conspire:Flyswatter","Thread and Needle","Replay:Mystery Machine","TheCursedMod:FourLeafCloverCharm","infinitespire:Lychee Nut","ReplayFunnel"],"acts_visited":["Exordium","TheCity","TheBeyond"],"potions_floor_usage":[6,18,18,20,29,29,32,40],"damage_taken":[{"damage":0,"enemies":"Small Slimes","floor":1,"turns":3},{"damage":9,"enemies":"Jaw Worm","floor":3,"turns":4},{"damage":9,"enemies":"2 Louse","floor":4,"turns":4},{"damage":4,"enemies":"3 Sentries","floor":6,"turns":8},{"damage":5,"enemies":"2 Fungi Beasts","floor":7,"turns":4},{"damage":8,"enemies":"Exordium Thugs","floor":11,"turns":6},{"damage":0,"enemies":"Looter","floor":12,"turns":4},{"damage":5,"enemies":"2 Fungi Beasts","floor":16,"turns":4},{"damage":16,"enemies":"Hexaghost","floor":18,"turns":17},{"damage":13,"enemies":"Chosen","floor":20,"turns":7},{"damage":14,"enemies":"Spheric Guardian","floor":21,"turns":5},{"damage":16,"enemies":"Shelled Parasite and Fungi","floor":26,"turns":6},{"damage":0,"enemies":"Nightmare","floor":29,"turns":9},{"damage":4,"enemies":"Snake Plant","floor":32,"turns":5},{"damage":0,"enemies":"Sentry and Sphere","floor":33,"turns":4},{"damage":60,"enemies":"Collector","floor":35,"turns":10},{"damage":0,"enemies":"3 Shapes","floor":37,"turns":5},{"damage":0,"enemies":"Orb Walker","floor":38,"turns":4},{"damage":20,"enemies":"Transient","floor":40,"turns":5},{"damage":38,"enemies":"3 Darklings","floor":44,"turns":5},{"damage":33,"enemies":"Nemesis","floor":46,"turns":2}],"seed_played":"-8709129825879990754","potions_obtained":[{"floor":4,"key":"DistilledChaos"},{"floor":6,"key":"Swift Potion"},{"floor":7,"key":"SkillPotion"},{"floor":16,"key":"SteroidPotion"},{"floor":18,"key":"SkillPotion"},{"floor":21,"key":"Languid Potion"},{"floor":26,"key":"BlessingOfTheForge"},{"floor":29,"key":"Weak Potion"},{"floor":32,"key":"Weak Potion"},{"floor":44,"key":"Strength Potion"}],"is_trial":false,"path_per_floor":["M","?","M","M","$","E","M","R","T","T","M","M","PTL","PTL","R","M","R","B",null,"M","M","?","$","?","R","M","R","T","NM","AVR","?","M","M","R","B",null,"M","M","AVR","M","$","R","?","M","T","E"],"character_chosen":"THE_CURSED","items_purchased":["TheCursedMod:HellfireBreathing","Toxic Egg 2","TheCursedMod:HellsGateOpen"],"campfire_rested":3,"item_purchase_floors":[23,23,41],"current_hp_per_floor":[75,75,66,57,57,53,48,48,48,48,40,40,40,40,62,57,57,41,75,62,48,48,48,48,70,54,54,54,54,54,54,52,52,74,22,75,75,75,56,42,56,56,56,24,24,0,0],"gold":185,"neow_bonus":"RANDOM_COLORLESS_2","is_daily":false,"chose_seed":false,"campfire_upgraded":3,"win_rate":0.0,"timestamp":1608229692,"path_taken":["M","?","M","M","$","E","M","R","T","?","M","M","PTL","PTL","R","M","R","BOSS","M","M","?","$","?","R","M","R","T","NM","AVR","?","?","M","R","BOSS","M","M","AVR","M","$","R","?","M","T","E"],"items_purchased_type":["Card","Relic","Card"],"build_version":"2020-12-13","purchased_purges":1,"victory":false,"max_hp_per_floor":[75,75,75,75,75,75,75,75,75,75,75,75,75,75,75,75,75,75,75,75,75,75,75,75,75,75,75,75,75,75,75,75,75,75,75,75,75,75,56,56,56,56,56,56,56,56,56],"card_choices":[{"not_picked":["TheCursedMod:SpitefulPlan","TheCursedMod:RapidMovement"],"picked":"TheCursedMod:HellfireBreathing","floor":1},{"not_picked":["TheCursedMod:TacticalStrike","TheCursedMod:PrepareRite"],"picked":"TheCursedMod:CursedArmor","floor":3},{"not_picked":["TheCursedMod:SurpriseAttack","TheCursedMod:StingEye"],"picked":"TheCursedMod:FleshFromBone","floor":4},{"not_picked":["TheCursedMod:FuryStrike","TheCursedMod:CursedRelics"],"picked":"TheCursedMod:HellfireBreathing","floor":6},{"not_picked":["TheCursedMod:RapidMovement","TheCursedMod:CursedMace"],"picked":"TheCursedMod:CursedShiv","floor":7},{"not_picked":["TheCursedMod:Stigma","TheCursedMod:Wield"],"picked":"TheCursedMod:WearCloak","floor":11},{"not_picked":["TheCursedMod:PrepareRite","TheCursedMod:Torture","TheCursedMod:OutForBlood"],"picked":"SKIP","floor":12},{"not_picked":["TheCursedMod:ManaBullet","TheCursedMod:RapidMovement","TheCursedMod:Stretching"],"picked":"SKIP","floor":16},{"not_picked":["TheCursedMod:DarkBarrier","TheCursedMod:DemonicPact"],"picked":"TheCursedMod:ManaCirculation","floor":18},{"not_picked":["TheCursedMod:RavingStaff","TheCursedMod:Obscuration","TheCursedMod:ManaBullet+1"],"picked":"SKIP","floor":20},{"not_picked":["TheCursedMod:CircleOfCorruption+1","TheCursedMod:CircleOfWindfury+1"],"picked":"TheCursedMod:CursedShiv+1","floor":21},{"not_picked":["TheCursedMod:Stretching+1","TheCursedMod:CursedBlade"],"picked":"TheCursedMod:CursedAmulet+1","floor":26},{"not_picked":["TheCursedMod:AbyssShockwave","TheCursedMod:SurpriseAttack","TheCursedMod:Stigma+1"],"picked":"SKIP","floor":29},{"not_picked":["TheCursedMod:ManaCirculation","TheCursedMod:Torture+1"],"picked":"TheCursedMod:CursedBlade+1","floor":32},{"not_picked":["TheCursedMod:CircleOfCorruption+1","TheCursedMod:Obscuration+1"],"picked":"TheCursedMod:SpitefulStrike+1","floor":33},{"not_picked":["TheCursedMod:ReleasedKnowledge+1","TheCursedMod:RavingStaff+1"],"picked":"TheCursedMod:SpitefulPray+1","floor":37},{"not_picked":["TheCursedMod:TacticalStrike","TheCursedMod:CircleOfCorruption+1","TheCursedMod:CircleOfFocus+1"],"picked":"SKIP","floor":38},{"not_picked":["TheCursedMod:CircleOfCorruption+1","TheCursedMod:SmokeScreen+1"],"picked":"TheCursedMod:HellfireBreathing","floor":40},{"not_picked":["TheCursedMod:SurpriseAttack+1","TheCursedMod:TacticalStrike"],"picked":"TheCursedMod:BlessingInDisguise+1","floor":44}],"player_experience":51023,"relics_obtained":[{"floor":6,"key":"hubris:Potato"},{"floor":9,"key":"Gremlin Food"},{"floor":28,"key":"MealTicket"},{"floor":29,"key":"hubris:FunFungus"},{"floor":30,"key":"Bag of Preparation"},{"floor":30,"key":"conspire:Flyswatter"},{"floor":30,"key":"Thread and Needle"},{"floor":45,"key":"ReplayFunnel"}],"event_choices":[{"damage_healed":0,"gold_gain":0,"player_choice":"Ignored","damage_taken":0,"max_hp_gain":0,"max_hp_loss":0,"event_name":"Liars Game","floor":2,"gold_loss":0},{"damage_healed":0,"gold_gain":0,"player_choice":"Inject Mutagens","damage_taken":0,"relics_obtained":["MutagenicStrength"],"max_hp_gain":0,"max_hp_loss":0,"event_name":"Drug Dealer","floor":22,"gold_loss":0},{"damage_healed":0,"gold_gain":0,"player_choice":"Paid Fearfully","damage_taken":0,"max_hp_gain":0,"max_hp_loss":0,"event_name":"Masked Bandits","floor":24,"gold_loss":23},{"damage_healed":0,"gold_gain":0,"player_choice":"Gave Potion","damage_taken":0,"relics_obtained":["Replay:Mystery Machine"],"max_hp_gain":0,"max_hp_loss":0,"event_name":"WeMeetAgain","floor":31,"gold_loss":0},{"damage_healed":0,"gold_gain":0,"player_choice":"Memory 1","damage_taken":0,"max_hp_gain":0,"max_hp_loss":0,"event_name":"SensoryStone","floor":43,"gold_loss":0}],"is_beta":false,"boss_relics":[{"not_picked":["conspire:SpecialSausage","ChewingGum"],"picked":"hubris:RunicObelisk"},{"not_picked":["hubris:BlackHole","conspire:SeveredTorchhead"],"picked":"TheCursedMod:FourLeafCloverCharm"}],"items_purged_floors":[5],"is_endless":false,"potions_floor_spawned":[4,6,7,16,18,21,26,29,32,44],"killed_by":"Nemesis","ascension_level":0}}