{"host":"jegehu1t82aiec5j","time":1608216844,"event":{"mods":["BaseMod","Colored Map","Filter the Spire","Minty Spire (QoL Compilation)","Relic Stats","StSLib"],"gold_per_floor":[117,117,64,76,90,125,138,156,182,213,213,388,406,417,417,516,516,532,532,543,543,232,232,258,258,310,324,338,338,355,369,369,369,369],"floor_reached":33,"playtime":2058,"items_purged":[],"score":421,"play_id":"e7c5fd4e-4727-48a5-9ec9-353ec9175396","local_time":"20201217095404","is_ascension_mode":true,"campfire_choices":[{"floor":11,"key":"RECALL"},{"floor":15,"key":"REST"},{"floor":23,"key":"REST"},{"floor":25,"key":"REST"},{"floor":29,"key":"REST"},{"floor":32,"key":"REST"}],"circlet_count":0,"master_deck":["Strike_G","Strike_G","Strike_G","Strike_G","Strike_G","Defend_G","Defend_G","Defend_G","Defend_G","Defend_G","Survivor","Neutralize","Mayhem","Mayhem","Mayhem","Mayhem","Mayhem","Mayhem","Mayhem","Mayhem","Mayhem","Mayhem","Mayhem","Mayhem","Mayhem","Mayhem","Mayhem","Mayhem","Mayhem","Mayhem","Mayhem","Mayhem","Noxious Fumes","Noxious Fumes","Noxious Fumes","Noxious Fumes","Noxious Fumes","Bouncing Flask","PiercingWail","Crippling Poison+1","Leg Sweep","Sucker Punch","Footwork","Doubt","Deadly Poison","After Image","PiercingWail","Poisoned Stab","Footwork","Dagger Spray","The Bomb+1","Dash","Skewer"],"relics":["Ring of the Snake","WarpedTongs","Bird Faced Urn","Fusion Hammer","Lantern","Philosopher\u0027s Stone","NeowsBlessing","Paper Crane","Anchor","Akabeko","MealTicket","MutagenicStrength","Nloth\u0027s Gift","War Paint","Juzu Bracelet"],"acts_visited":["Exordium","TheCity"],"potions_floor_usage":[7,33,33],"damage_taken":[{"damage":12,"enemies":"Jaw Worm","floor":1,"turns":2},{"damage":0,"enemies":"Small Slimes","floor":4,"turns":2},{"damage":8,"enemies":"2 Louse","floor":5,"turns":2},{"damage":69,"enemies":"3 Sentries","floor":6,"turns":7},{"damage":32,"enemies":"Exordium Thugs","floor":7,"turns":6},{"damage":38,"enemies":"Exordium Wildlife","floor":8,"turns":5},{"damage":0,"enemies":"Lagavulin","floor":10,"turns":7},{"damage":11,"enemies":"Large Slime","floor":13,"turns":7},{"damage":7,"enemies":"Blue Slaver","floor":14,"turns":6},{"damage":50,"enemies":"Hexaghost","floor":16,"turns":10},{"damage":72,"enemies":"3 Byrds","floor":18,"turns":7},{"damage":27,"enemies":"Shell Parasite","floor":20,"turns":7},{"damage":45,"enemies":"Book of Stabbing","floor":24,"turns":7},{"damage":60,"enemies":"Snake Plant","floor":27,"turns":7},{"damage":10,"enemies":"Centurion and Healer","floor":28,"turns":8},{"damage":69,"enemies":"Chosen and Byrds","floor":30,"turns":7},{"damage":15,"enemies":"Snecko","floor":31,"turns":5},{"damage":86,"enemies":"Collector","floor":33,"turns":6}],"seed_played":"8823348244245451104","potions_obtained":[{"floor":1,"key":"Dexterity Potion"},{"floor":5,"key":"DistilledChaos"},{"floor":10,"key":"Explosive Potion"},{"floor":16,"key":"FearPotion"},{"floor":24,"key":"Weak Potion"}],"is_trial":false,"path_per_floor":["M","?","$","M","M","E","M","M","T","E","R","?","M","M","R","B",null,"M","?","M","?","$","R","E","R","T","M","M","R","M","M","R","B"],"character_chosen":"THE_SILENT","items_purchased":["PiercingWail","Footwork","Dagger Spray","The Bomb"],"campfire_rested":5,"item_purchase_floors":[3,22,22,22],"current_hp_per_floor":[60,35,35,51,53,24,28,30,30,70,70,70,70,70,70,64,70,32,32,55,55,70,70,70,70,70,38,70,70,39,52,70,0,0],"gold":369,"neow_bonus":"THREE_ENEMY_KILL","is_daily":false,"chose_seed":false,"campfire_upgraded":0,"win_rate":0.0,"timestamp":1608216844,"path_taken":["M","?","$","M","M","E","M","M","T","E","R","?","M","M","R","BOSS","M","?","M","?","$","R","E","R","T","M","M","R","M","M","R","BOSS"],"items_purchased_type":["Card","Card","Card","Card"],"build_version":"2020-12-13","purchased_purges":0,"victory":false,"max_hp_per_floor":[70,70,70,70,70,70,70,70,70,70,70,70,70,70,70,70,70,70,70,70,70,70,70,70,70,70,70,70,70,70,70,70,70,70],"relic_stats":{"counters":[18,108],"Bird Faced Urn":[523],"MealTicket":15,"Nloth\u0027s Gift":2,"Juzu Bracelet":0,"War Paint":["Crippling Poison","The Bomb"],"obtain_stats":[{"Lantern":0,"NeowsBlessing":0,"Juzu Bracelet":26,"Paper Crane":2,"War Paint":24,"Akabeko":9,"WarpedTongs":0,"Anchor":6,"WristBlade":17,"Bird Faced Urn":0,"MutagenicStrength":19,"Philosopher\u0027s Stone":0,"MealTicket":10,"Fusion Hammer":0,"Nloth\u0027s Gift":21,"Ring of the Snake":0},{"Lantern":0,"NeowsBlessing":0,"Juzu Bracelet":13,"Paper Crane":1,"War Paint":13,"Akabeko":6,"WarpedTongs":0,"Anchor":4,"WristBlade":10,"Bird Faced Urn":0,"MutagenicStrength":11,"Philosopher\u0027s Stone":0,"MealTicket":7,"Fusion Hammer":0,"Nloth\u0027s Gift":12,"Ring of the Snake":0},{"Lantern":0,"NeowsBlessing":0,"Juzu Bracelet":75,"Paper Crane":2,"War Paint":75,"Akabeko":24,"WarpedTongs":0,"Anchor":13,"WristBlade":54,"Bird Faced Urn":0,"MutagenicStrength":61,"Philosopher\u0027s Stone":0,"MealTicket":31,"Fusion Hammer":0,"Nloth\u0027s Gift":68,"Ring of the Snake":0}],"Ring of the Snake":[36],"WarpedTongs":[106]},"card_choices":[{"not_picked":["Dodge and Roll","Setup"],"picked":"Bouncing Flask","floor":1},{"not_picked":["Outmaneuver","Calculated Gamble"],"picked":"Crippling Poison","floor":4},{"not_picked":["Prepared","PiercingWail","Blade Dance"],"picked":"SKIP","floor":5},{"not_picked":["Deflect","Sucker Punch","Poisoned Stab"],"picked":"SKIP","floor":6},{"not_picked":["PiercingWail","Eviscerate"],"picked":"Leg Sweep","floor":7},{"not_picked":["Backstab","Underhanded Strike"],"picked":"Sucker Punch","floor":8},{"not_picked":["Sucker Punch","Deflect"],"picked":"Footwork","floor":10},{"not_picked":["Reflex","Setup","Acrobatics"],"picked":"SKIP","floor":13},{"not_picked":["Sucker Punch","Expertise"],"picked":"Deadly Poison","floor":14},{"not_picked":["Night Terror","Phantasmal Killer"],"picked":"After Image","floor":16},{"not_picked":["All Out Attack+1","Finisher"],"picked":"PiercingWail","floor":18},{"not_picked":["Cloak And Dagger+1","Prepared+1"],"picked":"Poisoned Stab","floor":20},{"not_picked":["Accuracy","Blade Dance+1","Grand Finale"],"picked":"SKIP","floor":24},{"not_picked":["Quick Slash","Blade Dance"],"picked":"Dash","floor":27},{"not_picked":["Expertise","Poisoned Stab"],"picked":"Skewer","floor":28},{"not_picked":["Quick Slash","Setup+1","All Out Attack"],"picked":"SKIP","floor":30},{"not_picked":["Quick Slash","Die Die Die","Skewer"],"picked":"SKIP","floor":31}],"player_experience":2528786,"relics_obtained":[{"floor":6,"key":"Anchor"},{"floor":9,"key":"Akabeko"},{"floor":10,"key":"MealTicket"},{"floor":24,"key":"War Paint"},{"floor":26,"key":"Juzu Bracelet"}],"event_choices":[{"damage_healed":0,"gold_gain":0,"player_choice":"Success","damage_taken":25,"relics_obtained":["Paper Crane"],"max_hp_gain":0,"max_hp_loss":0,"event_name":"Scrap Ooze","floor":2,"gold_loss":0},{"damage_healed":0,"gold_gain":175,"player_choice":"AGREE","damage_taken":0,"max_hp_gain":0,"max_hp_loss":0,"event_name":"Liars Game","floor":12,"gold_loss":0,"cards_obtained":["Doubt"]},{"damage_healed":0,"gold_gain":0,"player_choice":"Inject Mutagens","damage_taken":0,"relics_obtained":["MutagenicStrength"],"max_hp_gain":0,"max_hp_loss":0,"event_name":"Drug Dealer","floor":19,"gold_loss":0},{"damage_healed":0,"gold_gain":0,"player_choice":"Traded Relic","damage_taken":0,"relics_obtained":["Nloth\u0027s Gift"],"max_hp_gain":0,"max_hp_loss":0,"event_name":"N\u0027loth","floor":21,"relics_lost":["WristBlade"],"gold_loss":0}],"is_beta":false,"boss_relics":[{"not_picked":["Runic Pyramid","Fusion Hammer"],"picked":"WristBlade"}],"items_purged_floors":[],"is_endless":false,"potions_floor_spawned":[1,5,10,16,24,28,30],"killed_by":"Collector","ascension_level":1}}