{"host":"wshh0nphwn6jv7vj","time":1608240439,"event":{"mods":["BaseMod","Bestiary","Minty Spire (QoL Compilation)"],"gold_per_floor":[114,131,131,151,151,151,183,183,231,231,31,51,71,101,101,172,172,189,239,252,302,313,313,313,313],"floor_reached":24,"playtime":1502,"items_purged":[],"score":386,"play_id":"e49ab921-6862-4fd4-82ee-bd9f5cb83213","local_time":"20201217162719","is_ascension_mode":true,"campfire_choices":[{"data":"Rainbow","floor":6,"key":"SMITH"},{"floor":8,"key":"REST"},{"data":"Zap","floor":10,"key":"SMITH"},{"data":"Hologram","floor":15,"key":"SMITH"},{"floor":23,"key":"REST"}],"circlet_count":0,"master_deck":["AscendersBane","Strike_B","Strike_B","Strike_B","Strike_B","Defend_B","Defend_B","Defend_B","Defend_B","Zap+1","Dualcast","Gash","Steam","Compile Driver","Rainbow+1","Sweeping Beam","Mayhem","Gash","Aggregate","Cold Snap","Hologram+1","Multi-Cast","Sunder","Genetic Algorithm+1","Turbo"],"relics":["Cracked Core","MealTicket","Anchor","Darkstone Periapt","Snecko Eye"],"acts_visited":["Exordium","TheCity"],"potions_floor_usage":[13,14,16,24],"damage_taken":[{"damage":7,"enemies":"Small Slimes","floor":1,"turns":3},{"damage":0,"enemies":"2 Louse","floor":2,"turns":2},{"damage":1,"enemies":"Cultist","floor":4,"turns":4},{"damage":26,"enemies":"Lagavulin","floor":7,"turns":8},{"damage":0,"enemies":"Looter","floor":12,"turns":3},{"damage":0,"enemies":"Exordium Wildlife","floor":13,"turns":3},{"damage":2,"enemies":"Gremlin Nob","floor":14,"turns":3},{"damage":38,"enemies":"The Guardian","floor":16,"turns":10},{"damage":0,"enemies":"Chosen","floor":18,"turns":4},{"damage":23,"enemies":"2 Thieves","floor":20,"turns":4},{"damage":35,"enemies":"Snake Plant","floor":22,"turns":5},{"damage":45,"enemies":"Gremlin Leader","floor":24,"turns":4}],"seed_played":"-2844248357669236411","potions_obtained":[{"floor":2,"key":"LiquidMemories"},{"floor":7,"key":"SteroidPotion"},{"floor":13,"key":"SpeedPotion"},{"floor":14,"key":"LiquidBronze"},{"floor":16,"key":"Fruit Juice"}],"is_trial":false,"path_per_floor":["M","M","?","M","?","R","E","R","T","R","$","M","M","E","R","B",null,"M","?","M","?","M","R","E"],"character_chosen":"DEFECT","items_purchased":["Mayhem","Gash"],"campfire_rested":2,"item_purchase_floors":[11,11],"current_hp_per_floor":[53,53,53,52,52,52,26,51,51,51,66,66,66,64,64,26,70,70,70,47,47,12,37,0,0],"gold":313,"neow_bonus":"TWENTY_PERCENT_HP_BONUS","is_daily":false,"chose_seed":false,"campfire_upgraded":3,"win_rate":0.0,"timestamp":1608240439,"path_taken":["M","M","?","M","?","R","E","R","T","R","$","?","M","E","R","BOSS","M","?","M","?","M","R","E"],"items_purchased_type":["Card","Card"],"build_version":"2020-12-13","purchased_purges":0,"victory":false,"max_hp_per_floor":[85,85,85,85,85,85,85,85,85,85,85,85,85,85,85,85,85,85,85,85,85,85,85,90,90],"card_choices":[{"not_picked":["Stack","Streamline"],"picked":"Gash","floor":1},{"not_picked":["Barrage","Creative AI"],"picked":"Steam","floor":2},{"not_picked":["Turbo","Beam Cell"],"picked":"Compile Driver","floor":4},{"not_picked":["Stack","Ball Lightning"],"picked":"Sweeping Beam","floor":7},{"not_picked":["Sweeping Beam","Streamline"],"picked":"Aggregate","floor":12},{"not_picked":["FTL","Barrage"],"picked":"Cold Snap","floor":13},{"not_picked":["Aggregate","Tempest"],"picked":"Hologram","floor":14},{"not_picked":["Hyperbeam","Reboot"],"picked":"Multi-Cast","floor":16},{"not_picked":["Stack","Sweeping Beam"],"picked":"Sunder","floor":18},{"not_picked":["Steam","Barrage"],"picked":"Genetic Algorithm+1","floor":20},{"not_picked":["Static Discharge","Fusion"],"picked":"Turbo","floor":22}],"player_experience":1440310,"relics_obtained":[{"floor":7,"key":"MealTicket"},{"floor":9,"key":"Anchor"},{"floor":14,"key":"Darkstone Periapt"}],"event_choices":[{"damage_healed":0,"gold_gain":0,"player_choice":"Ignored","damage_taken":0,"max_hp_gain":0,"max_hp_loss":0,"event_name":"Liars Game","floor":3,"gold_loss":0},{"damage_healed":0,"gold_gain":0,"player_choice":"1 cards matched","damage_taken":0,"max_hp_gain":0,"max_hp_loss":0,"event_name":"Match and Keep!","floor":5,"gold_loss":0,"cards_obtained":["Rainbow"]},{"damage_healed":0,"gold_gain":50,"player_choice":"Stole From Cult","damage_taken":0,"max_hp_gain":0,"max_hp_loss":0,"event_name":"Nest","floor":19,"gold_loss":0},{"damage_healed":0,"gold_gain":50,"player_choice":"Pray","damage_taken":0,"max_hp_gain":0,"max_hp_loss":0,"event_name":"Golden Shrine","floor":21,"gold_loss":0}],"is_beta":false,"boss_relics":[{"not_picked":["Cursed Key","SacredBark"],"picked":"Snecko Eye"}],"items_purged_floors":[],"is_endless":false,"potions_floor_spawned":[2,7,13,14,16],"killed_by":"Gremlin Leader","ascension_level":15}}