{"host":"sdjng9zhqonqi3uc","time":1608216903,"event":{"mods":["AchievementEnabler","BaseMod","BetterRewards","Colored Powertips","Hero for Fun","Minty Spire (QoL Compilation)","StSLib","Td1madao Mod"],"gold_per_floor":[1,1,11,11,23,23,23,23,101,101,101,101,120,133,133,236,236,236,236,253,178,197,224,224,259,284,304,304,321,337,370,370,466,466,486,486,499,515,415,430,464,479,503,523,398,398,398,415,415,415],"floor_reached":51,"playtime":417,"items_purged":["Defend_Y","Defend_Y+1","Strike_Y"],"score":1249,"play_id":"1bf7287f-dad9-4c04-83cd-4f65d217b51c","local_time":"20201217155503","is_ascension_mode":false,"campfire_choices":[{"floor":6,"key":"RECALL"},{"data":"Strike_Y","floor":8,"key":"SMITH"},{"data":"Strike_Y","floor":15,"key":"SMITH"},{"data":"Strike_Y","floor":32,"key":"SMITH"},{"data":"Strike_Y","floor":46,"key":"SMITH"},{"floor":49,"key":"REST"}],"circlet_count":0,"master_deck":["Strike_Y+1","Strike_Y+1","Strike_Y+1","Strike_Y+1"],"relics":["Cape","NeowsBlessing","Empty Cage"],"acts_visited":["Exordium","TheCity","TheBeyond"],"potions_floor_usage":[],"damage_taken":[{"damage":0,"enemies":"Small Slimes","floor":1,"turns":1},{"damage":0,"enemies":"Jaw Worm","floor":2,"turns":1},{"damage":0,"enemies":"Cultist","floor":3,"turns":1},{"damage":0,"enemies":"Red Slaver","floor":4,"turns":1},{"damage":0,"enemies":"Large Slime","floor":5,"turns":1},{"damage":0,"enemies":"3 Sentries","floor":11,"turns":1},{"damage":0,"enemies":"Exordium Thugs","floor":12,"turns":1},{"damage":0,"enemies":"Lots of Slimes","floor":13,"turns":3},{"damage":0,"enemies":"3 Louse","floor":14,"turns":2},{"damage":0,"enemies":"Hexaghost","floor":16,"turns":1},{"damage":0,"enemies":"2 Thieves","floor":18,"turns":1},{"damage":0,"enemies":"Shell Parasite","floor":19,"turns":1},{"damage":0,"enemies":"Centurion and Healer","floor":20,"turns":1},{"damage":0,"enemies":"Snecko","floor":22,"turns":1},{"damage":0,"enemies":"Slavers","floor":23,"turns":1},{"damage":0,"enemies":"Book of Stabbing","floor":25,"turns":1},{"damage":0,"enemies":"Snake Plant","floor":27,"turns":1},{"damage":0,"enemies":"Cultist and Chosen","floor":29,"turns":1},{"damage":0,"enemies":"Centurion and Healer","floor":30,"turns":1},{"damage":0,"enemies":"Gremlin Leader","floor":31,"turns":1},{"damage":0,"enemies":"Champ","floor":33,"turns":1},{"damage":0,"enemies":"3 Darklings","floor":35,"turns":1},{"damage":0,"enemies":"3 Shapes","floor":37,"turns":1},{"damage":0,"enemies":"Writhing Mass","floor":38,"turns":1},{"damage":0,"enemies":"3 Darklings","floor":40,"turns":1},{"damage":0,"enemies":"Giant Head","floor":41,"turns":1},{"damage":0,"enemies":"Jaw Worm Horde","floor":42,"turns":1},{"damage":0,"enemies":"Sphere and 2 Shapes","floor":44,"turns":1},{"damage":0,"enemies":"4 Shapes","floor":48,"turns":2},{"damage":0,"enemies":"Donu and Deca","floor":50,"turns":1}],"seed_played":"-4602376890465577894","potions_obtained":[],"is_trial":false,"path_per_floor":["M","M","M","M","M","R","?","R","T","?","E","M","M","M","R","B",null,"M","M","M","$","M","E","?","E","T","M","?","M","M","E","R","B",null,"M","?","M","M","$","M","E","M","T","M","$","R","?","M","R","B",null],"character_chosen":"OPM","items_purchased":[],"campfire_rested":1,"item_purchase_floors":[],"current_hp_per_floor":[999,999,999,999,999,999,999,999,999,999,999,999,999,999,999,999,999,999,999,999,999,999,999,999,999,999,999,999,999,999,999,999,999,999,999,999,999,999,999,999,999,999,999,999,999,999,949,949,949,949],"gold":415,"neow_bonus":"THREE_ENEMY_KILL","is_daily":false,"chose_seed":false,"campfire_upgraded":4,"win_rate":0.0,"timestamp":1608216903,"path_taken":["M","M","M","M","M","R","?","R","T","?","E","M","M","M","R","BOSS","M","M","M","$","M","E","?","E","T","M","?","M","M","E","R","BOSS","M","?","?","M","$","M","E","M","T","M","?","R","?","M","R","BOSS"],"items_purchased_type":[],"build_version":"2020-12-13","purchased_purges":3,"victory":true,"max_hp_per_floor":[999,999,999,999,999,999,999,999,999,999,999,999,999,999,999,999,999,999,999,999,999,999,999,999,999,999,999,999,999,999,999,999,999,999,999,999,999,999,999,999,999,999,999,999,999,999,949,949,949,949],"card_choices":[{"not_picked":["Toss_Stone","Slap","Yawn"],"picked":"SKIP","floor":1},{"not_picked":["Yawn","Hop","Slap"],"picked":"SKIP","floor":2},{"not_picked":["Do_Nothing","Normal_Punch","Hop"],"picked":"SKIP","floor":3},{"not_picked":["Wear_Disguise","Hop","Do_Nothing"],"picked":"SKIP","floor":4},{"not_picked":["Hop","Ignore","Wear_Disguise"],"picked":"SKIP","floor":5},{"not_picked":["Ignore","Terrifying_Presence","Normal_Punch"],"picked":"SKIP","floor":11},{"not_picked":["Hop","Yawn","Ignore"],"picked":"SKIP","floor":12},{"not_picked":["Wear_Disguise","Yawn","Slap"],"picked":"SKIP","floor":13},{"not_picked":["Consecutive_Normal_Punch","Normal_Punch","Yawn"],"picked":"SKIP","floor":14},{"not_picked":["Ignore","Wear_Disguise+1","Yawn+1"],"picked":"SKIP","floor":18},{"not_picked":["Slap","Wear_Disguise","Yawn+1"],"picked":"SKIP","floor":19},{"not_picked":["Do_Nothing+1","Slap","Consecutive_Normal_Punch"],"picked":"SKIP","floor":20},{"not_picked":["Get_Hopes_Up","Ignore","Slap+1"],"picked":"SKIP","floor":22},{"not_picked":["Side_Hop","Ignore","Hop"],"picked":"SKIP","floor":23},{"not_picked":["Serious_Side_Hops","Slap","Yawn"],"picked":"SKIP","floor":25},{"not_picked":["Hop","Ignore","Yawn+1"],"picked":"SKIP","floor":27},{"not_picked":["Toss_Stone","Slap+1","Side_Hop"],"picked":"SKIP","floor":29},{"not_picked":["Side_Hop","Normal_Punch","Wear_Disguise"],"picked":"SKIP","floor":30},{"not_picked":["Yawn","Toss_Stone+1","Do_Nothing"],"picked":"SKIP","floor":31},{"not_picked":["Ignore+1","Side_Hop+1","Yawn"],"picked":"SKIP","floor":35},{"not_picked":["Yawn","Side_Hop","Wear_Disguise+1"],"picked":"SKIP","floor":37},{"not_picked":["Side_Hop+1","Do_Nothing+1","Oh"],"picked":"SKIP","floor":38},{"not_picked":["Hop","Ignore+1","Yawn+1"],"picked":"SKIP","floor":40},{"not_picked":["Hop","Side_Hop+1","Yawn"],"picked":"SKIP","floor":41},{"not_picked":["Slap","Get_Hopes_Up","Hop+1"],"picked":"SKIP","floor":42},{"not_picked":["Consecutive_Normal_Punch","Do_Nothing","Ignore"],"picked":"SKIP","floor":44},{"not_picked":["Yawn+1","Hop","Slap"],"picked":"SKIP","floor":48}],"player_experience":202304,"relics_obtained":[],"event_choices":[{"damage_healed":0,"gold_gain":0,"player_choice":"Entered Light","damage_taken":200,"max_hp_gain":0,"max_hp_loss":0,"event_name":"Shining Light","floor":7,"gold_loss":0,"cards_upgraded":["Defend_Y","Defend_Y"]},{"damage_healed":0,"gold_gain":0,"player_choice":"Leave","damage_taken":0,"max_hp_gain":0,"max_hp_loss":0,"event_name":"The Cleric","floor":10,"gold_loss":0},{"damage_healed":0,"gold_gain":0,"player_choice":"Stopped","damage_taken":9,"max_hp_gain":0,"max_hp_loss":0,"event_name":"Cursed Tome","floor":24,"gold_loss":0},{"damage_healed":0,"gold_gain":0,"player_choice":"Ignored","damage_taken":0,"max_hp_gain":0,"max_hp_loss":0,"event_name":"Ghosts","floor":28,"gold_loss":0},{"cards_removed":["Defend_Y"],"damage_healed":0,"gold_gain":0,"player_choice":"Offered Basic","damage_taken":0,"max_hp_gain":0,"max_hp_loss":0,"event_name":"Bonfire Elementals","floor":36,"gold_loss":0},{"damage_healed":0,"gold_gain":0,"player_choice":"Max HP","damage_taken":0,"max_hp_gain":0,"max_hp_loss":50,"event_name":"Winding Halls","floor":47,"gold_loss":0}],"is_beta":false,"boss_relics":[{"not_picked":["SacredBark","SlaversCollar","Fusion Hammer"]},{"not_picked":["Tiny House","Runic Pyramid"],"picked":"Empty Cage"}],"items_purged_floors":[21,39,45],"is_endless":false,"potions_floor_spawned":[1,4,5,14,16,19,22,23,27,31,33,35,38,41,44],"ascension_level":0}}