{"host":"j61pjxqytd94o6ng","time":1608237243,"event":{"mods":["BaseMod","Colored Map","Colored Powertips","Downfall","Minty Spire (QoL Compilation)","StSLib"],"gold_per_floor":[199,6,6,6,6,6,6,18,48,48,67,77,95,195,212,212,212],"floor_reached":16,"playtime":636,"items_purged":[],"score":100,"play_id":"21011e5a-39d0-4383-a4f2-559d4e1f79fe","local_time":"20201217133403","is_ascension_mode":false,"campfire_choices":[{"data":"Slimebound:CorrosiveSpit","floor":1.0,"key":"SMITH"},{"data":"expansioncontent:StudyTheSpire","floor":3.0,"key":"SMITH"},{"floor":6.0,"key":"RECALL"},{"floor":10.0,"key":"REST"}],"circlet_count":0,"master_deck":["Slimebound:Strike_Slimebound+1","Slimebound:Strike_Slimebound","Slimebound:Tackle","Slimebound:Defend_Slimebound","Slimebound:Defend_Slimebound","Slimebound:Defend_Slimebound+1","Slimebound:Split+1","Slimebound:CorrosiveSpit+1","Slimebound:AcidTongue+1","expansioncontent:StudyTheSpire+1","Regret","Slimebound:SamplingLick+1","Slimebound:DivideAndConquer+1","Slimebound:SplitBruiser+1","Slimebound:LeechLife+1","Slimebound:SplitAcid+1","Slimebound:MegaLick+1","Slimebound:SlimeBrawl+1","Slimebound:GoopSpray+1"],"relics":["Slimebound:AbsorbEndCombat","Toxic Egg 2","Ice Cream"],"acts_visited":["Exordium"],"potions_floor_usage":[16],"damage_taken":[{"damage":4.0,"enemies":"downfall:FleeingMerchant","floor":2.0,"turns":4.0},{"damage":33.0,"enemies":"Small Slimes","floor":8.0,"turns":4.0},{"damage":29.0,"enemies":"3 Sentries","floor":9.0,"turns":8.0},{"damage":12.0,"enemies":"Cultist","floor":11.0,"turns":3.0},{"damage":11.0,"enemies":"Jaw Worm","floor":12.0,"turns":2.0},{"damage":17.0,"enemies":"2 Fungi Beasts","floor":13.0,"turns":3.0},{"damage":16.0,"enemies":"downfall:Heads","floor":14.0,"turns":4.0},{"damage":16.0,"enemies":"3 Louse","floor":15.0,"turns":2.0},{"damage":64,"enemies":"downfall:Defect","floor":16,"turns":4}],"seed_played":"-1808152484068279406","potions_obtained":[{"floor":11.0,"key":"Block Potion"},{"floor":13.0,"key":"PowerPotion"},{"floor":15.0,"key":"champ:CounterPotion"}],"is_trial":false,"path_per_floor":["R","$","R","?","?","R","T","M","E","R","M","M","M","?","M","B"],"character_chosen":"SLIMEBOUND","items_purchased":["expansioncontent:StudyTheSpire"],"campfire_rested":1,"item_purchase_floors":[2],"current_hp_per_floor":[60,60,60,60,60,60,60,37,22,40,40,39,37,43,35,0,0],"gold":212,"neow_bonus":"HUNDRED_GOLD","is_daily":false,"chose_seed":false,"campfire_upgraded":2,"win_rate":0.0,"timestamp":1608237243,"path_taken":["R","$","R","?","?","R","T","M","E","R","M","M","?","?","M","BOSS"],"items_purchased_type":["Card"],"build_version":"2020-12-13","purchased_purges":0,"victory":false,"max_hp_per_floor":[60,60,60,60,60,60,60,60,60,60,60,60,60,60,60,60,60],"card_choices":[{"not_picked":["Slimebound:SplitBruiser","Slimebound:FormOfPuddle"],"picked":"Slimebound:AcidTongue","floor":2.0},{"not_picked":["Slimebound:SplitBruiser+1","Slimebound:DivideAndConquer+1"],"picked":"Slimebound:SamplingLick+1","floor":8.0},{"not_picked":["Slimebound:GoopTackle","Slimebound:SlimeSpikes+1"],"picked":"Slimebound:DivideAndConquer+1","floor":9.0},{"not_picked":["Slimebound:GoopSpray+1","Slimebound:RollThrough"],"picked":"Slimebound:SplitBruiser+1","floor":11.0},{"not_picked":["Slimebound:FlameTackle","Slimebound:Chomp"],"picked":"Slimebound:LeechLife","floor":12.0},{"not_picked":["Slimebound:ComboTackle","Slimebound:LeechingTouch"],"picked":"Slimebound:SplitAcid+1","floor":13.0},{"not_picked":["Slimebound:AcidTongue","Slimebound:SplitMire+1"],"picked":"Slimebound:MegaLick+1","floor":14.0},{"not_picked":["Slimebound:PressTheAttack","Slimebound:DivideAndConquer+1"],"picked":"Slimebound:GoopSpray+1","floor":15.0}],"player_experience":465036,"relics_obtained":[{"floor":7.0,"key":"Toxic Egg 2"},{"floor":9.0,"key":"Ice Cream"}],"event_choices":[{"damage_healed":0.0,"max_hp_gain":0.0,"max_hp_loss":0.0,"gold_gain":0.0,"event_name":"Upgrade Shrine","player_choice":"Upgraded","floor":5.0,"gold_loss":0.0,"damage_taken":0.0,"cards_upgraded":["Slimebound:Split"]}],"is_beta":false,"boss_relics":[],"items_purged_floors":[],"is_endless":false,"potions_floor_spawned":[11,13,15],"killed_by":"downfall:Defect","ascension_level":0}}