{"host":"94aus4jnk6thj94q","time":1608230470,"event":{"mods":["BaseMod","Minty Spire (QoL Compilation)","Quick Restart","StSLib"],"gold_per_floor":[113,113,33,46,12,46,46,46,46,46,81,101,115,15,15,116,116,134,11,11,23,23,23,42,42,65,100,100,100],"floor_reached":28,"playtime":1057,"items_purged":[],"score":269,"play_id":"872674c9-9faf-4b90-a4fb-ff72b51bf453","local_time":"20201217204110","is_ascension_mode":false,"campfire_choices":[{"data":"Defragment","floor":7,"key":"SMITH"},{"floor":10,"key":"REST"},{"floor":15,"key":"REST"},{"floor":23,"key":"REST"},{"floor":25,"key":"REST"}],"circlet_count":0,"master_deck":["Strike_B","Strike_B","Strike_B","Strike_B","Defend_B","Defend_B","Defend_B","Defend_B","Zap","Dualcast","Redo","Defragment+1","Doom and Gloom+1","Loop","Self Repair+1","Glacier","Melter","Ball Lightning","Capacitor","Leap","Core Surge","Capacitor+1","Defragment","Ball Lightning","Blizzard","Darkness+1"],"relics":["FrozenCore","NeowsBlessing","Question Card","Bag of Marbles","Ancient Tea Set","Dream Catcher"],"acts_visited":["Exordium","TheCity"],"potions_floor_usage":[11,24],"damage_taken":[{"damage":0,"enemies":"Jaw Worm","floor":1,"turns":1},{"damage":0,"enemies":"Cultist","floor":4,"turns":1},{"damage":0,"enemies":"Gremlin Nob","floor":6,"turns":1},{"damage":27,"enemies":"3 Sentries","floor":11,"turns":4},{"damage":0,"enemies":"Small Slimes","floor":12,"turns":3},{"damage":10,"enemies":"2 Fungi Beasts","floor":13,"turns":4},{"damage":39,"enemies":"Slime Boss","floor":16,"turns":8},{"damage":0,"enemies":"Shell Parasite","floor":18,"turns":9},{"damage":17,"enemies":"2 Thieves","floor":21,"turns":4},{"damage":22,"enemies":"3 Cultists","floor":24,"turns":7},{"damage":70,"enemies":"Gremlin Leader","floor":27,"turns":10},{"damage":18,"enemies":"Snake Plant","floor":28,"turns":1}],"seed_played":"9032656185819251442","potions_obtained":[{"floor":4,"key":"ColorlessPotion"},{"floor":13,"key":"PotionOfCapacity"},{"floor":16,"key":"Ancient Potion"},{"floor":18,"key":"EssenceOfSteel"},{"floor":24,"key":"LiquidMemories"}],"is_trial":false,"path_per_floor":["M","?","$","M","$","E","R","?","T","R","E","M","M","$","R","B",null,"M","$","?","M","?","R","M","R","T","E","M"],"character_chosen":"DEFECT","items_purchased":["Defragment","Loop","Capacitor","Leap","Defragment","Ball Lightning"],"campfire_rested":4,"item_purchase_floors":[3,5,14,14,19,19],"current_hp_per_floor":[75,75,75,75,75,75,75,60,60,75,58,58,58,58,75,46,75,75,75,75,58,58,75,63,75,75,15,0,0],"gold":100,"neow_bonus":"THREE_ENEMY_KILL","is_daily":false,"chose_seed":false,"campfire_upgraded":1,"win_rate":0.0,"timestamp":1608230470,"path_taken":["M","?","$","?","?","E","R","?","T","R","E","M","M","$","R","BOSS","M","$","?","M","?","R","M","R","T","E","M"],"items_purchased_type":["Card","Card","Card","Card","Card","Card"],"build_version":"2020-12-13","purchased_purges":0,"victory":false,"max_hp_per_floor":[75,75,75,75,75,75,75,75,75,75,75,75,75,75,75,75,75,75,75,75,75,75,75,75,75,75,75,75,75],"card_choices":[{"not_picked":["Barrage","Compile Driver"],"picked":"Redo","floor":1},{"not_picked":["Turbo","Beam Cell"],"picked":"Doom and Gloom","floor":4},{"not_picked":["Rebound","Rainbow"],"picked":"Self Repair","floor":6},{"not_picked":["Auto Shields","Go for the Eyes","Beam Cell"],"picked":"Glacier","floor":11},{"not_picked":["Compile Driver","Darkness","Sunder"],"picked":"Melter","floor":12},{"not_picked":["Streamline","Double Energy","Gash"],"picked":"Ball Lightning","floor":13},{"not_picked":["Thunder Strike","Multi-Cast","Meteor Strike"],"picked":"Core Surge","floor":16},{"not_picked":["Steam","Double Energy+1","Aggregate"],"picked":"Capacitor+1","floor":18},{"not_picked":["Ball Lightning","Gash+1","Leap+1","Steam"],"picked":"SKIP","floor":21},{"not_picked":["Conserve Battery","Turbo+1","Sweeping Beam"],"picked":"Blizzard","floor":24},{"not_picked":["Melter","Capacitor","Barrage+1"],"picked":"Darkness+1","floor":27}],"player_experience":5606145,"relics_obtained":[{"floor":6,"key":"Question Card"},{"floor":11,"key":"Bag of Marbles"},{"floor":26,"key":"Ancient Tea Set"},{"floor":27,"key":"Dream Catcher"}],"event_choices":[{"damage_healed":0,"gold_gain":0,"player_choice":"Leave","damage_taken":0,"max_hp_gain":0,"max_hp_loss":0,"event_name":"FaceTrader","floor":2,"gold_loss":0},{"damage_healed":0,"gold_gain":0,"player_choice":"Entered Light","damage_taken":15,"max_hp_gain":0,"max_hp_loss":0,"event_name":"Shining Light","floor":8,"gold_loss":0,"cards_upgraded":["Self Repair","Doom and Gloom"]},{"damage_healed":0,"gold_gain":0,"player_choice":"Ignored","damage_taken":0,"max_hp_gain":0,"max_hp_loss":0,"event_name":"Vampires","floor":20,"gold_loss":0},{"damage_healed":0,"gold_gain":0,"player_choice":"Ignored","damage_taken":0,"max_hp_gain":0,"max_hp_loss":0,"event_name":"Cursed Tome","floor":22,"gold_loss":0}],"is_beta":false,"boss_relics":[{"not_picked":["Astrolabe","Fusion Hammer"],"picked":"FrozenCore"}],"items_purged_floors":[],"is_endless":false,"potions_floor_spawned":[4,13,16,18,21,24],"killed_by":"Snake Plant","ascension_level":0}}