{"host":"pjgcdp3h1plnbocs","time":1608199683,"event":{"mods":["AchievementEnabler","BaseMod","Colored Map","Highlight Path","Minty Spire (QoL Compilation)"],"gold_per_floor":[112,127,140,157,169,202,202,218,218,218,218,218,228,257,257,359,359,375,395,408,408,418,450,450,483,483,483,508,508,40,60,60,155,155,172,0,17,67,87,122,122,153,153,170,184,216,216,250,250,250,250,250,99,124,124,124],"floor_reached":55,"playtime":4304,"items_purged":["Strike_B","Strike_B"],"score":1160,"play_id":"c35628b9-5e75-4ed9-82e3-d91bec2306c7","local_time":"20201217110803","is_ascension_mode":true,"campfire_choices":[{"data":"Defragment","floor":7.0,"key":"SMITH"},{"floor":10.0,"key":"REST"},{"data":"Zap","floor":12.0,"key":"SMITH"},{"data":"Dualcast","floor":15.0,"key":"SMITH"},{"data":"Creative AI","floor":24.0,"key":"SMITH"},{"data":"Rainbow","floor":27.0,"key":"SMITH"},{"floor":29.0,"key":"REST"},{"data":"Chill","floor":32.0,"key":"SMITH"},{"floor":41.0,"key":"RECALL"},{"floor":47,"key":"REST"},{"data":"Defend_B","floor":49,"key":"SMITH"},{"floor":52,"key":"REST"}],"circlet_count":0,"master_deck":["Strike_B","Strike_B","Defend_B+1","Defend_B+1","Defend_B+1","Defend_B","Zap+1","Dualcast+1","Defragment+1","Chill+1","Rainbow+1","Conserve Battery+1","Glacier+1","Seek+1","Darkness+1","Writhe","Redo+1","Creative AI+1","Redo+1","Seek+1","Consume+1","Buffer+1","Fission+1","Flash of Steel","Consume+1"],"relics":["Cracked Core","Art of War","Dream Catcher","Toxic Egg 2","Sundial","Question Card","Sozu","Bird Faced Urn","Mummified Hand","Bottled Lightning","Frozen Egg 2","Potion Belt","Cables","War Paint","Inserter","Red Mask","Thread and Needle","Boot","Toy Ornithopter","The Courier","InkBottle","Pantograph"],"acts_visited":["Exordium","TheCity","TheBeyond","TheEnding"],"potions_floor_usage":[],"damage_taken":[{"damage":0.0,"enemies":"Cultist","floor":1.0,"turns":3.0},{"damage":8.0,"enemies":"Small Slimes","floor":2.0,"turns":3.0},{"damage":2.0,"enemies":"Jaw Worm","floor":3.0,"turns":3.0},{"damage":8.0,"enemies":"Blue Slaver","floor":4.0,"turns":4.0},{"damage":18.0,"enemies":"Large Slime","floor":5.0,"turns":5.0},{"damage":16.0,"enemies":"Lagavulin","floor":6.0,"turns":7.0},{"damage":7.0,"enemies":"Exordium Wildlife","floor":8.0,"turns":6.0},{"damage":0.0,"enemies":"Looter","floor":13.0,"turns":2.0},{"damage":4.0,"enemies":"Gremlin Nob","floor":14.0,"turns":6.0},{"damage":22.0,"enemies":"Hexaghost","floor":16.0,"turns":16.0},{"damage":8.0,"enemies":"Spheric Guardian","floor":18.0,"turns":4.0},{"damage":0.0,"enemies":"Chosen","floor":19.0,"turns":4.0},{"damage":17.0,"enemies":"Centurion and Healer","floor":20.0,"turns":20.0},{"damage":19.0,"enemies":"Snake Plant","floor":22.0,"turns":4.0},{"damage":5.0,"enemies":"Slavers","floor":23.0,"turns":8.0},{"damage":11.0,"enemies":"Gremlin Leader","floor":25.0,"turns":7.0},{"damage":24.0,"enemies":"Slavers","floor":28.0,"turns":7.0},{"damage":0.0,"enemies":"Sentry and Sphere","floor":31.0,"turns":4.0},{"damage":0.0,"enemies":"Champ","floor":33.0,"turns":9.0},{"damage":0.0,"enemies":"Orb Walker","floor":35.0,"turns":5.0},{"damage":0.0,"enemies":"3 Shapes","floor":37.0,"turns":5.0},{"damage":0.0,"enemies":"Mind Bloom Boss Battle","floor":38.0,"turns":4.0},{"damage":0.0,"enemies":"Maw","floor":39.0,"turns":5.0},{"damage":25.0,"enemies":"Reptomancer","floor":40.0,"turns":9.0},{"damage":0.0,"enemies":"Giant Head","floor":42.0,"turns":9.0},{"damage":0,"enemies":"Transient","floor":44,"turns":5},{"damage":0,"enemies":"Sphere and 2 Shapes","floor":45,"turns":6},{"damage":0,"enemies":"Nemesis","floor":46,"turns":7},{"damage":0,"enemies":"Reptomancer","floor":48,"turns":5},{"damage":0,"enemies":"Donu and Deca","floor":50,"turns":8},{"damage":41,"enemies":"Shield and Spear","floor":54,"turns":8},{"damage":77,"enemies":"The Heart","floor":55,"turns":5}],"seed_played":"8482522019056950235","potions_obtained":[{"floor":2.0,"key":"SkillPotion"},{"floor":3.0,"key":"SpeedPotion"},{"floor":6.0,"key":"ColorlessPotion"},{"floor":16.0,"key":"SteroidPotion"}],"is_trial":false,"path_per_floor":["M","M","M","M","M","E","R","M","T","R","T","R","M","E","R","B",null,"M","M","M","?","M","E","R","E","T","R","E","R","$","M","R","B",null,"M","?","M","?","M","E","R","E","T","M","M","E","R","E","R","B",null,"R","$","E","B"],"character_chosen":"DEFECT","items_purchased":["Cables","War Paint","Flash of Steel"],"campfire_rested":4,"item_purchase_floors":[30,30,53],"current_hp_per_floor":[75,67,65,57,39,23,23,16,16,38,38,38,38,34,34,12,75,67,67,50,50,33,30,30,37,37,37,27,49,49,59,59,75,75,75,75,75,75,75,74,74,75,75,75,75,75,75,75,75,75,75,75,75,39,0,0],"gold":124,"neow_bonus":"RANDOM_COMMON_RELIC","is_daily":false,"chose_seed":false,"campfire_upgraded":7,"win_rate":0.0,"timestamp":1608199683,"path_taken":["M","M","M","M","M","E","R","M","T","R","?","R","?","E","R","BOSS","M","M","M","?","M","E","R","E","T","R","E","R","$","M","R","BOSS","M","?","M","?","M","E","R","E","T","M","M","E","R","E","R","BOSS","R","$","E","BOSS"],"items_purchased_type":["Relic","Relic","Card"],"build_version":"2020-12-13","purchased_purges":2,"victory":false,"max_hp_per_floor":[75,75,75,75,75,75,75,75,75,75,75,75,75,75,75,75,75,75,75,75,75,75,75,75,75,75,75,75,75,75,75,75,75,75,75,75,75,75,75,75,75,75,75,75,75,75,75,75,75,75,75,75,75,75,75,75],"card_choices":[{"not_picked":["Redo","Steam"],"picked":"Defragment","floor":1.0},{"not_picked":["Compile Driver","Recycle","Go for the Eyes"],"picked":"SKIP","floor":2.0},{"not_picked":["Rebound","Beam Cell","Doom and Gloom"],"picked":"SKIP","floor":3.0},{"not_picked":["BootSequence","Reprogram","Steam"],"picked":"SKIP","floor":4.0},{"not_picked":["Skim","Biased Cognition"],"picked":"Chill","floor":5.0},{"not_picked":["BootSequence","Turbo"],"picked":"Rainbow","floor":6.0},{"not_picked":["Ball Lightning","Turbo","Force Field"],"picked":"SKIP","floor":8.0},{"not_picked":["Storm","Turbo+1"],"picked":"Conserve Battery+1","floor":10.0},{"not_picked":["Compile Driver","Thunder Strike"],"picked":"Glacier+1","floor":13.0},{"not_picked":["Tempest+1","Beam Cell","Force Field+1"],"picked":"SKIP","floor":14.0},{"not_picked":["All For One","Buffer","Hyperbeam"],"picked":"Seek+1","floor":16.0},{"not_picked":["Reprogram+1","Undo+1","Go for the Eyes","Sweeping Beam"],"picked":"SKIP","floor":18.0},{"not_picked":["Go for the Eyes+1","Reinforced Body+1","Compile Driver","Storm"],"picked":"SKIP","floor":19.0},{"not_picked":["Rebound","Steam Power+1","Gash"],"picked":"Darkness+1","floor":20.0},{"not_picked":["FTL","Gash","Barrage"],"picked":"Redo+1","floor":22.0},{"not_picked":["Go for the Eyes","Streamline+1","Blizzard"],"picked":"Creative AI","floor":23.0},{"not_picked":["Aggregate+1","Hologram+1","Tempest+1","Auto Shields+1"],"picked":"SKIP","floor":25.0},{"not_picked":["Rebound+1","Force Field+1","Auto Shields+1"],"picked":"Redo+1","floor":28.0},{"not_picked":["Go for the Eyes+1","Barrage","Chaos+1","Hologram+1"],"picked":"SKIP","floor":31.0},{"not_picked":["Biased Cognition+1","Machine Learning+1","Electrodynamics+1"],"picked":"Seek+1","floor":33.0},{"not_picked":["Stack+1","Scrape+1","Beam Cell","Glacier+1"],"picked":"SKIP","floor":35.0},{"not_picked":["Scrape","Capacitor+1","Barrage"],"picked":"Consume+1","floor":37.0},{"not_picked":["Rebound","Hologram+1","Go for the Eyes","Barrage+1"],"picked":"SKIP","floor":39.0},{"not_picked":["Barrage","Genetic Algorithm+1","Double Energy+1","Doom and Gloom"],"picked":"SKIP","floor":40.0},{"not_picked":["Sweeping Beam+1","Gash","Darkness+1"],"picked":"Buffer+1","floor":42.0},{"not_picked":["Sweeping Beam+1","Leap+1","Chaos+1","Glacier+1"],"picked":"SKIP","floor":44},{"not_picked":["Gash+1","Reprogram+1","Steam+1","Turbo+1"],"picked":"SKIP","floor":45},{"not_picked":["Skim+1","Recycle+1","Streamline+1","Tempest+1"],"picked":"SKIP","floor":46},{"not_picked":["Static Discharge+1","Doom and Gloom+1","Compile Driver+1"],"picked":"Fission+1","floor":48},{"not_picked":["Beam Cell","Hologram+1","Sweeping Beam+1"],"picked":"Consume+1","floor":54}],"player_experience":100313,"relics_obtained":[{"floor":6.0,"key":"Dream Catcher"},{"floor":9.0,"key":"Toxic Egg 2"},{"floor":11.0,"key":"Sundial"},{"floor":14.0,"key":"Question Card"},{"floor":23.0,"key":"Mummified Hand"},{"floor":25.0,"key":"Bottled Lightning"},{"floor":26.0,"key":"Frozen Egg 2"},{"floor":28.0,"key":"Potion Belt"},{"floor":38.0,"key":"Thread and Needle"},{"floor":40.0,"key":"Boot"},{"floor":42.0,"key":"Toy Ornithopter"},{"floor":46,"key":"The Courier"},{"floor":48,"key":"InkBottle"},{"floor":54,"key":"Pantograph"}],"event_choices":[{"damage_healed":0.0,"max_hp_gain":0.0,"max_hp_loss":0.0,"gold_gain":0.0,"event_name":"The Mausoleum","player_choice":"Opened","floor":21.0,"gold_loss":0.0,"damage_taken":0.0,"relics_obtained":["Bird Faced Urn"],"cards_obtained":["Writhe"]},{"damage_healed":0.0,"max_hp_gain":0.0,"max_hp_loss":0.0,"gold_gain":0.0,"event_name":"Tomb of Lord Red Mask","player_choice":"Paid","floor":36.0,"gold_loss":172.0,"damage_taken":0.0,"relics_obtained":["Red Mask"]},{"damage_healed":0.0,"max_hp_gain":0.0,"max_hp_loss":0.0,"gold_gain":0.0,"event_name":"MindBloom","player_choice":"Fight","floor":38.0,"gold_loss":0.0,"damage_taken":0.0}],"is_beta":false,"boss_relics":[{"not_picked":["Calling Bell","Philosopher\u0027s Stone"],"picked":"Sozu"},{"not_picked":["Nuclear Battery","Cursed Key"],"picked":"Inserter"}],"items_purged_floors":[30,53],"is_endless":false,"potions_floor_spawned":[2,3,6,16,20,23,25,28,31,38,39,44,45,46],"killed_by":"The Heart","ascension_level":3}}