{"host":"f0gpob8hq9vgebej","time":1608189379,"event":{"mods":["AchievementEnabler","BaseMod","Googly Eyes","Minty Spire (QoL Compilation)","Quick Restart","SuperFastMode"],"gold_per_floor":[11,23,40,59,76,76,64,82,129,32,32,43,61,74,74,74,74],"floor_reached":16,"playtime":415,"items_purged":["Strike_G"],"score":155,"play_id":"1434ac13-f274-4a97-973c-9d1f569c52e9","local_time":"20201217161619","is_ascension_mode":true,"campfire_choices":[{"data":"Cloak And Dagger","floor":6,"key":"SMITH"},{"data":"Glass Knife","floor":15,"key":"SMITH"}],"circlet_count":0,"master_deck":["AscendersBane","Strike_G","Strike_G","Strike_G","Defend_G","Defend_G","Defend_G","Defend_G","Survivor","Neutralize","Deadly Poison","Cloak And Dagger+1","PiercingWail","Grand Finale","Blade Dance","Glass Knife+1","Acrobatics","Blade Dance"],"relics":["Ring of the Snake","Nunchaku"],"acts_visited":["Exordium"],"potions_floor_usage":[4,13,16],"damage_taken":[{"damage":6.0,"enemies":"Cultist","floor":1.0,"turns":5.0},{"damage":1.0,"enemies":"Small Slimes","floor":2.0,"turns":3.0},{"damage":2.0,"enemies":"Jaw Worm","floor":3.0,"turns":4.0},{"damage":7,"enemies":"Exordium Wildlife","floor":4,"turns":6},{"damage":0,"enemies":"2 Fungi Beasts","floor":5,"turns":4},{"damage":5,"enemies":"Exordium Thugs","floor":7,"turns":4},{"damage":7,"enemies":"Red Slaver","floor":8,"turns":4},{"damage":6,"enemies":"Exordium Wildlife","floor":12,"turns":5},{"damage":2,"enemies":"Large Slime","floor":13,"turns":6},{"damage":1,"enemies":"Gremlin Gang","floor":14,"turns":5},{"damage":23,"enemies":"Slime Boss","floor":16,"turns":8}],"seed_played":"4434678461036849949","potions_obtained":[{"floor":3.0,"key":"Fire Potion"},{"floor":4,"key":"Explosive Potion"},{"floor":5,"key":"Strength Potion"}],"is_trial":false,"path_per_floor":["M","M","M","M","M","R","M","M","T","$","$","M","M","M","R","B"],"character_chosen":"THE_SILENT","items_purchased":["Acrobatics"],"campfire_rested":0,"item_purchase_floors":[10],"current_hp_per_floor":[57,56,54,47,47,47,42,35,35,35,35,29,27,26,26,3,3],"gold":74,"neow_bonus":"REMOVE_TWO","is_daily":false,"chose_seed":false,"campfire_upgraded":2,"win_rate":0.0,"timestamp":1608189379,"path_taken":["M","M","M","M","?","R","M","M","T","?","$","M","M","M","R","BOSS"],"items_purchased_type":["Card"],"build_version":"2020-12-13","purchased_purges":1,"victory":false,"max_hp_per_floor":[70,70,70,70,70,70,70,70,70,70,70,70,70,70,70,70,70],"card_choices":[{"not_picked":["Prepared","Bane"],"picked":"Deadly Poison","floor":1.0},{"not_picked":["Die Die Die","Finisher"],"picked":"Cloak And Dagger","floor":2.0},{"not_picked":["Blur","Underhanded Strike"],"picked":"PiercingWail","floor":3.0},{"not_picked":["Dodge and Roll","Cloak And Dagger"],"picked":"Grand Finale","floor":4},{"not_picked":["Deadly Poison","Sucker Punch"],"picked":"Blade Dance","floor":5},{"not_picked":["Choke","Caltrops","Sucker Punch"],"picked":"SKIP","floor":7},{"not_picked":["Deflect","Bane"],"picked":"Glass Knife","floor":8},{"not_picked":["Dodge and Roll","Slice"],"picked":"Blade Dance","floor":12},{"not_picked":["Flying Knee","PiercingWail","Cloak And Dagger"],"picked":"SKIP","floor":13},{"not_picked":["Dagger Throw","Cloak And Dagger","Slice"],"picked":"SKIP","floor":14}],"player_experience":170577,"relics_obtained":[{"floor":9,"key":"Nunchaku"}],"event_choices":[],"is_beta":false,"boss_relics":[],"items_purged_floors":[10],"is_endless":false,"potions_floor_spawned":[3,4,5,7,8],"killed_by":"Slime Boss","ascension_level":11}}