{"host":"g1wmg2w41xhsnw8g","time":1608165340,"event":{"mods":["2.2 Compatiblity","Act Like it!","BaseMod","Better Altar","Better Match","Better Note","Better Sensory Stone","Better Skull","Better Third Choice","BetterRewards","Booster Modes","CapriCore","Colored Map","Colored Powertips","Curses Come First","Defuse TimeMaze Blight","Displayed Cursed Tome","Friendly Minions","GifTheSpireLib","Googly Eyes","Infinite Spire","Minty Spire (QoL Compilation)","Red Circlet Mod","Relic Sorter","SCP261 Mod","Shop Mod","Spicy Shops","StSLib","The Poker Player","The Sage","TheBandit","Transform Curses","????"],"gold_per_floor":[114,114,125,190,260,260,291,291,291,325,335,6,39,39,39,134,134,153,153,153,153,153,153,178,178,247,281,297,331,341,351,351,451,451,469,481,38,57,1,28,41,41,87,114,24,54,54,79,4,4,4,4],"floor_reached":50,"playtime":3469,"items_purged":["Parasite"],"score":997,"play_id":"1d5b5467-4974-4acb-a031-f9d477746624","local_time":"20201216193540","daily_mods":["SealedDeck","Specialized","Heirloom","Elite Swarm"],"is_ascension_mode":true,"campfire_choices":[{"data":"wariomod:Goblast","floor":6,"key":"SMITH"},{"data":"wariomod:FabulousPrizes","floor":8,"key":"SMITH"},{"data":"wariomod:RacingSpeed","floor":15,"key":"SMITH"},{"data":"wariomod:VeryLongJump","floor":23,"key":"SMITH"},{"data":"PokerPlayerMod:DiamondStrike","floor":25,"key":"SMITH"},{"data":"1","floor":32,"key":"LIFT"},{"data":"2","floor":47,"key":"LIFT"}],"circlet_count":0,"master_deck":["PokerPlayerMod:Manipulation","PokerPlayerMod:Manipulation","PokerPlayerMod:Manipulation","PokerPlayerMod:Manipulation","PokerPlayerMod:Manipulation","wariomod:TrekTime","PokerPlayerMod:SpadeStrike","PokerPlayerMod:DiamondStrike+1","PokerPlayerMod:DartThrow","wariomod:ChargeForth","wariomod:EmptyMind","PokerPlayerMod:JackOfSpades+1","wariomod:DoubleDash","wariomod:RacingSpeed+1","wariomod:VeryLongJump+1","wariomod:Goblast+1","PokerPlayerMod:Club2","PokerPlayerMod:Club3","PokerPlayerMod:Club4","PokerPlayerMod:Club5","PokerPlayerMod:Club6","wariomod:Hopshield+1","wariomod:FabulousPrizes+1","PokerPlayerMod:WildCard+1","wariomod:ThatsNotAll","wariomod:MassiveParty+1","wariomod:TheGrandJourney+1","infinitespire:Oblivion","wariomod:MassiveParty+1","wariomod:ShipSmash","wariomod:SpacialMastery+1","wariomod:TreasureDig+1","PokerPlayerMod:ChangeRules","CurseOfTheBell","PokerPlayerMod:GamblerForm","wariomod:WhirlwindBurst+1","wariomod:Enshrine+1","infinitespire:UltimateForm","wariomod:GodlyGift+1"],"relics":["wariomod:TheHat","Ginger","The Courier","Bottled Flame","Toxic Egg 2","Bottled Tornado","infinitespire:Lychee Nut","Gremlin Horn","Coffee Dripper","SlaversCollar","Nloth\u0027s Gift","Girya","White Beast Statue","wariomod:AngryHat","Torii","Toy Ornithopter","Ornamental Fan","Blood Vial","MerchantsRug","Thread and Needle","OrangePellets","Gambling Chip","sagemod:Singing_Vial","Pen Nib","Busted Crown","Anchor","Unceasing Top","Membership Card","Singing Bowl","TungstenRod","Regal Pillow","Molten Egg 2","wariomod:GlassHat","War Paint"],"acts_visited":["Exordium","TheCity","TheBeyond"],"potions_floor_usage":[7,16,18,29,30,31,33,33,36,40,44,49],"damage_taken":[{"damage":0,"enemies":"Small Slimes","floor":1,"turns":2},{"damage":0,"enemies":"Jaw Worm","floor":3,"turns":2},{"damage":0,"enemies":"3 Sentries","floor":7,"turns":3},{"damage":27,"enemies":"Lagavulin","floor":10,"turns":6},{"damage":0,"enemies":"Cultist","floor":11,"turns":3},{"damage":29,"enemies":"Gremlin Nob","floor":13,"turns":4},{"damage":30,"enemies":"The Guardian","floor":16,"turns":10},{"damage":2,"enemies":"Chosen","floor":18,"turns":4},{"damage":0,"enemies":"Nightmare","floor":24,"turns":1},{"damage":0,"enemies":"Gremlin Leader","floor":27,"turns":2},{"damage":0,"enemies":"Shell Parasite","floor":28,"turns":1},{"damage":0,"enemies":"Slavers","floor":29,"turns":1},{"damage":0,"enemies":"Shelled Parasite and Fungi","floor":30,"turns":1},{"damage":12,"enemies":"3 Cultists","floor":31,"turns":2},{"damage":15,"enemies":"Champ","floor":33,"turns":8},{"damage":8,"enemies":"3 Shapes","floor":35,"turns":2},{"damage":1,"enemies":"Orb Walker","floor":36,"turns":2},{"damage":25,"enemies":"Spire Growth","floor":38,"turns":3},{"damage":1,"enemies":"Nemesis","floor":40,"turns":3},{"damage":11,"enemies":"Writhing Mass","floor":41,"turns":3},{"damage":0,"enemies":"Giant Head","floor":44,"turns":5},{"damage":0,"enemies":"Reptomancer","floor":46,"turns":3},{"damage":62,"enemies":"Nightmare","floor":48,"turns":10},{"damage":79,"enemies":"Awakened One","floor":50,"turns":7}],"seed_played":"-3511950023012770428","potions_obtained":[{"floor":3,"key":"SCP261:BlastolaColaPotion"},{"floor":7,"key":"SCP261:AppleJuicePotion"},{"floor":13,"key":"Energy Potion"},{"floor":24,"key":"LiquidBronze"},{"floor":27,"key":"BlessingOfTheForge"},{"floor":28,"key":"Weak Potion"},{"floor":29,"key":"ColorlessPotion"},{"floor":30,"key":"SCP261:AppleJuicePotion"},{"floor":31,"key":"Weak Potion"},{"floor":33,"key":"Energy Potion"},{"floor":35,"key":"SteroidPotion"},{"floor":36,"key":"Weak Potion"},{"floor":38,"key":"SCP261:PenguinPunchPotion"},{"floor":40,"key":"Strength Potion"},{"floor":41,"key":"Dexterity Potion"},{"floor":44,"key":"LiquidMemories"},{"floor":46,"key":"Dexterity Potion"},{"floor":48,"key":"EntropicBrew"}],"is_trial":true,"path_per_floor":["M","?","M","?","T","R","E","R","T","E","M","R","E","$","R","B",null,"M","?","AVR","?","?","R","NM","R","T","E","M","E","M","M","R","B",null,"M","M","$","M","?","E","M","AVR","T","E","$","E","R","NM","R","B"],"character_chosen":"THE_BANDIT","items_purchased":["Bottled Tornado","infinitespire:Lychee Nut","Blood Vial","MerchantsRug","Thread and Needle","OrangePellets","Membership Card","Singing Bowl","TungstenRod","wariomod:GlassHat","War Paint"],"campfire_rested":0,"item_purchase_floors":[12,12,37,37,37,37,45,45,45,49,49],"current_hp_per_floor":[80,80,80,80,80,80,80,80,80,53,53,53,30,30,30,6,60,72,82,89,89,89,89,89,89,89,89,89,89,89,85,85,76,97,92,96,96,72,72,83,79,79,79,92,92,99,99,38,38,0,0,0],"gold":4,"neow_bonus":"","is_daily":false,"chose_seed":false,"campfire_upgraded":5,"win_rate":0.0,"timestamp":1608165340,"path_taken":["M","?","M","?","?","R","E","R","T","E","?","R","E","?","R","BOSS","M","?","AVR","?","?","R","NM","R","T","E","?","E","M","M","R","BOSS","M","M","?","M","?","E","?","AVR","T","E","?","E","R","NM","R","BOSS"],"items_purchased_type":["Relic","Relic","Relic","Relic","Relic","Relic","Relic","Relic","Relic","Relic","Relic"],"build_version":"2020-12-13","purchased_purges":1,"victory":false,"max_hp_per_floor":[80,80,80,80,80,80,80,80,80,80,80,60,60,60,60,60,60,72,82,89,89,89,89,89,89,89,89,89,89,89,97,97,97,97,97,97,97,97,97,97,97,97,97,97,97,99,99,99,96,96,96,96],"card_choices":[{"not_picked":["PokerPlayerMod:Fold","PokerPlayerMod:Raise"],"picked":"wariomod:Goblast","floor":1},{"not_picked":["wariomod:SpikeSlash","PokerPlayerMod:Fold"],"picked":"wariomod:Hopshield","floor":3},{"not_picked":["wariomod:VeryLongJump","PokerPlayerMod:SecretDealer"],"picked":"wariomod:FabulousPrizes","floor":7},{"not_picked":["wariomod:AbandonGame","PokerPlayerMod:Duplicate+1"],"picked":"PokerPlayerMod:WildCard+1","floor":10},{"not_picked":["wariomod:CursedSpaces+1","wariomod:HastyRush+1"],"picked":"wariomod:ThatsNotAll","floor":11},{"not_picked":["wariomod:FabulousPrizes+1","PokerPlayerMod:ChangeRules"],"picked":"wariomod:MassiveParty+1","floor":13},{"not_picked":["wariomod:PoisonBombs","PokerPlayerMod:TheDieIsCast+1"],"picked":"PokerPlayerMod:FakeSymbols","floor":16},{"not_picked":["PokerPlayerMod:DartThrow","wariomod:BodyBlock+1"],"picked":"wariomod:TheGrandJourney+1","floor":18},{"not_picked":["wariomod:VeryLongJump","wariomod:AbandonGame"],"picked":"wariomod:MassiveParty+1","floor":24},{"not_picked":["PokerPlayerMod:Duplicate+1","wariomod:BoomAndDoom+1"],"picked":"wariomod:ShipSmash","floor":27},{"not_picked":["wariomod:SimpleShield+1","wariomod:ChargeForth+1","wariomod:Boomsmack"],"picked":"SKIP","floor":28},{"not_picked":["wariomod:AbandonGame","PokerPlayerMod:ItsShowtime+1"],"picked":"wariomod:SpacialMastery+1","floor":29},{"not_picked":["wariomod:BoomBoom+1","wariomod:NullJump","wariomod:Bombtime+1"],"picked":"SKIP","floor":30},{"not_picked":["wariomod:SimpleShield+1","PokerPlayerMod:ChangeRules"],"picked":"wariomod:TreasureDig+1","floor":31},{"not_picked":["PokerPlayerMod:Duplicate+1","wariomod:BoomAndDoom+1"],"picked":"PokerPlayerMod:ChangeRules","floor":33},{"not_picked":["wariomod:DoubleDash","wariomod:DoubleDip"],"picked":"PokerPlayerMod:GamblerForm","floor":35},{"not_picked":["PokerPlayerMod:ItsShowtime+1","wariomod:BlastDash","wariomod:AwfulLook"],"picked":"SKIP","floor":36},{"not_picked":["PokerPlayerMod:CardBurn+1","wariomod:DanceDash"],"picked":"wariomod:WhirlwindBurst+1","floor":38},{"not_picked":["PokerPlayerMod:StackedDeck","wariomod:EnergizedBombs"],"picked":"wariomod:Enshrine+1","floor":40},{"not_picked":["wariomod:SmackSlam","wariomod:Smackflip+1","PokerPlayerMod:Fold+1"],"picked":"Singing Bowl","floor":41},{"not_picked":["wariomod:FabulousPrizes+1"],"picked":"Singing Bowl","floor":44},{"not_picked":["wariomod:VeryLongJump"],"picked":"Singing Bowl","floor":46},{"not_picked":[],"picked":"wariomod:GodlyGift+1","floor":48}],"player_experience":1112202,"relics_obtained":[{"floor":5,"key":"The Courier"},{"floor":7,"key":"WingedGreaves"},{"floor":9,"key":"Bottled Flame"},{"floor":10,"key":"Toxic Egg 2"},{"floor":13,"key":"Gremlin Horn"},{"floor":24,"key":"Girya"},{"floor":26,"key":"White Beast Statue"},{"floor":27,"key":"wariomod:AngryHat"},{"floor":29,"key":"Torii"},{"floor":34,"key":"Toy Ornithopter"},{"floor":34,"key":"Ornamental Fan"},{"floor":34,"key":"Lizard Tail"},{"floor":40,"key":"sagemod:Singing_Vial"},{"floor":43,"key":"Anchor"},{"floor":44,"key":"Unceasing Top"},{"floor":46,"key":"Regal Pillow"},{"floor":48,"key":"Molten Egg 2"}],"event_choices":[{"damage_healed":0,"gold_gain":0,"player_choice":"Jackpot","damage_taken":0,"max_hp_gain":0,"max_hp_loss":0,"event_name":"PokerPlayerMod:ExordiumClub","floor":2,"gold_loss":0,"cards_obtained":["PokerPlayerMod:Club2","PokerPlayerMod:Club3","PokerPlayerMod:Club4","PokerPlayerMod:Club5","PokerPlayerMod:Club6"]},{"damage_healed":0,"gold_gain":0,"player_choice":"Jackpot","damage_taken":0,"max_hp_gain":0,"max_hp_loss":0,"event_name":"PokerPlayerMod:ExordiumClub","floor":2,"gold_loss":0,"cards_obtained":["PokerPlayerMod:Club2","PokerPlayerMod:Club3","PokerPlayerMod:Club4","PokerPlayerMod:Club5","PokerPlayerMod:Club6"]},{"damage_healed":0,"gold_gain":0,"player_choice":"Jackpot","damage_taken":0,"max_hp_gain":0,"max_hp_loss":0,"event_name":"PokerPlayerMod:ExordiumClub","floor":2,"gold_loss":0,"cards_obtained":["PokerPlayerMod:Club2","PokerPlayerMod:Club3","PokerPlayerMod:Club4","PokerPlayerMod:Club5","PokerPlayerMod:Club6"]},{"damage_healed":0,"gold_gain":0,"player_choice":"Jackpot","damage_taken":0,"max_hp_gain":0,"max_hp_loss":0,"event_name":"PokerPlayerMod:ExordiumClub","floor":2,"gold_loss":0,"cards_obtained":["PokerPlayerMod:Club2","PokerPlayerMod:Club3","PokerPlayerMod:Club4","PokerPlayerMod:Club5","PokerPlayerMod:Club6"]},{"damage_healed":0,"gold_gain":0,"player_choice":"Jackpot","damage_taken":0,"max_hp_gain":0,"max_hp_loss":0,"event_name":"PokerPlayerMod:ExordiumClub","floor":2,"gold_loss":0,"cards_obtained":["PokerPlayerMod:Club2","PokerPlayerMod:Club3","PokerPlayerMod:Club4","PokerPlayerMod:Club5","PokerPlayerMod:Club6"]},{"damage_healed":0,"gold_gain":65,"player_choice":"Gained Gold","damage_taken":0,"max_hp_gain":0,"max_hp_loss":0,"event_name":"Golden Wing","floor":4,"gold_loss":0},{"cards_removed":["PokerPlayerMod:FakeSymbols"],"damage_healed":0,"gold_gain":0,"player_choice":"Offered Rare","damage_taken":0,"max_hp_gain":10,"max_hp_loss":0,"event_name":"Bonfire Elementals","floor":19,"gold_loss":0},{"damage_healed":0,"gold_gain":0,"player_choice":"Bought 0 Potions","damage_taken":0,"max_hp_gain":0,"max_hp_loss":0,"event_name":"The Woman in Blue","floor":21,"gold_loss":0},{"damage_healed":0,"gold_gain":0,"player_choice":"Traded Relic","damage_taken":0,"relics_obtained":["Nloth\u0027s Gift"],"max_hp_gain":0,"max_hp_loss":0,"event_name":"N\u0027loth","floor":22,"relics_lost":["Lee\u0027s Waffle"],"gold_loss":0},{"damage_healed":0,"gold_gain":0,"player_choice":"Paid Gold","damage_taken":0,"relics_obtained":["Gambling Chip"],"max_hp_gain":0,"max_hp_loss":0,"event_name":"WeMeetAgain","floor":39,"gold_loss":56}],"is_beta":false,"boss_relics":[{"not_picked":["Snecko Eye","Runic Dome"],"picked":"Coffee Dripper"},{"not_picked":["sagemod:Falmels_Amulet","Velvet Choker"],"picked":"Calling Bell"}],"items_purged_floors":[49],"is_endless":true,"potions_floor_spawned":[3,7,13,24,27,28,29,30,31,33,35,36,38,40,41,44,46,48],"killed_by":"Awakened One","ascension_level":1}}