{"host":"g1wmg2w41xhsnw8g","time":1608231104,"event":{"mods":["2.2 Compatiblity","Act Like it!","Aspiration","BaseMod","Better Altar","Better Match","Better Note","Better Sensory Stone","Better Skull","Better Third Choice","BetterRewards","Booster Modes","CapriCore","Colored Map","Colored Powertips","Curses Come First","Defuse TimeMaze Blight","Displayed Cursed Tome","Friendly Minions","GifTheSpireLib","Googly Eyes","Hubris","Infinite Spire","Magitek Elite","Minty Spire (QoL Compilation)","Red Circlet Mod","Relic Sorter","SCP261 Mod","Shop Mod","Spicy Shops","StSLib","The Hayseed","The Sage","TheBandit","Transform Curses","????"],"gold_per_floor":[110,110,110,110,128,128,160,177,231,258,273,284,303,368,24,123,123,138,149,199,215,229,36,63,63,89,89,89],"floor_reached":27,"playtime":1524,"items_purged":["TheSimpletonMod:Defend_TheSimpleton","TheSimpletonMod:Defend_TheSimpleton","TheSimpletonMod:Strike_TheSimpleton"],"score":441,"play_id":"e26a5096-2046-4747-b478-6865bef471fd","local_time":"20201217135144","is_ascension_mode":true,"campfire_choices":[{"data":"TheSimpletonMod:RootDown","floor":6,"key":"SMITH"},{"data":"TheSimpletonMod:HitTheSack","floor":25,"key":"SMITH"}],"circlet_count":0,"master_deck":["DevaForm+1","TheSimpletonMod:Strike_TheSimpleton","TheSimpletonMod:Strike_TheSimpleton","TheSimpletonMod:Strike_TheSimpleton","TheSimpletonMod:Defend_TheSimpleton","TheSimpletonMod:Defend_TheSimpleton","TheSimpletonMod:Haymaker","TheSimpletonMod:Chilis","TheSimpletonMod:ReekAndSow","TheSimpletonMod:RootDown+1","TheSimpletonMod:Fertilaser","TheSimpletonMod:Polyculture","TheSimpletonMod:HitTheSack+1","Pain","TheSimpletonMod:VineRipen+1"],"relics":["TheSimpletonMod:SpudOfTheInnocent","TheSimpletonMod:NightSoil","TheSimpletonMod:TheHarvester","MerchantsRug","infinitespire:Lychee Nut","Boot","FossilizedHelix","Torii","sagemod:Red_Beast_Statue","sagemod:Singing_Vial","Incense Burner","TungstenRod","TheSimpletonMod:HotPotato","OrangePellets","TheSimpletonMod:SpudOfTheMartyr","StoneCalendar","Singing Bowl","hubris:FunFungus","Ice Cream","SsserpentHead","Lantern","hubris:SlimyHat","infinitespire:FocusingShard","Toxic Egg 2","WarpedTongs","Potion Belt","infinitespire:PuzzleCube","Pen Nib","aspiration:Lifesprig"],"acts_visited":["Exordium","TheCity"],"potions_floor_usage":[13,21],"damage_taken":[{"damage":0,"enemies":"Small Slimes","floor":1,"turns":4},{"damage":0,"enemies":"2 Louse","floor":5,"turns":2},{"damage":24,"enemies":"3 Sentries","floor":7,"turns":6},{"damage":0,"enemies":"Cultist","floor":8,"turns":2},{"damage":0,"enemies":"Gremlin Nob","floor":10,"turns":3},{"damage":0,"enemies":"3 Louse","floor":11,"turns":2},{"damage":11,"enemies":"Blue Slaver","floor":12,"turns":3},{"damage":0,"enemies":"2 Fungi Beasts","floor":13,"turns":1},{"damage":0,"enemies":"Lots of Slimes","floor":14,"turns":3},{"damage":29,"enemies":"Hexaghost","floor":16,"turns":6},{"damage":27,"enemies":"2 Thieves","floor":18,"turns":3},{"damage":0,"enemies":"Spheric Guardian","floor":19,"turns":3},{"damage":7,"enemies":"Snecko","floor":21,"turns":4},{"damage":0,"enemies":"Chosen and Byrds","floor":22,"turns":4},{"damage":44,"enemies":"Book of Stabbing","floor":24,"turns":5},{"damage":56,"enemies":"Nightmare","floor":27,"turns":5}],"seed_played":"-5875007972070321437","potions_obtained":[{"floor":0,"key":"PowerPotion"},{"floor":0,"key":"infinitespire:BlackPotion"},{"floor":0,"key":"infinitespire:BlackPotion"},{"floor":0,"key":"SpeedPotion"},{"floor":0,"key":"SCP261:BlastolaColaPotion"},{"floor":7,"key":"Fire Potion"},{"floor":11,"key":"infinitespire:BlackPotion"},{"floor":12,"key":"TheSimpletonMod:AbundancePotion"},{"floor":14,"key":"SCP261:DietGhostPotion"},{"floor":16,"key":"FairyPotion"},{"floor":19,"key":"EssenceOfSteel"}],"is_trial":false,"path_per_floor":["M","?","?","$","M","R","E","M","T","E","M","M","M","M","R","B",null,"M","M","?","M","M","R","E","R","T","NM"],"character_chosen":"THE_SIMPLETON","items_purchased":["MerchantsRug","infinitespire:Lychee Nut","Cauldron","Boot","FossilizedHelix","Lee\u0027s Waffle","sagemod:Red_Beast_Statue","sagemod:Singing_Vial","Incense Burner","TheSimpletonMod:Onions","TheSimpletonMod:HotPotato","OrangePellets","TheSimpletonMod:SpudOfTheMartyr","Shuriken","TheSimpletonMod:Chilis","Singing Bowl","hubris:FunFungus","Ice Cream","infinitespire:FocusingShard","Toxic Egg 2","Potion Belt","infinitespire:PuzzleCube"],"campfire_rested":0,"item_purchase_floors":[0,0,0,0,0,0,0,0,0,0,0,0,0,0,0,0,0,0,15,15,23,23],"current_hp_per_floor":[65,58,58,58,65,65,46,53,53,64,71,62,62,69,69,49,75,58,69,69,73,81,81,44,44,44,0,0],"gold":89,"neow_bonus":"","is_daily":false,"chose_seed":false,"campfire_upgraded":2,"win_rate":0.0,"timestamp":1608231104,"path_taken":["M","?","?","$","M","R","E","M","T","E","M","M","M","?","R","BOSS","M","M","?","M","M","R","E","R","T","NM"],"items_purchased_type":["Relic","Relic","Relic","Relic","Relic","Relic","Relic","Relic","Relic","Card","Relic","Relic","Relic","Relic","Card","Relic","Relic","Relic","Relic","Relic","Relic","Relic"],"build_version":"2020-12-13","purchased_purges":3,"victory":false,"max_hp_per_floor":[65,65,65,65,65,65,67,67,67,69,71,73,73,75,75,75,75,77,79,79,79,81,81,83,83,83,83,83],"card_choices":[{"not_picked":["TheSimpletonMod:Rake","TheSimpletonMod:SlashAndBurn","TheSimpletonMod:Mulch"],"picked":"Singing Bowl","floor":1},{"not_picked":["TheSimpletonMod:OnionBloom","TheSimpletonMod:Ferment"],"picked":"TheSimpletonMod:RootDown","floor":5},{"not_picked":["TheSimpletonMod:FanTheFlames","TheSimpletonMod:Rototilling","TheSimpletonMod:DoubleBarrel"],"picked":"Singing Bowl","floor":7},{"not_picked":["TheSimpletonMod:CropRotation","TheSimpletonMod:ToughenUp"],"picked":"TheSimpletonMod:Fertilaser","floor":8},{"not_picked":["TheSimpletonMod:Turnips","TheSimpletonMod:Rake","TheSimpletonMod:Ferment"],"picked":"Singing Bowl","floor":10},{"not_picked":["TheSimpletonMod:Pruning","TheSimpletonMod:Thresh","TheSimpletonMod:ResistantStrain"],"picked":"Singing Bowl","floor":11},{"not_picked":["TheSimpletonMod:Swelter","TheSimpletonMod:Fertilaser","TheSimpletonMod:SpiceUp"],"picked":"Singing Bowl","floor":12},{"not_picked":["TheSimpletonMod:CloseScrape","TheSimpletonMod:SaladShooter"],"picked":"TheSimpletonMod:Polyculture","floor":13},{"not_picked":["TheSimpletonMod:KeenEdge","TheSimpletonMod:Onions","TheSimpletonMod:BumperCrop"],"picked":"Singing Bowl","floor":14},{"not_picked":["TheSimpletonMod:FanTheFlames+1","TheSimpletonMod:ResearchGrant+1"],"picked":"TheSimpletonMod:HitTheSack","floor":16},{"not_picked":["TheSimpletonMod:Aerate+1","TheSimpletonMod:Ferment+1","TheSimpletonMod:ToughenUp+1"],"picked":"Singing Bowl","floor":18},{"not_picked":["TheSimpletonMod:SpiceUp+1","TheSimpletonMod:DoubleBarrel","TheSimpletonMod:StockTheCellar+1"],"picked":"Singing Bowl","floor":19},{"not_picked":["TheSimpletonMod:SpiceUp+1","TheSimpletonMod:PestManagement"],"picked":"TheSimpletonMod:VineRipen+1","floor":21},{"not_picked":["TheSimpletonMod:Ferment+1","TheSimpletonMod:VineRipen+1","TheSimpletonMod:CullingStrike"],"picked":"Singing Bowl","floor":22},{"not_picked":["TheSimpletonMod:CropDiversity+1","TheSimpletonMod:SpiceUp+1","TheSimpletonMod:SlashAndBurn"],"picked":"Singing Bowl","floor":24}],"player_experience":1337791,"relics_obtained":[{"floor":7,"key":"Lantern"},{"floor":10,"key":"hubris:SlimyHat"},{"floor":24,"key":"Pen Nib"},{"floor":26,"key":"aspiration:Lifesprig"}],"event_choices":[{"damage_healed":0,"gold_gain":0,"player_choice":"Trade","damage_taken":0,"relics_obtained":["SsserpentHead"],"max_hp_gain":0,"max_hp_loss":0,"event_name":"FaceTrader","floor":3,"gold_loss":0},{"damage_healed":0,"gold_gain":0,"player_choice":"Rummage","damage_taken":0,"relics_obtained":["WarpedTongs"],"max_hp_gain":0,"max_hp_loss":0,"event_name":"Accursed Blacksmith","floor":20,"gold_loss":0,"cards_obtained":["Pain"]}],"is_beta":false,"boss_relics":[{"not_picked":["hubris:BlackHole","aspiration:RitualDagger","aspiration:FutureDiary"]}],"items_purged_floors":[0,0,0],"is_endless":false,"potions_floor_spawned":[7,11,12,14,16,19],"killed_by":"Nightmare","ascension_level":1}}