{"host":"j61pjxqytd94o6ng","time":1608234066,"event":{"mods":["BaseMod","Colored Map","Colored Powertips","Downfall","Minty Spire (QoL Compilation)","StSLib"],"gold_per_floor":[99,17,17,29,49,49,49,87,116,116,300,366,393,393,418,418,418],"floor_reached":16,"playtime":896,"items_purged":[],"score":100,"play_id":"ca6635f9-edc3-4f96-9dfc-55be04103e1a","local_time":"20201217124106","is_ascension_mode":false,"campfire_choices":[{"data":"Slimebound:Split","floor":1,"key":"SMITH"},{"data":"Slimebound:LevelUp","floor":6,"key":"SMITH"},{"data":"Slimebound:SamplingLick","floor":10,"key":"SMITH"}],"circlet_count":0,"master_deck":["Slimebound:Strike_Slimebound","Slimebound:Tackle","Slimebound:Defend_Slimebound","Slimebound:Defend_Slimebound","Slimebound:Defend_Slimebound","Slimebound:Defend_Slimebound","Slimebound:Split+1","Slimebound:CorrosiveSpit","Slimebound:LevelUp+1","Slimebound:SplitMire","Slimebound:ComboTackle","Slimebound:SplitLeeching","Slimebound:SpikyOuterGoop","Slimebound:SamplingLick+1","Slimebound:SamplingLick","Doubt","Slimebound:LeechEnergy","Slimebound:SlimeBrawl","Slimebound:MassRepurpose"],"relics":["Slimebound:AbsorbEndCombat","Question Card","CeramicFish","Turnip"],"acts_visited":["Exordium"],"potions_floor_usage":[15],"damage_taken":[{"damage":16,"enemies":"downfall:FleeingMerchant","floor":2,"turns":4},{"damage":15,"enemies":"2 Louse","floor":4,"turns":2},{"damage":15,"enemies":"Small Slimes","floor":5,"turns":3},{"damage":48,"enemies":"Gremlin Nob","floor":8,"turns":4},{"damage":9,"enemies":"Cultist","floor":9,"turns":4},{"damage":26,"enemies":"3 Sentries","floor":12,"turns":6},{"damage":37,"enemies":"Exordium Wildlife","floor":13,"turns":5},{"damage":16,"enemies":"Gremlin Gang","floor":15,"turns":4},{"damage":26,"enemies":"downfall:Silent","floor":16,"turns":2}],"seed_played":"-4004876787515718735","potions_obtained":[{"floor":5,"key":"Guardian:BlockOnCardUsePotion"},{"floor":9,"key":"Strength Potion"},{"floor":12,"key":"Fruit Juice"},{"floor":15,"key":"GamblersBrew"}],"is_trial":false,"path_per_floor":["R","$","?","M","M","R","T","E","M","R","?","?","M","?","M","B"],"character_chosen":"SLIMEBOUND","items_purchased":["Slimebound:SplitMire","Slimebound:ComboTackle"],"campfire_rested":0,"item_purchase_floors":[2,2],"current_hp_per_floor":[66,62,62,61,62,62,62,32,35,35,35,33,18,18,21,0,0],"gold":418,"neow_bonus":"TEN_PERCENT_HP_BONUS","is_daily":false,"chose_seed":false,"campfire_upgraded":3,"win_rate":0.0,"timestamp":1608234066,"path_taken":["R","$","?","M","M","R","T","E","M","R","?","?","M","?","M","BOSS"],"items_purchased_type":["Card","Card"],"build_version":"2020-12-13","purchased_purges":0,"victory":false,"max_hp_per_floor":[66,66,66,66,66,66,66,66,66,66,66,66,66,66,71,71,71],"card_choices":[{"not_picked":["Slimebound:PressTheAttack","Slimebound:SlimeBrawl"],"picked":"Slimebound:LevelUp","floor":2},{"not_picked":["Slimebound:GoopTackle","Slimebound:FlameTackle"],"picked":"Slimebound:SplitLeeching","floor":4},{"not_picked":["Slimebound:DisruptingSlam","Slimebound:RainOfGoop"],"picked":"Slimebound:SpikyOuterGoop","floor":5},{"not_picked":["Slimebound:FinishingTackle","Slimebound:ViciousTackle","Slimebound:LeechingTouch"],"picked":"Slimebound:SamplingLick","floor":8},{"not_picked":["Slimebound:SplitBruiser","Slimebound:GoopSpray","Slimebound:GrowthPunch"],"picked":"Slimebound:SamplingLick","floor":9},{"not_picked":["Slimebound:RollThrough","Slimebound:FormOfPuddle","Slimebound:SplitMire"],"picked":"Slimebound:LeechEnergy","floor":12},{"not_picked":["Slimebound:HauntingLick","Slimebound:FlameTackle","Slimebound:SlimeSpikes"],"picked":"Slimebound:SlimeBrawl","floor":13},{"not_picked":["Slimebound:SplitMire","Slimebound:LivingWall","Slimebound:RainOfGoop"],"picked":"Slimebound:MassRepurpose","floor":15}],"player_experience":461772,"relics_obtained":[{"floor":7,"key":"Question Card"},{"floor":8,"key":"CeramicFish"}],"event_choices":[{"cards_removed":["Slimebound:Strike_Slimebound"],"damage_healed":0,"gold_gain":0,"player_choice":"Purged","damage_taken":0,"max_hp_gain":0,"max_hp_loss":0,"event_name":"Purifier","floor":14,"gold_loss":0}],"is_beta":false,"boss_relics":[],"items_purged_floors":[],"is_endless":false,"potions_floor_spawned":[5,9,12,15],"killed_by":"downfall:Silent","ascension_level":0}}