{"host":"m1ntkrf87179kmo6","time":1608248009,"event":{"mods":["BaseMod","Better Third Choice","Minty Spire (QoL Compilation)","Shade Mod","StSLib"],"gold_per_floor":[118,118,135,98,98,98,109,284,309,320,320,320,98,114,114,209,209,228,30,50,61,78,113,113,113,168,187,187,198,198,216,216,316,316,330,330,39,55,69,69,69,69,69,69,119,129,129,147,147,147,147,147,75,109,109,109],"floor_reached":55,"playtime":6253,"items_purged":["Doubt"],"score":629,"play_id":"71f99ba8-1b1a-4828-b3c1-f00bc9f1090c","local_time":"20201217183329","is_ascension_mode":false,"campfire_choices":[{"floor":6.0,"key":"REST"},{"data":"Shade:Putrefaction","floor":11.0,"key":"SMITH"},{"data":"Shade:AnimateDead","floor":15.0,"key":"SMITH"},{"floor":24.0,"key":"REST"},{"floor":28.0,"key":"RECALL"},{"data":"Shade:Carnophage","floor":30.0,"key":"SMITH"},{"floor":32.0,"key":"REST"},{"floor":40,"key":"REST"},{"data":"Shade:Brains","floor":42,"key":"SMITH"},{"data":"Shade:Brains","floor":47,"key":"SMITH"},{"data":"Shade:Defend_Shade","floor":49,"key":"SMITH"},{"data":"Shade:WallOfFlesh","floor":52,"key":"SMITH"}],"circlet_count":0,"master_deck":["Shade:Strike_Shade","Shade:Strike_Shade","Shade:Strike_Shade","Shade:Defend_Shade+1","Shade:Defend_Shade+1","Shade:Defend_Shade","Shade:Defend_Shade+1","Shade:AnimateDead+1","Shade:CarefulCut","Shade:Putrefaction+1","Shade:WallOfFlesh+1","Shade:Carnophage+1","Shade:FuneraryArmor","Shade:GreyBargain","Shade:Brains+1","Shade:Brains+1","Shade:Brains+1","Shade:Bite_Shade","Shade:GreyBargain+1"],"relics":["Shade:YorickPolishedSkull","betterThird:SlimedRelic","Regal Pillow","Gremlin Horn","ClockworkSouvenir","TheAbacus","Mango","Ginger","Du-Vu Doll","Incense Burner","Orichalcum"],"acts_visited":["Exordium","TheCity","TheBeyond","TheEnding"],"potions_floor_usage":[50,54,54,55],"damage_taken":[{"damage":1.0,"enemies":"Small Slimes","floor":1.0,"turns":4.0},{"damage":3.0,"enemies":"Jaw Worm","floor":3.0,"turns":4.0},{"damage":1.0,"enemies":"Cultist","floor":7.0,"turns":4.0},{"damage":2.0,"enemies":"Large Slime","floor":10.0,"turns":7.0},{"damage":0.0,"enemies":"Blue Slaver","floor":14.0,"turns":5.0},{"damage":1.0,"enemies":"Hexaghost","floor":16.0,"turns":11.0},{"damage":0.0,"enemies":"Spheric Guardian","floor":18.0,"turns":7.0},{"damage":0.0,"enemies":"Shell Parasite","floor":20.0,"turns":9.0},{"damage":9.0,"enemies":"Cultist and Chosen","floor":21.0,"turns":8.0},{"damage":0.0,"enemies":"Centurion and Healer","floor":22.0,"turns":8.0},{"damage":33.0,"enemies":"Gremlin Leader","floor":23.0,"turns":9.0},{"damage":13.0,"enemies":"Snake Plant","floor":27.0,"turns":6.0},{"damage":0.0,"enemies":"Cultist and Chosen","floor":29.0,"turns":7.0},{"damage":7.0,"enemies":"Chosen and Byrds","floor":31.0,"turns":8.0},{"damage":49.0,"enemies":"Champ","floor":33.0,"turns":19.0},{"damage":4.0,"enemies":"Orb Walker","floor":35.0,"turns":5.0},{"damage":13.0,"enemies":"3 Darklings","floor":38.0,"turns":5.0},{"damage":1,"enemies":"Writhing Mass","floor":39,"turns":7},{"damage":3,"enemies":"Mind Bloom Boss Battle","floor":45,"turns":9},{"damage":0,"enemies":"Maw","floor":46,"turns":8},{"damage":0,"enemies":"Spire Growth","floor":48,"turns":7},{"damage":20,"enemies":"Awakened One","floor":50,"turns":19},{"damage":45,"enemies":"Shield and Spear","floor":54,"turns":8},{"damage":41,"enemies":"The Heart","floor":55,"turns":11}],"seed_played":"3582489270302855421","potions_obtained":[{"floor":7.0,"key":"PowerPotion"},{"floor":21.0,"key":"SpeedPotion"},{"floor":23.0,"key":"DistilledChaos"},{"floor":27.0,"key":"ColorlessPotion"},{"floor":33.0,"key":"CultistPotion"},{"floor":38.0,"key":"Ancient Potion"},{"floor":45,"key":"Fire Potion"}],"is_trial":false,"path_per_floor":["M","?","M","?","?","R","M","?","T","M","R","T","$","M","R","B",null,"M","$","M","M","M","E","R","$","T","M","R","M","R","M","R","B",null,"M","?","$","M","M","R","?","R","T","$","?","M","R","M","R","B",null,"R","$","E","B"],"character_chosen":"SHADE","items_purchased":["ClockworkSouvenir","TheAbacus","Shade:GreyBargain","Ginger","DistilledChaos"],"campfire_rested":4,"item_purchase_floors":[13,19,19,37,53],"current_hp_per_floor":[64,51,48,37,37,56,55,55,55,53,53,53,53,53,53,52,65,65,65,65,56,56,37,75,75,75,62,62,62,62,55,79,30,79,75,75,75,62,61,79,79,79,79,79,79,79,79,79,79,63,79,79,79,36,0,0],"gold":109,"neow_bonus":"ONE_RANDOM_RARE_CARD","is_daily":false,"chose_seed":false,"campfire_upgraded":7,"win_rate":0.0,"timestamp":1608248009,"path_taken":["M","?","M","?","?","R","?","?","T","M","R","?","$","M","R","BOSS","M","$","M","M","?","E","R","$","T","M","R","M","R","M","R","BOSS","M","?","$","?","M","R","?","R","T","$","?","M","R","M","R","BOSS","R","$","E","BOSS"],"items_purchased_type":["Relic","Relic","Card","Relic","Potion"],"build_version":"2020-12-13","purchased_purges":1,"victory":false,"max_hp_per_floor":[65,65,65,65,65,65,65,65,65,65,65,65,65,65,65,65,65,65,65,65,65,65,79,79,79,79,79,79,79,79,79,79,79,79,79,79,79,79,79,79,79,79,79,79,79,79,79,79,79,79,79,79,79,79,79,79],"card_choices":[{"not_picked":["Shade:Frenzy","Shade:ExtraLimbs"],"picked":"Shade:WallOfFlesh","floor":1.0},{"not_picked":["Shade:Awaken","Shade:ExtraLimbs"],"picked":"Shade:Carnophage","floor":3.0},{"not_picked":["Shade:CommandSoldier","Shade:RitualOffering"],"picked":"Shade:FuneraryArmor","floor":7.0},{"not_picked":["Shade:AncientSpear","Shade:CommandSoldier","Shade:RitualOffering"],"picked":"SKIP","floor":10.0},{"not_picked":["Shade:SpontaneousRitual","Shade:Coordination","Shade:FreshBones"],"picked":"SKIP","floor":14.0},{"not_picked":["Shade:Awaken","Shade:FreshBones+1","Shade:BoneShards"],"picked":"SKIP","floor":18.0},{"not_picked":["Shade:GoDigging+1","Shade:FuneraryArmor","Shade:SkeletonArmy"],"picked":"SKIP","floor":20.0},{"not_picked":["Shade:SkeletonArmy","Shade:Carnophage","Shade:FeralStrike"],"picked":"SKIP","floor":21.0},{"not_picked":["Shade:PotionOfRestlessness","Shade:Frenzy"],"picked":"Shade:Brains","floor":22.0},{"not_picked":["Shade:GoDigging","Shade:CommandSoldier","Shade:SkeletonHug"],"picked":"SKIP","floor":23.0},{"not_picked":["Shade:CoffinDance","Shade:ScuttlingHand","Shade:SoulToxin"],"picked":"SKIP","floor":27.0},{"not_picked":["Shade:FeralStrike","Shade:FreshBones"],"picked":"Shade:Brains","floor":29.0},{"not_picked":["Shade:DangerousRitual","Shade:Coordination"],"picked":"Shade:Brains","floor":31.0},{"not_picked":["Shade:SpectralStrikes","Shade:PressTheAttack","Shade:CommandSoldier"],"picked":"SKIP","floor":35.0},{"not_picked":["Shade:LyeBath","Shade:SanguineRitual"],"picked":"Shade:Bite_Shade","floor":38.0},{"not_picked":["Shade:LyeBath","Shade:Bonestorm+1","Shade:StitchTogether+1"],"picked":"SKIP","floor":39},{"not_picked":["Shade:AncientSpear","Shade:SkeletonHug"],"picked":"Shade:GreyBargain+1","floor":46},{"not_picked":["Shade:FingerOfDeath","Shade:GraveStillness+1","Shade:SpontaneousRitual"],"picked":"SKIP","floor":48},{"not_picked":["Shade:Tombstone","Shade:FreshBones","Shade:CallWraith"],"picked":"SKIP","floor":54}],"player_experience":1032955,"relics_obtained":[{"floor":9.0,"key":"Regal Pillow"},{"floor":12.0,"key":"Gremlin Horn"},{"floor":23.0,"key":"Mango"},{"floor":43,"key":"Du-Vu Doll"},{"floor":45,"key":"Incense Burner"},{"floor":54,"key":"Orichalcum"}],"event_choices":[{"damage_healed":64.0,"max_hp_gain":0.0,"max_hp_loss":65.0,"gold_gain":0.0,"event_name":"betterThird:BetterShining","player_choice":"Upgrade","floor":2.0,"gold_loss":0.0,"damage_taken":13.0,"cards_upgraded":["Shade:Defend_Shade","Shade:Defend_Shade"]},{"damage_healed":0.0,"max_hp_gain":0.0,"max_hp_loss":0.0,"gold_gain":0.0,"event_name":"betterThird:BetterGoop","player_choice":"Slimed","floor":4.0,"gold_loss":37.0,"damage_taken":11.0},{"damage_healed":0.0,"max_hp_gain":0.0,"max_hp_loss":0.0,"gold_gain":0.0,"event_name":"NoteForYourself","player_choice":"Ignored","floor":5.0,"gold_loss":0.0,"damage_taken":0.0},{"damage_healed":0.0,"max_hp_gain":0.0,"max_hp_loss":0.0,"gold_gain":175.0,"event_name":"betterThird:BetterSerpent","player_choice":"AGREE","floor":8.0,"gold_loss":0.0,"damage_taken":109.0},{"damage_healed":0.0,"max_hp_gain":0.0,"max_hp_loss":0.0,"gold_gain":0.0,"event_name":"Upgrade Shrine","player_choice":"Upgraded","floor":36.0,"gold_loss":0.0,"damage_taken":0.0,"cards_upgraded":["Shade:Brains"]},{"cards_removed":["Shade:Strike_Shade"],"damage_healed":0,"gold_gain":0,"player_choice":"Removed Attack","damage_taken":0,"max_hp_gain":0,"max_hp_loss":0,"event_name":"Falling","floor":41,"gold_loss":0},{"damage_healed":0,"gold_gain":0,"player_choice":"Fight","damage_taken":0,"max_hp_gain":0,"max_hp_loss":0,"event_name":"MindBloom","floor":45,"gold_loss":0}],"is_beta":false,"boss_relics":[{"not_picked":["Busted Crown","Runic Dome","Fusion Hammer"]},{"not_picked":["Runic Pyramid","Sozu"],"picked":"Shade:YorickPolishedSkull"}],"items_purged_floors":[13],"is_endless":false,"potions_floor_spawned":[7,21,23,27,33,38,45],"killed_by":"The Heart","ascension_level":0}}