{"host":"684z1xpuwaoqmmh1","time":1608240160,"event":{"mods":["Bard","BaseMod","Downfall","Hermit","Jorbs\u0027s Wanderer Trilogy","Marisa????????","Minty Spire (QoL Compilation)","StSLib","The Hierophant","The Mystic","The Runesmith"],"gold_per_floor":[112,14,14,14,89,89,122,135,135,35,35,67,82,98,98,210,210,228,103,124,223,42,42,80,80,80,80,114,228,253,270,270,372,372,394,412,412,434,455,455,494,494,519,519,576,614,625,646,646,653,653,653,39,39,39],"floor_reached":54,"playtime":2370,"items_purged":["hermit:Strike_Hermit","hermit:Defend_Hermit","hermit:Strike_Hermit","hermit:Strike_Hermit"],"score":1088,"play_id":"f5452cd6-92d3-413c-95c1-2e7d33cdf4ec","local_time":"20201217232240","is_ascension_mode":true,"campfire_choices":[{"data":"hermit:Ricochet","floor":6,"key":"SMITH"},{"data":"hermit:BigShot","floor":11,"key":"SMITH"},{"data":"hermit:Scavenge","floor":15,"key":"SMITH"},{"data":"hermit:ShadowCloak","floor":23,"key":"SMITH"},{"data":"hermit:Dive","floor":25,"key":"SMITH"},{"data":"hermit:OverwhelmingPower","floor":32,"key":"SMITH"},{"floor":40,"key":"REST"},{"floor":42,"key":"RECALL"},{"data":"hermit:Roughhouse","floor":44,"key":"SMITH"},{"data":"hermit:Covet","floor":49,"key":"SMITH"},{"data":"hermit:Headshot","floor":52,"key":"SMITH"}],"circlet_count":0,"master_deck":["hermit:Strike_Hermit","hermit:Defend_Hermit","hermit:Defend_Hermit","hermit:Defend_Hermit","hermit:Snapshot+1","hermit:Covet+1","hermit:Ricochet+1","Regret","hermit:ItchyTrigger","hermit:BigShot+1","hermit:Scavenge+1","hermit:Headshot+1","hermit:RoundhouseKick","CurseOfTheBell","hermit:Dive+1","hermit:ShadowCloak+1","hermit:Vantage+1","hermit:OverwhelmingPower+1","hermit:CursedWeapon","hermit:Misfire","hermit:Roughhouse+1","hermit:Manifest+1","hermit:Deadeye+1","Writhe","hermit:BodyArmor+1","hermit:EyeOfTheStorm+1","hermit:CalledShot+1","hermit:ShadowCloak+1"],"relics":["hermit:Momento","NeowsBlessing","hermit:Horseshoe","Ice Cream","Runesmith:Nanobots","CaptainsWheel","Calling Bell","Art of War","Matryoshka","hermit:RedScarf","hexamod:BolsterEngine","Meat on the Bone","PreservedInsect","White Beast Statue","Bottled Tornado","Pocketwatch","Sundial","SacredBark","Boot","Smiling Mask","Ginger","Omamori","Kunai","Turnip"],"acts_visited":["Exordium","TheCity","TheBeyond","TheEnding"],"potions_floor_usage":[20,28,29,29,31,33,33,38,39,41,46,50],"damage_taken":[{"damage":0,"enemies":"Cultist","floor":1,"turns":1},{"damage":0,"enemies":"Gremlin Nob","floor":7,"turns":1},{"damage":0,"enemies":"2 Louse","floor":8,"turns":2},{"damage":25,"enemies":"Lagavulin","floor":12,"turns":4},{"damage":0,"enemies":"Small Slimes","floor":13,"turns":3},{"damage":2,"enemies":"3 Louse","floor":14,"turns":3},{"damage":0,"enemies":"Slime Boss","floor":16,"turns":7},{"damage":0,"enemies":"Spheric Guardian","floor":18,"turns":3},{"damage":5,"enemies":"Chosen","floor":20,"turns":3},{"damage":11,"enemies":"Gremlin Leader","floor":24,"turns":5},{"damage":5,"enemies":"Slavers","floor":28,"turns":4},{"damage":4,"enemies":"Colosseum Slavers","floor":29,"turns":4},{"damage":0,"enemies":"Colosseum Nobs","floor":29,"turns":4},{"damage":5,"enemies":"3 Cultists","floor":30,"turns":4},{"damage":12,"enemies":"Shelled Parasite and Fungi","floor":31,"turns":5},{"damage":28,"enemies":"Automaton","floor":33,"turns":11},{"damage":0,"enemies":"3 Shapes","floor":35,"turns":4},{"damage":4,"enemies":"Orb Walker","floor":36,"turns":4},{"damage":43,"enemies":"Transient","floor":38,"turns":5},{"damage":37,"enemies":"Writhing Mass","floor":39,"turns":6},{"damage":11,"enemies":"Giant Head","floor":41,"turns":7},{"damage":0,"enemies":"Mind Bloom Boss Battle","floor":45,"turns":5},{"damage":6,"enemies":"Nemesis","floor":46,"turns":5},{"damage":4,"enemies":"Spire Growth","floor":47,"turns":4},{"damage":4,"enemies":"3 Darklings","floor":48,"turns":3},{"damage":25,"enemies":"Donu and Deca","floor":50,"turns":13},{"damage":76,"enemies":"Shield and Spear","floor":54,"turns":5}],"seed_played":"7734536892764574758","potions_obtained":[{"floor":7,"key":"Fruit Juice"},{"floor":14,"key":"Ancient Potion"},{"floor":16,"key":"PowerPotion"},{"floor":20,"key":"Dexterity Potion"},{"floor":24,"key":"DuplicationPotion"},{"floor":28,"key":"PowerPotion"},{"floor":29,"key":"SkillPotion"},{"floor":30,"key":"sneckomod:MuddlingPotion"},{"floor":31,"key":"LiquidMemories"},{"floor":33,"key":"Strength Potion"},{"floor":36,"key":"SkillPotion"},{"floor":38,"key":"Slimebound:ThreeZeroPotion"},{"floor":39,"key":"BlessingOfTheForge"},{"floor":41,"key":"ColorlessPotion"},{"floor":46,"key":"FearPotion"},{"floor":47,"key":"PowerPotion"},{"floor":48,"key":"Guardian:BlockOnCardUsePotion"}],"is_trial":false,"path_per_floor":["M","$","?","?","?","R","E","M","T","$","R","E","M","M","R","B",null,"M","$","M","?","$","R","E","R","T","?","E","?","M","M","R","B",null,"M","M","?","M","M","R","E","R","T","R","?","E","M","M","R","B",null,"R","$","E"],"character_chosen":"HERMIT","items_purchased":["hermit:Ricochet","hexamod:BolsterEngine","hermit:ShadowCloak","Kunai","Turnip"],"campfire_rested":1,"item_purchase_floors":[2,22,22,53,53],"current_hp_per_floor":[68,68,68,68,61,61,61,61,61,61,61,36,36,34,34,34,65,65,65,65,65,65,65,54,54,54,54,49,45,52,52,52,36,69,69,65,80,49,24,48,49,49,49,49,49,43,51,47,47,34,69,69,69,0,0],"gold":39,"neow_bonus":"THREE_ENEMY_KILL","is_daily":false,"chose_seed":false,"campfire_upgraded":9,"win_rate":0.0,"timestamp":1608240160,"path_taken":["M","$","?","?","?","R","E","M","T","$","R","E","M","M","R","BOSS","M","$","?","?","$","R","E","R","T","?","E","?","M","M","R","BOSS","M","M","?","M","M","R","E","R","T","R","?","E","M","M","R","BOSS","R","$","E"],"items_purchased_type":["Card","Relic","Card","Relic","Relic"],"build_version":"2020-12-13","purchased_purges":4,"victory":false,"max_hp_per_floor":[75,75,75,75,75,75,75,75,75,75,75,75,75,75,75,75,75,75,75,80,80,80,80,80,80,80,80,80,80,80,80,80,80,80,80,80,80,80,80,80,80,80,80,80,80,80,80,80,80,80,80,80,80,80,80],"card_choices":[{"not_picked":["hermit:Vantage","hermit:Feint","hermit:Roulette"],"picked":"SKIP","floor":1},{"not_picked":["hermit:LowProfile","hermit:LoneWolf"],"picked":"hermit:ItchyTrigger","floor":7},{"not_picked":["hermit:Midnight","hermit:Headshot"],"picked":"hermit:BigShot","floor":8},{"not_picked":["hermit:GhostlyPresence","hermit:Determination"],"picked":"hermit:Scavenge","floor":12},{"not_picked":["hermit:FullyLoaded","hermit:Shortfuse","hermit:Glare"],"picked":"SKIP","floor":13},{"not_picked":["hermit:Coalescence","hermit:Roulette"],"picked":"hermit:Headshot","floor":14},{"not_picked":["hermit:EternalForm","hermit:Gambit"],"picked":"hermit:RoundhouseKick","floor":16},{"not_picked":["hermit:Manifest","hermit:GoldenBullet+1"],"picked":"hermit:Dive","floor":18},{"not_picked":["hermit:Quickdraw","hermit:Glare","hermit:Roulette+1"],"picked":"SKIP","floor":20},{"not_picked":["hermit:Snipe","hermit:Dive"],"picked":"hermit:Vantage+1","floor":24},{"not_picked":["hermit:Snipe","hermit:Malice","hermit:Roulette+1"],"picked":"SKIP","floor":28},{"not_picked":["hermit:Ricochet","hermit:Glare"],"picked":"hermit:OverwhelmingPower","floor":29},{"not_picked":["hermit:Showdown","hermit:HighCaliber"],"picked":"hermit:CursedWeapon","floor":30},{"not_picked":["hermit:Maintenance+1","hermit:Misfire","hermit:PistolWhip+1"],"picked":"SKIP","floor":31},{"not_picked":["hermit:Maintenance+1","hermit:PistolWhip+1"],"picked":"hermit:Misfire","floor":31},{"not_picked":["hermit:FromBeyond","hermit:HeroicBravado"],"picked":"hermit:Roughhouse","floor":33},{"not_picked":["hermit:Misfire+1","hermit:ItchyTrigger"],"picked":"hermit:Manifest+1","floor":35},{"not_picked":["hermit:Maintenance","hermit:Combo+1"],"picked":"hermit:Deadeye+1","floor":36},{"not_picked":["hermit:Showdown+1","hermit:Feint"],"picked":"hermit:BodyArmor+1","floor":38},{"not_picked":["hermit:Manifest+1","hermit:Misfire","hermit:HighCaliber"],"picked":"SKIP","floor":39},{"not_picked":["hermit:Headshot","hermit:TakeCover+1"],"picked":"hermit:EyeOfTheStorm+1","floor":41},{"not_picked":["hermit:Glare","hermit:Headshot+1","hermit:Maintenance+1"],"picked":"SKIP","floor":46},{"not_picked":["hermit:Horror","hermit:Roughhouse"],"picked":"hermit:CalledShot+1","floor":47},{"not_picked":["hermit:Misfire+1","hermit:TakeCover+1"],"picked":"hermit:ShadowCloak+1","floor":48}],"player_experience":2361700,"relics_obtained":[{"floor":7,"key":"Ice Cream"},{"floor":9,"key":"Runesmith:Nanobots"},{"floor":12,"key":"CaptainsWheel"},{"floor":17,"key":"Art of War"},{"floor":17,"key":"Matryoshka"},{"floor":17,"key":"hermit:RedScarf"},{"floor":24,"key":"Meat on the Bone"},{"floor":26,"key":"PreservedInsect"},{"floor":26,"key":"White Beast Statue"},{"floor":28,"key":"Bottled Tornado"},{"floor":29,"key":"Pocketwatch"},{"floor":29,"key":"Sundial"},{"floor":41,"key":"Boot"},{"floor":43,"key":"Smiling Mask"},{"floor":45,"key":"Ginger"},{"floor":46,"key":"Omamori"}],"event_choices":[{"damage_healed":0,"gold_gain":0,"player_choice":"Box","damage_taken":0,"relics_obtained":["hermit:Horseshoe"],"max_hp_gain":0,"max_hp_loss":0,"event_name":"Big Fish","floor":3,"gold_loss":0,"cards_obtained":["Regret"]},{"damage_healed":0,"gold_gain":0,"player_choice":"Grow","damage_taken":0,"max_hp_gain":0,"max_hp_loss":0,"event_name":"Living Wall","floor":4,"gold_loss":0,"cards_upgraded":["hermit:Snapshot"]},{"damage_healed":0,"gold_gain":75,"player_choice":"Touch","damage_taken":7,"max_hp_gain":0,"max_hp_loss":0,"event_name":"FaceTrader","floor":5,"gold_loss":0},{"damage_healed":0,"gold_gain":99,"player_choice":"Stole From Cult","damage_taken":0,"max_hp_gain":0,"max_hp_loss":0,"event_name":"Nest","floor":21,"gold_loss":0},{"damage_healed":0,"gold_gain":0,"player_choice":"Fight","damage_taken":0,"max_hp_gain":0,"max_hp_loss":0,"event_name":"Colosseum","floor":29,"gold_loss":0},{"damage_healed":0,"gold_gain":0,"player_choice":"Fought Nobs","damage_taken":0,"max_hp_gain":0,"max_hp_loss":0,"event_name":"Colosseum","floor":29,"gold_loss":0},{"damage_healed":20,"gold_gain":0,"player_choice":"Writhe","damage_taken":0,"max_hp_gain":0,"max_hp_loss":0,"event_name":"Winding Halls","floor":37,"gold_loss":0,"cards_obtained":["Writhe"]},{"damage_healed":0,"gold_gain":0,"player_choice":"Fight","damage_taken":0,"max_hp_gain":0,"max_hp_loss":0,"event_name":"MindBloom","floor":45,"gold_loss":0}],"is_beta":false,"boss_relics":[{"not_picked":["Snecko Eye","Busted Crown"],"picked":"Calling Bell"},{"not_picked":["hermit:ClaspedLocket","Empty Cage"],"picked":"SacredBark"}],"items_purged_floors":[2,10,19,53],"is_endless":false,"potions_floor_spawned":[7,14,16,20,24,28,29,29,30,31,33,35,36,38,39,41,45,46,47,48],"killed_by":"Shield and Spear","ascension_level":6}}