{"host":"ml80p9p157c7xd90","time":1608178298,"event":{"mods":["2.2 Compatiblity","Act Like it!","Ascension Unlocker","Aspiration","BaseMod","Better Altar","Better Match","Better Note","Better Sensory Stone","Better Skull","Better Third Choice","CapriCore","Colored Map","Conspire","Downfall","Friendly Minions","Gensokyo","Halation","Hubris","Infinite Spire","Minty Spire (QoL Compilation)","Pale of the Ancients","Replay The Spire","Shade Mod","StSLib","The Mystic","Wandering Minibosses"],"gold_per_floor":[99,99,131,131,131,131,186,220,145,176,176,161,161,161,177,177,177],"floor_reached":16,"playtime":494,"items_purged":[],"score":374,"play_id":"07555083-5fb5-4de3-b050-1da66621cf26","local_time":"20201216211138","is_ascension_mode":true,"campfire_choices":[{"data":"champ:Taunt","floor":1,"key":"SMITH"},{"data":"champ:GutPunch","floor":4,"key":"SMITH"},{"data":"champ:StanceDance","floor":6,"key":"SMITH"},{"floor":9,"key":"RECALL"}],"circlet_count":0,"master_deck":["AscendersBane","conspire:GhostlyStrike","conspire:GhostlyStrike","conspire:GhostlyStrike","conspire:GhostlyStrike","conspire:GhostlyDefend","conspire:GhostlyDefend","conspire:GhostlyDefend","conspire:GhostlyDefend","champ:Execute","champ:Taunt+1","champ:GutPunch+1","champ:StanceDance+1","champ:IronFortress","champ:Encircle","hubris:Greed","champ:FocusedBerserking"],"relics":["champ:ChampionCrown","downfall:HeartsMalice","hubris:Metronome","halation:PromiseList","Nunchaku","downfall:HeartBlessingGreen","infinitespire:PuzzleCube","halation:EternalFortune"],"acts_visited":["Exordium"],"potions_floor_usage":[],"damage_taken":[{"damage":0,"enemies":"Lagavulin","floor":3,"turns":1},{"damage":0,"enemies":"Small Slimes","floor":5,"turns":1},{"damage":0,"enemies":"Gremlin Nob","floor":8,"turns":1},{"damage":48,"enemies":"Lagavulin","floor":10,"turns":5},{"damage":10,"enemies":"downfall:FleeingMerchant","floor":12,"turns":4},{"damage":17,"enemies":"Jaw Worm","floor":15,"turns":2},{"damage":27,"enemies":"downfall:Defect","floor":16,"turns":4}],"seed_played":"4315097085249286256","potions_obtained":[{"floor":3,"key":"champ:CounterPotion"}],"is_trial":false,"path_per_floor":["R","?","E","R","M","R","T","E","R","E","?","$","?","?","M","B"],"character_chosen":"THE_CHAMP","items_purchased":[],"campfire_rested":0,"item_purchase_floors":[],"current_hp_per_floor":[73,73,73,73,73,73,73,73,73,33,36,36,36,36,24,21,21],"gold":177,"neow_bonus":"THREE_ENEMY_KILL","is_daily":false,"chose_seed":false,"campfire_upgraded":3,"win_rate":0.0,"timestamp":1608178298,"path_taken":["R","?","E","R","M","R","T","E","R","E","?","$","?","?","M","BOSS"],"items_purchased_type":[],"build_version":"2020-12-13","purchased_purges":0,"victory":false,"max_hp_per_floor":[81,81,81,81,81,81,81,81,81,81,84,84,84,84,84,84,84],"card_choices":[{"not_picked":["champ:FocusedDefense","champ:Circumvent"],"picked":"champ:GutPunch","floor":3},{"not_picked":["champ:EnragedBash","champ:DefensiveShout"],"picked":"champ:StanceDance","floor":5},{"not_picked":["champ:FaceSlap","champ:Haymaker","champ:ArenaPreparation"],"picked":"SKIP","floor":8},{"not_picked":["champ:Control","champ:ArenaPreparation"],"picked":"champ:IronFortress","floor":10},{"not_picked":["champ:FocusedGladiator","champ:Shatter"],"picked":"champ:Encircle","floor":12},{"not_picked":["champ:BladeFlurry","champ:Shatter"],"picked":"champ:FocusedBerserking","floor":15}],"player_experience":495377,"relics_obtained":[{"floor":3,"key":"hubris:Metronome"},{"floor":7,"key":"halation:PromiseList"},{"floor":8,"key":"Nunchaku"},{"floor":10,"key":"infinitespire:PuzzleCube"}],"event_choices":[{"damage_healed":0,"gold_gain":0,"player_choice":"Agree","damage_taken":0,"max_hp_gain":0,"max_hp_loss":0,"event_name":"conspire:LoneGhost","floor":2,"gold_loss":0},{"cards_removed":["champ:GutPunch"],"damage_healed":0,"gold_gain":0,"player_choice":"Give","damage_taken":0,"max_hp_gain":0,"max_hp_loss":0,"event_name":"betterNote:BetterNote","floor":14,"gold_loss":0,"cards_obtained":["Shade:GraveStillness"]}],"is_beta":false,"boss_relics":[],"items_purged_floors":[],"is_endless":false,"potions_floor_spawned":[3],"killed_by":"downfall:Defect","ascension_level":20}}