{"host":"ci7ivtocgfxh0ueo","time":1608178427,"event":{"mods":["BaseMod","GifTheSpireLib","Minty Spire (QoL Compilation)","StSLib"],"gold_per_floor":[110,125,125,125,46,46,74,74,74,74,74,139,139,154,154,227,227,240,259,259,259],"floor_reached":20,"playtime":383,"items_purged":[],"score":361,"play_id":"478b222d-5ee7-4f8e-8335-4f01ec9810c7","local_time":"20201217121347","is_ascension_mode":true,"campfire_choices":[{"data":"Crippling Poison","floor":6,"key":"SMITH"},{"data":"Backstab","floor":8,"key":"SMITH"},{"data":"Dagger Spray","floor":11,"key":"SMITH"},{"data":"Neutralize","floor":15,"key":"SMITH"}],"circlet_count":0,"master_deck":["AscendersBane","Strike_G","Strike_G","Strike_G","Strike_G","Defend_G","Defend_G","Defend_G+1","Defend_G+1","Defend_G","Survivor","Neutralize+1","Dagger Spray+1","Crippling Poison+1","Backstab+1","Catalyst","Footwork+1","Glass Knife","CurseOfTheBell","Dash","Sucker Punch+1"],"relics":["Ring of the Snake","NeowsBlessing","Shuriken","Frozen Egg 2","Pear","Calling Bell","PreservedInsect","Kunai","Peace Pipe"],"acts_visited":["Exordium","TheCity"],"potions_floor_usage":[16,16,19,20],"damage_taken":[{"damage":0,"enemies":"2 Louse","floor":1,"turns":1},{"damage":0,"enemies":"Jaw Worm","floor":2,"turns":1},{"damage":0,"enemies":"3 Sentries","floor":7,"turns":2},{"damage":0,"enemies":"Small Slimes","floor":14,"turns":2},{"damage":17,"enemies":"Hexaghost","floor":16,"turns":12},{"damage":21,"enemies":"Shell Parasite","floor":18,"turns":6},{"damage":24,"enemies":"2 Thieves","floor":19,"turns":5},{"damage":33,"enemies":"Masked Bandits","floor":20,"turns":3}],"seed_played":"-4674848851446327199","potions_obtained":[{"floor":14,"key":"Strength Potion"},{"floor":18,"key":"BlessingOfTheForge"},{"floor":19,"key":"SpeedPotion"}],"is_trial":false,"path_per_floor":["M","M","?","T","$","R","E","R","T","?","R","?","?","M","R","B",null,"M","M","?"],"character_chosen":"THE_SILENT","items_purchased":["DistilledChaos"],"campfire_rested":0,"item_purchase_floors":[5],"current_hp_per_floor":[59,59,39,39,39,39,39,39,49,74,74,74,74,74,74,57,71,50,26,0,0],"gold":259,"neow_bonus":"THREE_ENEMY_KILL","is_daily":false,"chose_seed":false,"campfire_upgraded":4,"win_rate":0.0,"timestamp":1608178427,"path_taken":["M","M","?","?","$","R","E","R","T","?","R","?","?","M","R","BOSS","M","M","?"],"items_purchased_type":["Potion"],"build_version":"2020-12-13","purchased_purges":0,"victory":false,"max_hp_per_floor":[66,66,66,66,66,66,66,66,76,76,76,76,76,76,76,76,76,76,76,76,76],"card_choices":[{"not_picked":["Deflect","Prepared"],"picked":"Dagger Spray","floor":1},{"not_picked":["Deadly Poison","Setup"],"picked":"Crippling Poison","floor":2},{"not_picked":["Blur","Flying Knee"],"picked":"Backstab","floor":7},{"not_picked":["Dagger Throw","Tactician"],"picked":"Footwork+1","floor":14},{"not_picked":["Doppelganger","Grand Finale"],"picked":"Glass Knife","floor":16},{"not_picked":["Deadly Poison+1","Blade Dance"],"picked":"Dash","floor":18},{"not_picked":["Dagger Spray","Blade Dance"],"picked":"Sucker Punch+1","floor":19}],"player_experience":1261328,"relics_obtained":[{"floor":4,"key":"Shuriken"},{"floor":7,"key":"Frozen Egg 2"},{"floor":9,"key":"Pear"},{"floor":17,"key":"PreservedInsect"},{"floor":17,"key":"Kunai"},{"floor":17,"key":"Peace Pipe"}],"event_choices":[{"damage_healed":0,"gold_gain":0,"player_choice":"Entered Light","damage_taken":20,"max_hp_gain":0,"max_hp_loss":0,"event_name":"Shining Light","floor":3,"gold_loss":0,"cards_upgraded":["Defend_G","Defend_G"]},{"damage_healed":25,"gold_gain":0,"player_choice":"Banana","damage_taken":0,"max_hp_gain":0,"max_hp_loss":0,"event_name":"Big Fish","floor":10,"gold_loss":0},{"damage_healed":0,"gold_gain":65,"player_choice":"Gained Gold","damage_taken":0,"max_hp_gain":0,"max_hp_loss":0,"event_name":"Golden Wing","floor":12,"gold_loss":0},{"damage_healed":0,"gold_gain":0,"cards_transformed":["Strike_G"],"player_choice":"Transformed","damage_taken":0,"max_hp_gain":0,"max_hp_loss":0,"event_name":"Transmorgrifier","floor":13,"gold_loss":0,"cards_obtained":["Catalyst"]},{"damage_healed":0,"gold_gain":0,"player_choice":"Fought Bandits","damage_taken":0,"max_hp_gain":0,"max_hp_loss":0,"event_name":"Masked Bandits","floor":20,"gold_loss":0}],"is_beta":false,"boss_relics":[{"not_picked":["WristBlade","Coffee Dripper"],"picked":"Calling Bell"}],"items_purged_floors":[],"is_endless":false,"potions_floor_spawned":[14,18,19],"killed_by":"Masked Bandits","ascension_level":17}}