{"host":"by3dnjj711vo194a","time":1608197333,"event":{"mods":["2.2 Compatiblity","AchievementEnabler","BaseMod","Colored Map","DeckTracker","KOR Keyword Fix","Keyboard Shortcuts","Minty Spire (QoL Compilation)","Permanent Neow","Quick Restart","StSLib","SuperFastMode","everything is the same but u backflip on backflip"],"gold_per_floor":[110,130,148,166,166,194,194,222,303,303,303],"floor_reached":10,"playtime":351,"items_purged":[],"score":98,"play_id":"f9425d94-a0fb-42d5-b6a5-e73bff35f05b","local_time":"20201217182853","is_ascension_mode":true,"campfire_choices":[],"circlet_count":0,"master_deck":["Strike_R","Strike_R","Strike_R","Strike_R","Defend_R","Defend_R","Defend_R","Bash+1","Dual Wield","Shrug It Off","Uppercut","Infernal Blade"],"relics":["Burning Blood","Champion Belt","WingedGreaves","Ornamental Fan"],"acts_visited":["Exordium"],"potions_floor_usage":[8],"damage_taken":[{"damage":9.0,"enemies":"Small Slimes","floor":1.0,"turns":5.0},{"damage":3.0,"enemies":"2 Louse","floor":2.0,"turns":4.0},{"damage":1.0,"enemies":"Cultist","floor":3.0,"turns":3.0},{"damage":42.0,"enemies":"Exordium Thugs","floor":4.0,"turns":6.0},{"damage":42.0,"enemies":"3 Sentries","floor":6.0,"turns":5.0},{"damage":21,"enemies":"Gremlin Nob","floor":8,"turns":4},{"damage":28,"enemies":"3 Sentries","floor":10,"turns":4}],"seed_played":"-1011407672250988010","potions_obtained":[{"floor":2.0,"key":"PowerPotion"},{"floor":6.0,"key":"Strength Potion"}],"is_trial":false,"path_per_floor":["M","M","M","M","?","E","?","E","T","E"],"character_chosen":"IRONCLAD","items_purchased":[],"campfire_rested":0,"item_purchase_floors":[],"current_hp_per_floor":[77,80,80,44,44,8,8,43,43,15,15],"gold":303,"neow_bonus":"UPGRADE_CARD","is_daily":false,"chose_seed":false,"campfire_upgraded":0,"win_rate":0.0,"timestamp":1608197333,"path_taken":["M","M","M","M","?","E","?","E","T","E"],"items_purchased_type":[],"build_version":"2020-12-13","purchased_purges":0,"victory":false,"max_hp_per_floor":[80,80,80,80,80,80,80,80,80,80,80],"card_choices":[{"not_picked":["Iron Wave","Armaments"],"picked":"Dual Wield","floor":1.0},{"not_picked":["Rupture","Iron Wave"],"picked":"Shrug It Off","floor":2.0},{"not_picked":["Rage","Wild Strike"],"picked":"Uppercut","floor":3.0},{"not_picked":["Flex","Armaments","Cleave"],"picked":"SKIP","floor":4.0},{"not_picked":["Rampage","Fiend Fire"],"picked":"Infernal Blade","floor":6.0},{"not_picked":["Searing Blow","Sever Soul","Cleave"],"picked":"SKIP","floor":8}],"player_experience":138779,"relics_obtained":[{"floor":6.0,"key":"Champion Belt"},{"floor":8,"key":"WingedGreaves"},{"floor":9,"key":"Ornamental Fan"}],"event_choices":[{"cards_removed":["Strike_R"],"damage_healed":0.0,"max_hp_gain":0.0,"max_hp_loss":0.0,"gold_gain":0.0,"event_name":"Living Wall","player_choice":"Forget","floor":5.0,"gold_loss":0.0,"damage_taken":0.0},{"cards_removed":["Defend_R"],"damage_healed":0.0,"max_hp_gain":0.0,"max_hp_loss":0.0,"gold_gain":0.0,"event_name":"Purifier","player_choice":"Purged","floor":7.0,"gold_loss":0.0,"damage_taken":0.0}],"is_beta":false,"boss_relics":[],"items_purged_floors":[],"is_endless":false,"potions_floor_spawned":[2,6],"killed_by":"3 Sentries","ascension_level":5}}