{"host":"wdiovb6uv7szux0m","time":1608247311,"event":{"mods":["BaseMod","Minty Spire (QoL Compilation)","StSLib","The Bug Knight","The Druid"],"gold_per_floor":[116,130,143,143,163,188,188,35,35,35,48,48,58,58,58],"floor_reached":14,"playtime":905,"items_purged":["Strike_G"],"score":92,"play_id":"6d72ea94-5fd4-4df8-8253-826a16ad804b","local_time":"20201217142151","is_ascension_mode":false,"campfire_choices":[],"circlet_count":0,"master_deck":["Strike_G","Strike_G","Strike_G","Strike_G","Defend_G","Defend_G+1","Defend_G","Defend_G","Defend_G","Survivor+1","Neutralize+1","Phantasmal Killer","Footwork","Blur","Sucker Punch","Prepared","Backflip","Leg Sweep","Corpse Explosion"],"relics":["Ring of the Snake","TungstenRod","Bottled Tornado","Bottled Flame"],"acts_visited":["Exordium"],"potions_floor_usage":[6,6],"damage_taken":[{"damage":12,"enemies":"Small Slimes","floor":1,"turns":4},{"damage":2,"enemies":"2 Louse","floor":2,"turns":3},{"damage":0,"enemies":"Jaw Worm","floor":3,"turns":6},{"damage":10,"enemies":"3 Louse","floor":5,"turns":5},{"damage":4,"enemies":"Lagavulin","floor":6,"turns":11},{"damage":0,"enemies":"Large Slime","floor":11,"turns":9},{"damage":0,"enemies":"Exordium Wildlife","floor":13,"turns":7},{"damage":72,"enemies":"Gremlin Nob","floor":14,"turns":6}],"seed_played":"2621700910200925606","potions_obtained":[{"floor":2,"key":"Explosive Potion"},{"floor":3,"key":"DistilledChaos"}],"is_trial":false,"path_per_floor":["M","M","M","?","M","E","?","$","T","?","M","?","M","E"],"character_chosen":"THE_SILENT","items_purchased":["Leg Sweep"],"campfire_rested":0,"item_purchase_floors":[8],"current_hp_per_floor":[58,56,56,53,43,39,26,26,26,26,26,49,49,0,0],"gold":58,"neow_bonus":"ONE_RANDOM_RARE_CARD","is_daily":false,"chose_seed":false,"campfire_upgraded":0,"win_rate":0.0,"timestamp":1608247311,"path_taken":["M","M","M","?","M","E","?","$","T","?","M","?","M","E"],"items_purchased_type":["Card"],"build_version":"2020-12-13","purchased_purges":1,"victory":false,"max_hp_per_floor":[70,70,70,70,70,70,70,70,70,70,70,70,70,70,70],"card_choices":[{"not_picked":["Backflip","Flechettes"],"picked":"Footwork","floor":1},{"not_picked":["Flying Knee","Poisoned Stab"],"picked":"Blur","floor":2},{"not_picked":["Outmaneuver","Deadly Poison"],"picked":"Sucker Punch","floor":3},{"not_picked":["Skewer","Backflip"],"picked":"Prepared","floor":5},{"not_picked":["Underhanded Strike","Outmaneuver"],"picked":"Backflip","floor":6},{"not_picked":["Bane","Sucker Punch"],"picked":"Corpse Explosion","floor":11},{"not_picked":["Riddle With Holes","Underhanded Strike","PiercingWail"],"picked":"SKIP","floor":13}],"player_experience":1488759,"relics_obtained":[{"floor":6,"key":"Bottled Tornado"},{"floor":9,"key":"Bottled Flame"}],"event_choices":[{"damage_healed":0,"gold_gain":0,"player_choice":"Success","damage_taken":3,"relics_obtained":["TungstenRod"],"max_hp_gain":0,"max_hp_loss":0,"event_name":"Scrap Ooze","floor":4,"gold_loss":0},{"damage_healed":0,"gold_gain":0,"player_choice":"Entered Light","damage_taken":14,"max_hp_gain":0,"max_hp_loss":0,"event_name":"Shining Light","floor":7,"gold_loss":0,"cards_upgraded":["Defend_G","Survivor"]},{"damage_healed":0,"gold_gain":0,"player_choice":"Grow","damage_taken":0,"max_hp_gain":0,"max_hp_loss":0,"event_name":"Living Wall","floor":10,"gold_loss":0,"cards_upgraded":["Neutralize"]},{"damage_healed":23,"gold_gain":0,"player_choice":"Banana","damage_taken":0,"max_hp_gain":0,"max_hp_loss":0,"event_name":"Big Fish","floor":12,"gold_loss":0}],"is_beta":false,"boss_relics":[],"items_purged_floors":[8],"is_endless":false,"potions_floor_spawned":[2,3],"killed_by":"Gremlin Nob","ascension_level":0}}