{"host":"uzcks4yhskks9i02","time":1608249151,"event":{"mods":["BaseMod","Minty Spire (QoL Compilation)","Quick Restart"],"gold_per_floor":[112,112,37,37,50,78,78,104,104,104,52,86,86,161,161,287,287,270,291,40,56,81,124,124,157,184,225,225,225],"floor_reached":28,"playtime":1291,"items_purged":["Regret"],"score":321,"play_id":"70599bba-c8bd-4334-9e0f-63e29c920f2b","local_time":"20201217165231","is_ascension_mode":true,"campfire_choices":[{"data":"Apotheosis","floor":7,"key":"SMITH"},{"data":"Conserve Battery","floor":10,"key":"SMITH"},{"data":"Conserve Battery","floor":15,"key":"SMITH"},{"floor":24,"key":"REST"}],"circlet_count":0,"master_deck":["Strike_B","Strike_B","Strike_B","Defend_B","Defend_B","Defend_B","Defend_B","Zap","Dualcast","Apotheosis+1","Conserve Battery+1","Conserve Battery+1","Multi-Cast","Redo","Leap","Tempest","Creative AI","CurseOfTheBell","Lockon","Turbo","Storm+1","Tempest","Ball Lightning+1","Steam","Melter+1"],"relics":["Cracked Core","Bronze Scales","Juzu Bracelet","Shuriken","Matryoshka","Letter Opener","Golden Idol","Calling Bell","Strawberry","Frozen Egg 2","Du-Vu Doll","Bottled Lightning","MealTicket","Girya","Bag of Preparation","Smiling Mask","Regal Pillow"],"acts_visited":["Exordium","TheCity"],"potions_floor_usage":[16,23,25,25,28],"damage_taken":[{"damage":2,"enemies":"Cultist","floor":1,"turns":4},{"damage":0,"enemies":"2 Louse","floor":5,"turns":2},{"damage":2,"enemies":"Lagavulin","floor":6,"turns":8},{"damage":18,"enemies":"Gremlin Nob","floor":8,"turns":3},{"damage":1,"enemies":"3 Sentries","floor":12,"turns":7},{"damage":13,"enemies":"Slime Boss","floor":16,"turns":9},{"damage":20,"enemies":"2 Thieves","floor":18,"turns":4},{"damage":2,"enemies":"3 Byrds","floor":19,"turns":2},{"damage":14,"enemies":"Centurion and Healer","floor":21,"turns":6},{"damage":17,"enemies":"Snake Plant","floor":22,"turns":3},{"damage":25,"enemies":"Gremlin Leader","floor":23,"turns":7},{"damage":33,"enemies":"Slavers","floor":25,"turns":3},{"damage":12,"enemies":"Book of Stabbing","floor":27,"turns":3},{"damage":33,"enemies":"Cultist and Chosen","floor":28,"turns":4}],"seed_played":"-7160190282326463922","potions_obtained":[{"floor":1,"key":"Block Potion"},{"floor":8,"key":"Regen Potion"},{"floor":12,"key":"DuplicationPotion"},{"floor":18,"key":"FearPotion"},{"floor":22,"key":"SteroidPotion"},{"floor":25,"key":"Fruit Juice"},{"floor":27,"key":"DuplicationPotion"}],"is_trial":false,"path_per_floor":["M","T","$","?","M","E","R","E","T","R","$","E","?","?","R","B",null,"M","M","$","M","M","E","R","E","T","E","M"],"character_chosen":"DEFECT","items_purchased":["Leap","Bottled Lightning"],"campfire_rested":1,"item_purchase_floors":[11,20],"current_hp_per_floor":[73,73,73,73,73,71,71,53,53,53,53,52,34,23,23,10,82,62,60,60,46,29,19,43,15,15,3,0,0],"gold":225,"neow_bonus":"RANDOM_COLORLESS_2","is_daily":false,"chose_seed":false,"campfire_upgraded":3,"win_rate":0.0,"timestamp":1608249151,"path_taken":["M","?","$","?","M","E","R","E","T","R","$","E","?","?","R","BOSS","M","M","$","M","M","E","R","E","T","E","M"],"items_purchased_type":["Card","Relic"],"build_version":"2020-12-13","purchased_purges":1,"victory":false,"max_hp_per_floor":[75,75,75,75,75,75,75,75,75,75,75,75,75,75,75,75,82,82,82,82,82,82,82,82,87,87,87,87,87],"card_choices":[{"not_picked":["Mayhem","Secret Weapon"],"picked":"Apotheosis","floor":0},{"not_picked":["Beam Cell","Compile Driver"],"picked":"Conserve Battery","floor":1},{"not_picked":["Rebound","Coolheaded"],"picked":"Conserve Battery","floor":5},{"not_picked":["Barrage","Leap"],"picked":"Multi-Cast","floor":6},{"not_picked":["Gash","Compile Driver"],"picked":"Redo","floor":8},{"not_picked":["Capacitor","Static Discharge"],"picked":"Tempest","floor":12},{"not_picked":["Meteor Strike","Reboot"],"picked":"Creative AI","floor":16},{"not_picked":["Redo","Barrage+1"],"picked":"Lockon","floor":18},{"not_picked":["Reinforced Body","Gash"],"picked":"Turbo","floor":19},{"not_picked":["Compile Driver","Conserve Battery"],"picked":"Storm+1","floor":21},{"not_picked":["Sweeping Beam+1","Scrape+1"],"picked":"Tempest","floor":22},{"not_picked":["Rainbow","Doom and Gloom"],"picked":"Ball Lightning+1","floor":23},{"not_picked":["Reprogram","Barrage"],"picked":"Steam","floor":25},{"not_picked":["Storm+1","Sweeping Beam"],"picked":"Melter+1","floor":27}],"player_experience":443577,"relics_obtained":[{"floor":2,"key":"Bronze Scales"},{"floor":6,"key":"Juzu Bracelet"},{"floor":8,"key":"Shuriken"},{"floor":9,"key":"Matryoshka"},{"floor":12,"key":"Letter Opener"},{"floor":17,"key":"Strawberry"},{"floor":17,"key":"Frozen Egg 2"},{"floor":17,"key":"Du-Vu Doll"},{"floor":23,"key":"MealTicket"},{"floor":25,"key":"Girya"},{"floor":26,"key":"Bag of Preparation"},{"floor":26,"key":"Smiling Mask"},{"floor":27,"key":"Regal Pillow"}],"event_choices":[{"cards_removed":["Strike_B"],"damage_healed":0,"gold_gain":0,"player_choice":"Purged","damage_taken":0,"max_hp_gain":0,"max_hp_loss":0,"event_name":"Purifier","floor":4,"gold_loss":0},{"damage_healed":0,"gold_gain":0,"player_choice":"Take Damage","damage_taken":18,"relics_obtained":["Golden Idol"],"max_hp_gain":0,"max_hp_loss":0,"event_name":"Golden Idol","floor":13,"gold_loss":0},{"damage_healed":0,"gold_gain":75,"player_choice":"Gather Gold","damage_taken":11,"max_hp_gain":0,"max_hp_loss":0,"event_name":"World of Goop","floor":14,"gold_loss":0}],"is_beta":false,"boss_relics":[{"not_picked":["Empty Cage","Ectoplasm"],"picked":"Calling Bell"}],"items_purged_floors":[3],"is_endless":false,"potions_floor_spawned":[1,8,12,18,22,25,27],"killed_by":"Cultist and Chosen","ascension_level":2}}