{"host":"5mo0809oo9tcrmpl","time":1608168510,"event":{"mods":["BaseMod","Highlight Path","Minty Spire (QoL Compilation)","Relic Stats","Slay the Relics Exporter"],"gold_per_floor":[119,134,134,151,170,170,202,202,282,308,308,325,92,116,116,188,188,200,214,224,224,244,244,277,277,300,300,300,300],"floor_reached":28,"playtime":1437,"items_purged":["Strike_G"],"score":546,"play_id":"0b8e33b8-e7a3-4f91-b083-96bdcdfeab28","local_time":"20201216192830","is_ascension_mode":true,"campfire_choices":[{"floor":6.0,"key":"REST"},{"floor":8.0,"key":"REST"},{"data":"Neutralize","floor":11.0,"key":"SMITH"},{"data":"Crippling Poison","floor":15.0,"key":"SMITH"},{"floor":23,"key":"REST"},{"floor":27,"key":"REST"}],"circlet_count":0,"master_deck":["AscendersBane","Strike_G+1","Strike_G+1","Strike_G+1","Strike_G+1","Defend_G+1","Defend_G+1","Defend_G+1","Defend_G+1","Defend_G+1","Survivor","Neutralize+1","All Out Attack","Sucker Punch","Poisoned Stab","Cloak And Dagger","Corpse Explosion","Crippling Poison+1","Poisoned Stab","Venomology","Blur","Deadly Poison","Blade Dance","Caltrops","Bullet Time"],"relics":["Ring of the Snake","WingedGreaves","Thread and Needle","Bag of Marbles","Bottled Flame","Strawberry","Orichalcum","Odd Mushroom","SlaversCollar","Molten Egg 2","Pen Nib"],"acts_visited":["Exordium","TheCity"],"potions_floor_usage":[19,20,22,24,24,24,28,28,28],"damage_taken":[{"damage":4.0,"enemies":"Small Slimes","floor":1.0,"turns":6.0},{"damage":6.0,"enemies":"Jaw Worm","floor":2.0,"turns":5.0},{"damage":0.0,"enemies":"2 Louse","floor":4.0,"turns":2.0},{"damage":0.0,"enemies":"2 Fungi Beasts","floor":5.0,"turns":3.0},{"damage":11.0,"enemies":"Lagavulin","floor":7.0,"turns":7.0},{"damage":2.0,"enemies":"Gremlin Nob","floor":10.0,"turns":3.0},{"damage":0.0,"enemies":"3 Louse","floor":12.0,"turns":3.0},{"damage":0.0,"enemies":"The Mushroom Lair","floor":14.0,"turns":2.0},{"damage":14.0,"enemies":"Slime Boss","floor":16.0,"turns":11.0},{"damage":8,"enemies":"Shell Parasite","floor":18,"turns":6},{"damage":0,"enemies":"3 Byrds","floor":19,"turns":2},{"damage":18,"enemies":"Snake Plant","floor":20,"turns":4},{"damage":7,"enemies":"Centurion and Healer","floor":22,"turns":4},{"damage":45,"enemies":"Gremlin Leader","floor":24,"turns":9},{"damage":27,"enemies":"Book of Stabbing","floor":28,"turns":3}],"seed_played":"749322305156513523","potions_obtained":[{"floor":2.0,"key":"Fire Potion"},{"floor":5.0,"key":"Fire Potion"},{"floor":7.0,"key":"Fire Potion"},{"floor":10.0,"key":"PowerPotion"},{"floor":16.0,"key":"BlessingOfTheForge"},{"floor":20,"key":"Poison Potion"}],"is_trial":false,"path_per_floor":["M","M","?","M","M","R","E","R","T","E","R","M","$","?","R","B",null,"M","M","M","?","M","R","E","?","T","R","E"],"character_chosen":"THE_SILENT","items_purchased":["Orichalcum"],"campfire_rested":4,"item_purchase_floors":[13],"current_hp_per_floor":[40,34,16,16,16,35,24,43,43,48,48,48,48,48,48,34,63,55,55,37,37,30,51,6,6,6,27,0,0],"gold":300,"neow_bonus":"ONE_RARE_RELIC","is_daily":false,"chose_seed":false,"campfire_upgraded":2,"win_rate":0.0,"timestamp":1608168510,"path_taken":["M","M","?","M","M","R","E","R","T","E","R","M","$","?","R","BOSS","M","M","M","?","M","R","E","?","T","R","E"],"items_purchased_type":["Relic"],"build_version":"2020-12-13","purchased_purges":1,"victory":false,"max_hp_per_floor":[66,66,66,66,66,66,66,66,66,73,73,73,73,73,73,73,73,73,73,73,73,73,73,73,73,73,73,73,73],"relic_stats":{"counters":[15,70],"Pen Nib":[1],"Orichalcum":[138],"obtain_stats":[{"SlaversCollar":17,"Bottled Flame":9,"Strawberry":10,"Thread and Needle":3,"Molten Egg 2":24,"WingedGreaves":0,"Pen Nib":26,"Bag of Marbles":7,"Orichalcum":13,"Odd Mushroom":14,"Ring of the Snake":0},{"SlaversCollar":9,"Bottled Flame":5,"Strawberry":6,"Thread and Needle":2,"Molten Egg 2":14,"WingedGreaves":0,"Pen Nib":14,"Bag of Marbles":5,"Orichalcum":7,"Odd Mushroom":8,"Ring of the Snake":0},{"SlaversCollar":42,"Bottled Flame":23,"Strawberry":26,"Thread and Needle":11,"Molten Egg 2":67,"WingedGreaves":0,"Pen Nib":67,"Bag of Marbles":23,"Orichalcum":29,"Odd Mushroom":31,"Ring of the Snake":0}],"Ring of the Snake":[30]},"card_choices":[{"not_picked":["Prepared","Calculated Gamble"],"picked":"All Out Attack","floor":1.0},{"not_picked":["Acrobatics","PiercingWail"],"picked":"Sucker Punch","floor":2.0},{"not_picked":["Distraction","Crippling Poison"],"picked":"Poisoned Stab","floor":4.0},{"not_picked":["Infinite Blades","Concentrate"],"picked":"Cloak And Dagger","floor":5.0},{"not_picked":["Predator","Outmaneuver"],"picked":"Corpse Explosion","floor":7.0},{"not_picked":["Prepared","Expertise"],"picked":"Crippling Poison","floor":10.0},{"not_picked":["Acrobatics","Sucker Punch"],"picked":"Poisoned Stab","floor":12.0},{"not_picked":["Phantasmal Killer","Corpse Explosion"],"picked":"Venomology","floor":16.0},{"not_picked":["Expertise","Backflip"],"picked":"Blur","floor":18},{"not_picked":["Dodge and Roll","Expertise"],"picked":"Deadly Poison","floor":19},{"not_picked":["Dodge and Roll","Leg Sweep"],"picked":"Blade Dance","floor":20},{"not_picked":["Underhanded Strike","Outmaneuver"],"picked":"Caltrops","floor":22},{"not_picked":["Slice+1","Endless Agony+1"],"picked":"Bullet Time","floor":24}],"player_experience":1278241,"relics_obtained":[{"floor":7.0,"key":"Bag of Marbles"},{"floor":9.0,"key":"Bottled Flame"},{"floor":10.0,"key":"Strawberry"},{"floor":14.0,"key":"Odd Mushroom"},{"floor":24,"key":"Molten Egg 2"},{"floor":26,"key":"Pen Nib"}],"event_choices":[{"damage_healed":0.0,"max_hp_gain":0.0,"max_hp_loss":0.0,"gold_gain":0.0,"event_name":"Scrap Ooze","player_choice":"Success","floor":3.0,"gold_loss":0.0,"damage_taken":18.0,"relics_obtained":["Thread and Needle"]},{"damage_healed":0.0,"max_hp_gain":0.0,"max_hp_loss":0.0,"gold_gain":0.0,"event_name":"Mushrooms","player_choice":"Fought Mushrooms","floor":14.0,"gold_loss":0.0,"damage_taken":0.0},{"damage_healed":0,"gold_gain":0,"player_choice":"Ignored","damage_taken":0,"max_hp_gain":0,"max_hp_loss":0,"event_name":"The Mausoleum","floor":21,"gold_loss":0},{"damage_healed":0,"gold_gain":0,"player_choice":"Simplicity","damage_taken":0,"max_hp_gain":0,"max_hp_loss":0,"event_name":"Back to Basics","floor":25,"gold_loss":0,"cards_upgraded":["Strike_G","Strike_G","Strike_G","Strike_G","Defend_G","Defend_G","Defend_G","Defend_G","Defend_G"]}],"is_beta":false,"boss_relics":[{"not_picked":["Philosopher\u0027s Stone","Busted Crown"],"picked":"SlaversCollar"}],"items_purged_floors":[13],"is_endless":false,"potions_floor_spawned":[2,5,7,10,16,18,20],"killed_by":"Book of Stabbing","ascension_level":20}}