{"host":"wghdsg8ym2wc7ov9","time":1608235289,"event":{"mods":["AchievementEnabler","BaseMod","Better Altar","Better Note","Colored Map","Hermit","Highlight Path","Jorbs\u0027s Wanderer Trilogy","Minty Spire (QoL Compilation)","Random Character Button","Relic Stats","Shop Mod","StSLib","The Bug Knight","The Cursed","The Hierophant","The Servant 0.9.4"],"gold_per_floor":[111,126,139,154,168,195,210,227,227,238,269,269,289,300,300,397,397,417,429,429,9,25,25,43,53,53,63,93,93,113,142,142,245,245,262,276,286,296,296,296,296],"floor_reached":40,"playtime":8012,"items_purged":[],"score":477,"play_id":"f1151163-6f86-45d4-9a56-139a23276abb","local_time":"20201217120129","is_ascension_mode":false,"campfire_choices":[{"floor":12.0,"key":"REST"},{"floor":15.0,"key":"REST"},{"data":"Establishment","floor":23.0,"key":"SMITH"},{"floor":29.0,"key":"REST"},{"floor":32.0,"key":"REST"}],"circlet_count":0,"master_deck":["Eruption","Vigilance","Conclude","EmptyBody","FollowUp+1","ClearTheMind","Study","DeceiveReality","LikeWater","CutThroughFate+1","LikeWater","BattleHymn","SandsOfTime","Sanctity","FearNoEvil","Establishment+1","Wallop","Tantrum","FlyingSleeves","Bandage Up","Wallop","FlurryOfBlows","PathToVictory","Ragnarok","FlyingSleeves+1","WreathOfFlame","Nirvana","Protect+1","Ragnarok","Protect","ThirdEye","LessonLearned","CarveReality","Swivel","BowlingBash","Evaluate","Judgement","CarveReality","Nirvana","Prostrate+1","ThirdEye+1","Pray+1"],"relics":["PureWater","Pocketwatch","Whetstone","SlaversCollar","HollowMod:StagPassRelic","Dream Catcher","PreservedInsect","Vajra","Pandora\u0027s Box"],"acts_visited":["Exordium","TheCity","TheBeyond"],"potions_floor_usage":[],"damage_taken":[{"damage":1.0,"enemies":"Cultist","floor":1.0,"turns":4.0},{"damage":0.0,"enemies":"2 Louse","floor":2.0,"turns":2.0},{"damage":1.0,"enemies":"Jaw Worm","floor":3.0,"turns":3.0},{"damage":0.0,"enemies":"Exordium Wildlife","floor":4.0,"turns":2.0},{"damage":5.0,"enemies":"2 Fungi Beasts","floor":5.0,"turns":3.0},{"damage":37.0,"enemies":"3 Sentries","floor":6.0,"turns":4.0},{"damage":1.0,"enemies":"Red Slaver","floor":7.0,"turns":5.0},{"damage":1.0,"enemies":"Looter","floor":8.0,"turns":4.0},{"damage":0.0,"enemies":"3 Louse","floor":10.0,"turns":1.0},{"damage":2.0,"enemies":"Gremlin Nob","floor":11.0,"turns":4.0},{"damage":18.0,"enemies":"Exordium Thugs","floor":13.0,"turns":3.0},{"damage":0.0,"enemies":"Large Slime","floor":14.0,"turns":4.0},{"damage":15.0,"enemies":"Hexaghost","floor":16.0,"turns":7.0},{"damage":4.0,"enemies":"Chosen","floor":18.0,"turns":6.0},{"damage":9.0,"enemies":"Shell Parasite","floor":19.0,"turns":6.0},{"damage":13.0,"enemies":"Centurion and Healer","floor":22.0,"turns":7.0},{"damage":6.0,"enemies":"Chosen and Byrds","floor":24.0,"turns":4.0},{"damage":18.0,"enemies":"Snake Plant","floor":25.0,"turns":6.0},{"damage":0.0,"enemies":"Snecko","floor":27.0,"turns":4.0},{"damage":54.0,"enemies":"Gremlin Leader","floor":28.0,"turns":3.0},{"damage":19.0,"enemies":"Centurion and Healer","floor":30.0,"turns":7.0},{"damage":24.0,"enemies":"Slavers","floor":31.0,"turns":4.0},{"damage":21.0,"enemies":"Automaton","floor":33.0,"turns":8.0},{"damage":23.0,"enemies":"Orb Walker","floor":35.0,"turns":4.0},{"damage":15,"enemies":"3 Darklings","floor":36,"turns":8},{"damage":5,"enemies":"4 Shapes","floor":37,"turns":10},{"damage":32,"enemies":"Jaw Worm Horde","floor":38,"turns":5},{"damage":50,"enemies":"Reptomancer","floor":40,"turns":2}],"seed_played":"2907554576882847855","potions_obtained":[{"floor":1.0,"key":"Block Potion"},{"floor":2.0,"key":"FairyPotion"},{"floor":6.0,"key":"DuplicationPotion"},{"floor":7.0,"key":"LiquidMemories"},{"floor":24.0,"key":"BlessingOfTheForge"},{"floor":25.0,"key":"EssenceOfSteel"},{"floor":28.0,"key":"BottledMiracle"},{"floor":30.0,"key":"Strength Potion"},{"floor":36,"key":"FairyPotion"},{"floor":38,"key":"FearPotion"}],"is_trial":false,"path_per_floor":["M","M","M","M","M","E","M","M","T","M","E","R","M","M","R","B",null,"M","M","?","$","M","R","M","M","T","M","E","R","M","E","R","B",null,"M","M","M","M","?","E"],"character_chosen":"WATCHER","items_purchased":["HollowMod:StagPassRelic","Bandage Up","Wallop","FlurryOfBlows"],"campfire_rested":4,"item_purchase_floors":[21,21,21,21],"current_hp_per_floor":[71,71,70,70,65,28,27,26,26,26,24,45,27,27,48,33,72,68,59,59,59,50,50,48,34,34,38,21,42,27,3,24,9,72,49,38,37,9,9,0,0],"gold":296,"neow_bonus":"TRANSFORM_CARD","is_daily":false,"chose_seed":false,"campfire_upgraded":1,"win_rate":0.0,"timestamp":1608235289,"path_taken":["M","M","M","?","?","E","M","M","T","?","E","R","M","M","R","BOSS","M","?","?","$","M","R","M","M","T","M","E","R","M","E","R","BOSS","M","M","M","M","?","E"],"items_purchased_type":["Relic","Card","Card","Card"],"build_version":"2020-12-13","purchased_purges":0,"victory":false,"max_hp_per_floor":[72,72,72,72,72,72,72,72,72,72,72,72,72,72,72,72,72,72,72,72,72,72,72,72,72,72,72,72,72,72,72,72,72,72,72,72,72,72,72,72,72],"relic_stats":{"Dream Catcher":2,"counters":[28,130],"Pandora\u0027s Box":["CarveReality","Swivel","BowlingBash","Evaluate","Judgement","CarveReality"],"PreservedInsect":100,"Whetstone":["FollowUp","CutThroughFate"],"obtain_stats":[{"SlaversCollar":17,"Dream Catcher":26,"Vajra":31,"Pandora\u0027s Box":34,"PreservedInsect":28,"Whetstone":11,"PureWater":0,"HollowMod:StagPassRelic":21,"Pocketwatch":6},{"SlaversCollar":13,"Dream Catcher":18,"Vajra":22,"Pandora\u0027s Box":23,"PreservedInsect":20,"Whetstone":10,"PureWater":0,"HollowMod:StagPassRelic":15,"Pocketwatch":6},{"SlaversCollar":46,"Dream Catcher":75,"Vajra":93,"Pandora\u0027s Box":101,"PreservedInsect":82,"Whetstone":32,"PureWater":0,"HollowMod:StagPassRelic":58,"Pocketwatch":18}],"Pocketwatch":[81]},"card_choices":[{"not_picked":["Worship","EmptyFist"],"picked":"EmptyBody","floor":1.0},{"not_picked":["JustLucky","WreathOfFlame"],"picked":"FollowUp","floor":2.0},{"not_picked":["SashWhip","Adaptation"],"picked":"ClearTheMind","floor":3.0},{"not_picked":["ClearTheMind","ThirdEye"],"picked":"Study","floor":4.0},{"not_picked":["JustLucky","Crescendo"],"picked":"DeceiveReality","floor":5.0},{"not_picked":["WindmillStrike","Crescendo"],"picked":"LikeWater","floor":6.0},{"not_picked":["Blasphemy","CrushJoints"],"picked":"CutThroughFate","floor":7.0},{"not_picked":["CarveReality","Halt"],"picked":"LikeWater","floor":8.0},{"not_picked":["PathToVictory","Evaluate"],"picked":"BattleHymn","floor":10.0},{"not_picked":["FlurryOfBlows","Consecrate"],"picked":"SandsOfTime","floor":11.0},{"not_picked":["CarveReality","Prostrate"],"picked":"Sanctity","floor":13.0},{"not_picked":["BowlingBash","Conclude"],"picked":"FearNoEvil","floor":14.0},{"not_picked":["DeusExMachina","Brilliance"],"picked":"Establishment","floor":16.0},{"not_picked":["CarveReality+1","BowlingBash+1"],"picked":"Wallop","floor":18.0},{"not_picked":["Fasting2+1","SashWhip"],"picked":"Tantrum","floor":19.0},{"not_picked":["CrushJoints","EmptyFist"],"picked":"PathToVictory","floor":22.0},{"not_picked":["CarveReality","EmptyBody+1"],"picked":"Ragnarok","floor":24.0},{"not_picked":["FollowUp","BowlingBash"],"picked":"FlyingSleeves","floor":25.0},{"not_picked":["Sanctity","Crescendo"],"picked":"WreathOfFlame","floor":27.0},{"not_picked":["JustLucky","FlyingSleeves"],"picked":"Nirvana","floor":28.0},{"not_picked":["Halt","EmptyBody"],"picked":"Protect+1","floor":29.0},{"not_picked":["CarveReality+1","ClearTheMind"],"picked":"Ragnarok","floor":30.0},{"not_picked":["Vengeance","Crescendo"],"picked":"Protect","floor":31.0},{"not_picked":["Consecrate","Wireheading"],"picked":"ThirdEye","floor":32.0},{"not_picked":["SpiritShield","Scrawl"],"picked":"LessonLearned","floor":33.0},{"not_picked":["CutThroughFate","CarveReality+1"],"picked":"Nirvana","floor":35},{"not_picked":["FollowUp","BowlingBash"],"picked":"Prostrate+1","floor":36},{"not_picked":["ClearTheMind+1","Vengeance+1"],"picked":"ThirdEye+1","floor":37},{"not_picked":["Blasphemy","Nirvana"],"picked":"Pray+1","floor":38}],"player_experience":415605,"relics_obtained":[{"floor":6.0,"key":"Pocketwatch"},{"floor":11.0,"key":"Whetstone"},{"floor":26.0,"key":"Dream Catcher"},{"floor":28.0,"key":"PreservedInsect"},{"floor":31.0,"key":"Vajra"}],"event_choices":[{"damage_healed":0.0,"max_hp_gain":0.0,"max_hp_loss":0.0,"gold_gain":0.0,"cards_transformed":["Strike_P"],"event_name":"Transmorgrifier","player_choice":"Transformed","floor":20.0,"gold_loss":0.0,"damage_taken":0.0,"cards_obtained":["FlyingSleeves"]},{"damage_healed":0,"gold_gain":0,"player_choice":"Ignored","damage_taken":0,"max_hp_gain":0,"max_hp_loss":0,"event_name":"Tomb of Lord Red Mask","floor":39,"gold_loss":0}],"is_beta":false,"boss_relics":[{"not_picked":["Snecko Eye","Calling Bell"],"picked":"SlaversCollar"},{"not_picked":["Runic Pyramid","SacredBark"],"picked":"Pandora\u0027s Box"}],"items_purged_floors":[],"is_endless":false,"potions_floor_spawned":[1,2,6,7,10,24,25,27,28,30,36,38],"killed_by":"Reptomancer","ascension_level":0}}