{"host":"vi6th7e8dilnaeg0","time":1608200804,"event":{"mods":["BaseMod","Minty Spire (QoL Compilation)","Relic Stats","StSLib"],"gold_per_floor":[118,43,43,57,70,70,89,89,89,89,89],"floor_reached":10,"playtime":487,"items_purged":[],"score":113,"play_id":"42279b64-d609-4c1a-a11e-a21506a5e021","local_time":"20201217112644","is_ascension_mode":true,"campfire_choices":[{"data":"Neutralize","floor":6,"key":"SMITH"},{"floor":8,"key":"REST"}],"circlet_count":0,"master_deck":["AscendersBane","Strike_G","Strike_G","Strike_G","Strike_G","Defend_G","Defend_G","Defend_G","Defend_G","Defend_G","Survivor","Neutralize+1","Well Laid Plans","Flying Knee","Blur","Blade Dance"],"relics":["Ring of the Snake","Happy Flower","Toxic Egg 2"],"acts_visited":["Exordium"],"potions_floor_usage":[7,10,10,10],"damage_taken":[{"damage":0,"enemies":"Jaw Worm","floor":1,"turns":6},{"damage":8,"enemies":"2 Louse","floor":4,"turns":3},{"damage":7,"enemies":"Cultist","floor":5,"turns":4},{"damage":11,"enemies":"3 Louse","floor":7,"turns":6},{"damage":39,"enemies":"Lagavulin","floor":10,"turns":9}],"seed_played":"-3522986703246549241","potions_obtained":[{"floor":1,"key":"BlessingOfTheForge"},{"floor":3,"key":"EntropicBrew"},{"floor":3,"key":"GamblersBrew"}],"is_trial":false,"path_per_floor":["M","?","?","M","M","R","M","R","T","E"],"character_chosen":"THE_SILENT","items_purchased":[],"campfire_rested":1,"item_purchase_floors":[],"current_hp_per_floor":[59,59,59,51,44,44,33,52,52,13,13],"gold":89,"neow_bonus":"RANDOM_COMMON_RELIC","is_daily":false,"chose_seed":false,"campfire_upgraded":1,"win_rate":0.0,"timestamp":1608200804,"path_taken":["M","?","?","M","?","R","M","R","T","E"],"items_purchased_type":[],"build_version":"2020-12-13","purchased_purges":0,"victory":false,"max_hp_per_floor":[66,66,66,66,66,66,66,66,66,66,66],"relic_stats":{"Happy Flower":[9],"counters":[5,28],"obtain_stats":[{"Happy Flower":0,"Toxic Egg 2":9,"Ring of the Snake":0},{"Happy Flower":0,"Toxic Egg 2":4,"Ring of the Snake":0},{"Happy Flower":0,"Toxic Egg 2":19,"Ring of the Snake":0}],"Ring of the Snake":[10]},"card_choices":[{"not_picked":["Reflex","Blade Dance"],"picked":"Well Laid Plans","floor":1},{"not_picked":["Bane","Dodge and Roll"],"picked":"Flying Knee","floor":4},{"not_picked":["Flechettes","Heel Hook"],"picked":"Blur","floor":5},{"not_picked":["Dodge and Roll","Prepared"],"picked":"Blade Dance","floor":7}],"player_experience":612917,"relics_obtained":[{"floor":9,"key":"Toxic Egg 2"}],"event_choices":[{"cards_removed":["Strike_G"],"damage_healed":0,"gold_gain":0,"player_choice":"Card Removal","damage_taken":0,"max_hp_gain":0,"max_hp_loss":0,"event_name":"The Cleric","floor":2,"gold_loss":75},{"damage_healed":0,"gold_gain":0,"player_choice":"Got Potions","damage_taken":0,"max_hp_gain":0,"max_hp_loss":0,"event_name":"Lab","floor":3,"gold_loss":0}],"is_beta":false,"boss_relics":[],"items_purged_floors":[],"is_endless":false,"potions_floor_spawned":[1],"killed_by":"Lagavulin","ascension_level":19}}