{"host":"e0kes70z4atl8xdk","time":1608224666,"event":{"mods":["BaseMod","Colored Map","Colored Powertips","Minty Spire (QoL Compilation)","Rare Cards Sparkle","Relic Stats"],"gold_per_floor":[116,136,150,160,179,212,212,228,255,255,267,267,267,286,286,286,286],"floor_reached":16,"playtime":1542,"items_purged":[],"score":157,"play_id":"d488b11a-06e6-42b5-a76a-b93dac5ed1a7","local_time":"20201217180426","is_ascension_mode":true,"campfire_choices":[{"data":"Armaments","floor":7,"key":"SMITH"},{"data":"Rampage","floor":12,"key":"SMITH"},{"floor":15,"key":"REST"}],"circlet_count":0,"master_deck":["Strike_R","Strike_R","Strike_R","Strike_R","Defend_R","Defend_R","Defend_R","Defend_R","Bash","Clothesline","Rampage+1","Battle Trance","Armaments+1","Shockwave"],"relics":["Burning Blood","Vajra","Juzu Bracelet"],"acts_visited":["Exordium"],"potions_floor_usage":[6,13,13,13],"damage_taken":[{"damage":13,"enemies":"Jaw Worm","floor":1,"turns":4},{"damage":7,"enemies":"Small Slimes","floor":2,"turns":3},{"damage":1,"enemies":"Cultist","floor":3,"turns":3},{"damage":12,"enemies":"Looter","floor":4,"turns":3},{"damage":6,"enemies":"Exordium Wildlife","floor":5,"turns":3},{"damage":35,"enemies":"3 Sentries","floor":6,"turns":9},{"damage":10,"enemies":"Blue Slaver","floor":8,"turns":4},{"damage":2,"enemies":"Looter","floor":11,"turns":3},{"damage":20,"enemies":"Lagavulin","floor":13,"turns":5},{"damage":12,"enemies":"2 Fungi Beasts","floor":14,"turns":5},{"damage":41,"enemies":"Hexaghost","floor":16,"turns":10}],"seed_played":"9193424933090035142","potions_obtained":[{"floor":3,"key":"SmokeBomb"},{"floor":4,"key":"Swift Potion"},{"floor":8,"key":"ElixirPotion"},{"floor":11,"key":"Strength Potion"}],"is_trial":false,"path_per_floor":["M","M","M","M","M","E","R","M","T","?","M","R","E","M","R","B"],"character_chosen":"IRONCLAD","items_purchased":[],"campfire_rested":1,"item_purchase_floors":[],"current_hp_per_floor":[73,72,77,71,71,42,42,38,38,31,35,35,21,15,41,0,0],"gold":286,"neow_bonus":"TEN_PERCENT_HP_BONUS","is_daily":false,"chose_seed":false,"campfire_upgraded":2,"win_rate":0.0,"timestamp":1608224666,"path_taken":["M","M","M","M","M","E","R","M","T","?","M","R","E","M","R","BOSS"],"items_purchased_type":[],"build_version":"2020-12-13","purchased_purges":0,"victory":false,"max_hp_per_floor":[88,88,88,88,88,88,88,88,88,88,88,88,88,88,88,88,88],"relic_stats":{"counters":[11,52],"Juzu Bracelet":0,"obtain_stats":[{"Vajra":6,"Juzu Bracelet":9,"Burning Blood":0},{"Vajra":6,"Juzu Bracelet":7,"Burning Blood":0},{"Vajra":25,"Juzu Bracelet":29,"Burning Blood":0}],"Burning Blood":60},"card_choices":[{"not_picked":["Shrug It Off","Perfected Strike","Clash"],"picked":"SKIP","floor":1},{"not_picked":["Corruption","Flex"],"picked":"Clothesline","floor":2},{"not_picked":["Heavy Blade","Wild Strike"],"picked":"Rampage","floor":3},{"not_picked":["Thunderclap","Cleave"],"picked":"Battle Trance","floor":4},{"not_picked":["Shrug It Off","Cleave","Clothesline"],"picked":"SKIP","floor":5},{"not_picked":["Flex","Infernal Blade"],"picked":"Armaments","floor":6},{"not_picked":["Flame Barrier","Power Through","Battle Trance"],"picked":"SKIP","floor":8},{"not_picked":["Cleave","Ghostly Armor","Clothesline"],"picked":"SKIP","floor":11},{"not_picked":["Evolve","Anger"],"picked":"Shockwave","floor":14}],"player_experience":202002,"relics_obtained":[{"floor":6,"key":"Vajra"},{"floor":9,"key":"Juzu Bracelet"}],"event_choices":[{"cards_removed":["Strike_R"],"damage_healed":0,"gold_gain":0,"player_choice":"Card Removal","damage_taken":7,"max_hp_gain":0,"max_hp_loss":0,"event_name":"Golden Wing","floor":10,"gold_loss":0}],"is_beta":false,"boss_relics":[],"items_purged_floors":[],"is_endless":false,"potions_floor_spawned":[3,4,8,11],"killed_by":"Hexaghost","ascension_level":7}}