{"host":"z9grmtg2w0nmz8n1","time":1608246810,"event":{"mods":["Aspiration","Bard","BaseMod","Beaked The Cultist","Better Altar","Better Match","Better Third Choice","BetterRewards","CCEM","Colored Map","Conspire","Downfall","GifTheSpireLib","Googly Eyes","Halation","Highlight Path","Hubris","Jedi Mod","Jorbs\u0027s Wanderer Trilogy","Minty Spire (QoL Compilation)","Permanent Neow","Replay The Spire","Spicy Shops","StSLib","Stuff the Spire","The Bug Knight"],"gold_per_floor":[99,24,58,58,58,86,86,11,41,41,61,61,112,135,154,154,154],"floor_reached":16,"playtime":435,"items_purged":["Slimebound:Strike_Slimebound"],"score":164,"play_id":"da47e2ad-6a3a-47c0-8194-3cb49b16e1e9","local_time":"20201217211330","is_ascension_mode":false,"campfire_choices":[{"floor":1,"key":"RECALL"},{"data":"Slimebound:Grow","floor":8,"key":"SMITH"},{"data":"Slimebound:Tackle","floor":10,"key":"SMITH"}],"circlet_count":0,"master_deck":["Slimebound:Strike_Slimebound","Slimebound:Tackle+1","Slimebound:Defend_Slimebound","Slimebound:Defend_Slimebound","Slimebound:Defend_Slimebound","Slimebound:Defend_Slimebound","Slimebound:Split","Slimebound:CorrosiveSpit","Slimebound:FinishingTackle","Slimebound:ViciousTackle","StuffTheSpire:CuriosityCurse","Slimebound:Grow+1"],"relics":["Slimebound:AbsorbEndCombat","downfall:HeartsMalice","StuffTheSpire:EmeraldSignet","Ancient Tea Set","jedi:angrymask","downfall:HeartBlessingBlue","Eternal Feather","halation:PrussianBluePaint","halation:KoshaPiece"],"acts_visited":["Exordium"],"potions_floor_usage":[9,16],"damage_taken":[{"damage":0,"enemies":"downfall:FleeingMerchant","floor":2,"turns":1},{"damage":0,"enemies":"3 Sentries","floor":3,"turns":1},{"damage":0,"enemies":"Gremlin Nob","floor":6,"turns":1},{"damage":36,"enemies":"Lagavulin","floor":9,"turns":5},{"damage":10,"enemies":"Cultist","floor":11,"turns":2},{"damage":9,"enemies":"2 Louse","floor":15,"turns":3},{"damage":56,"enemies":"downfall:Watcher","floor":16,"turns":6}],"seed_played":"-6004405144350372916","potions_obtained":[{"floor":3,"key":"PowerPotion"},{"floor":11,"key":"PowerPotion"},{"floor":15,"key":"Milkshake"}],"is_trial":false,"path_per_floor":["R","$","E","?","?","E","T","R","E","R","M","?","T","T","M","B"],"character_chosen":"SLIMEBOUND","items_purchased":[],"campfire_rested":0,"item_purchase_floors":[],"current_hp_per_floor":[60,60,60,60,60,60,60,70,45,51,49,49,49,49,44,0,0],"gold":154,"neow_bonus":"THREE_ENEMY_KILL","is_daily":false,"chose_seed":false,"campfire_upgraded":2,"win_rate":0.0,"timestamp":1608246810,"path_taken":["R","$","E","?","?","E","T","R","E","R","?","?","?","?","M","BOSS"],"items_purchased_type":[],"build_version":"2020-12-13","purchased_purges":1,"victory":false,"max_hp_per_floor":[60,60,60,60,60,60,60,70,70,70,70,70,70,70,70,70,70],"card_choices":[{"not_picked":["Slimebound:LeadByExample","Slimebound:SamplingLick"],"picked":"Slimebound:FinishingTackle","floor":2},{"not_picked":["Slimebound:SlimeBarrage","Slimebound:TongueLash"],"picked":"Slimebound:ViciousTackle","floor":3},{"not_picked":["Slimebound:ViciousTackle","Slimebound:SplitMire"],"picked":"Slimebound:Grow","floor":6},{"not_picked":["Slimebound:Repurpose","Slimebound:HauntingLick","Slimebound:LeechingTouch"],"picked":"SKIP","floor":9},{"not_picked":["Slimebound:PressTheAttack","Slimebound:Teamwork","Slimebound:ViciousTackle"],"picked":"SKIP","floor":11},{"not_picked":["Slimebound:Gluttony","Slimebound:FinishingTackle","Slimebound:GoopTackle"],"picked":"SKIP","floor":15}],"player_experience":587259,"relics_obtained":[{"floor":3,"key":"StuffTheSpire:EmeraldSignet"},{"floor":6,"key":"jedi:angrymask"},{"floor":9,"key":"Eternal Feather"},{"floor":13,"key":"halation:PrussianBluePaint"},{"floor":14,"key":"halation:KoshaPiece"}],"event_choices":[],"is_beta":false,"boss_relics":[],"items_purged_floors":[2],"is_endless":false,"potions_floor_spawned":[3,11,15],"killed_by":"downfall:Watcher","ascension_level":0}}