{"host":"0uumfqrc8aynrssa","time":1608249487,"event":{"mods":["AchievementEnabler","Act Like it!","AlwaysNeverKeys","Aspiration","Astrologer","BaseMod","Better Altar","Better Match","Better Note","Better Sensory Stone","Better Skull","Better Third Choice","Better Vampires","CapriCore","Colored Map","Colored Powertips","Conspire","Downfall","Energized Spire","Friendly Minions","Gensokyo","GifTheSpireLib","Hallownest","Hermit","Highlight Path","Hubris","Infinite Spire","Jorbs\u0027s Wanderer Trilogy","Koishi","Luminous","Marisa????????","Marked Mod","Minty Spire (QoL Compilation)","Pale of the Ancients","Permanent Neow","Potionbrewer","RNG Fix","Random Character Button","Rare Cards Sparkle","Reimu??????","Relic Sorter","Remilia??????","Replay The Spire","Robot Space Explorer","Shop Mod","Somnambulant","Spicy Shops","Spikes Relics","StSLib","Stuff the Spire","The Animator","The Awakened One except there are too many feathers","The Bug Knight","The Cursed","The Hayseed","The Hierophant","The Immortal","The IronCluck","The Mystic","The Problem Sleuth","The Runesmith","The Servant 0.9.4","TheBandit","TheFirefly","Trackpad","Wandering Minibosses","egg","everything is the same but u backflip on backflip","slay the spire mod where everything is the same but ironclad has a cowboy hat","vexMod"],"gold_per_floor":[109,125,144,144,144,144,144,69,170,186,200,220,254,265,190,289,289,309,323,340,356,366,125,150,150,150,150,169,183,68,118,43,142,142,155,166,79,79,99,119,119,133,133,133,133,40,40,90,90,90,90,122,9,9,9],"floor_reached":56,"playtime":5947,"items_purged":["hexamod:Strike","hexamod:Strike","hexamod:Strike","hexamod:Strike"],"score":1628,"play_id":"d93c2638-f607-413f-8a99-207a274a3ba4","local_time":"20201217185807","is_ascension_mode":false,"campfire_choices":[{"data":"hexamod:GhostLash","floor":6,"key":"SMITH"},{"data":"hexamod:GhostLash","floor":8,"key":"SMITH"},{"floor":15,"key":"REST"},{"floor":25,"key":"REST"},{"floor":27,"key":"RECALL"},{"floor":32,"key":"REST"},{"data":"hexamod:EtherealExpedition","floor":45,"key":"SMITH"},{"data":"Contraction","floor":45,"key":"SMITH"},{"data":"hexamod:GhostLash","floor":47,"key":"SMITH"},{"data":"hexamod:Defend","floor":47,"key":"SMITH"},{"floor":49,"key":"REST"},{"data":"hexamod:SpectersWail","floor":54,"key":"SMITH"},{"data":"hexamod:VolcanoVisage","floor":54,"key":"SMITH"}],"circlet_count":0,"master_deck":["hexamod:Defend+1","hexamod:Defend+1","hexamod:Defend+1","hexamod:Defend","hexamod:Sear","hexamod:Float+1","CurseOfTheBell","hexamod:NightmareStrike","hexamod:GhostLash+1","hexamod:NightmareStrike","infinitespire:Gouge","hexamod:GhostLash+1","hexamod:FastForward","hexamod:RecurringNightmare+1","hexamod:Hexaguard","hexamod:PowerFromBeyond+1","hexamod:Hexaguard","hexamod:Hexaguard+1","hexamod:Hexaguard","hexamod:TimeOfNeed","hexamod:SpectersWail+1","hexamod:GhostShield","hexamod:ThirdSeal","BestPractice","hexamod:GhostShield+1","hexamod:EtherealExpedition+1","Moondial","hexamod:NightmareGuise","BottledTime","infinitespire:Fortify","hexamod:GhostOfSpireFuture","Embodiment","hexamod:EmpoweringStance","hexamod:GhostOfSpireFuture","hexamod:ThirdSeal","hexamod:Hexaguard","InstantArmor+1","Contraction+1","hexamod:RecurringNightmare+1","hexamod:Hexaguard","hexamod:SpectersWail+1","hexamod:GhostLash+1","hexamod:NecessarySacrifice+1","hexamod:VolcanoVisage+1","BottledTime+1","hexamod:GhostOfSpirePresent","hexamod:NightmareStrike+1"],"relics":["Calling Bell","downfall:HeartBlessingRed","downfall:HeartBlessingBlue","downfall:HeartBlessingGreen","Gremlin Food","hubris:SphereOfDissonance","TungstenRod","Oddly Smooth Stone","aspiration:ServantSkillbook","ClockworkSouvenir","War Paint","trackpad:WindUpAutoDealer","Tiny House","hexamod:IceCube","Replay:Arrowhead","aspiration:HatOfInfinitePower","vexMod:PlasmaPancake","infinitespire:CheckeredPen"],"acts_visited":["Exordium","TheCity","TheBeyond","TheEnding"],"potions_floor_usage":[11,12,13,30],"damage_taken":[{"damage":6,"enemies":"2 Louse","floor":1,"turns":2},{"damage":0,"enemies":"Small Slimes","floor":2,"turns":3},{"damage":1,"enemies":"Jaw Worm","floor":3,"turns":3},{"damage":1,"enemies":"Blue Slaver","floor":10,"turns":2},{"damage":13,"enemies":"Exordium Thugs","floor":11,"turns":3},{"damage":0,"enemies":"2 Fungi Beasts","floor":12,"turns":2},{"damage":3,"enemies":"3 Sentries","floor":13,"turns":7},{"damage":0,"enemies":"Exordium Wildlife","floor":14,"turns":2},{"damage":3,"enemies":"downfall:Watcher","floor":16,"turns":5},{"damage":0,"enemies":"3 Byrds","floor":18,"turns":4},{"damage":5,"enemies":"Centurion and Healer","floor":19,"turns":4},{"damage":0,"enemies":"Sentry and Sphere","floor":20,"turns":4},{"damage":0,"enemies":"Snecko","floor":21,"turns":3},{"damage":8,"enemies":"Chosen and Byrds","floor":22,"turns":6},{"damage":0,"enemies":"downfall:FleeingMerchant","floor":23,"turns":4},{"damage":0,"enemies":"Cultist and Chosen","floor":28,"turns":5},{"damage":17,"enemies":"Centurion and Healer","floor":29,"turns":5},{"damage":0,"enemies":"downfall:FleeingMerchant","floor":30,"turns":4},{"damage":0,"enemies":"downfall:Defect","floor":33,"turns":6},{"damage":12,"enemies":"3 Darklings","floor":35,"turns":4},{"damage":0,"enemies":"Orb Walker","floor":36,"turns":3},{"damage":0,"enemies":"downfall:FleeingMerchant","floor":37,"turns":2},{"damage":0,"enemies":"Maw","floor":39,"turns":5},{"damage":0,"enemies":"Sphere and 2 Shapes","floor":40,"turns":5},{"damage":0,"enemies":"4 Shapes","floor":42,"turns":5},{"damage":0,"enemies":"Mind Bloom Boss Battle","floor":48,"turns":4},{"damage":0,"enemies":"downfall:Ironclad","floor":50,"turns":10},{"damage":1,"enemies":"downfall:CharBossMerchant","floor":52,"turns":10},{"damage":0,"enemies":"downfall:NeowBoss","floor":55,"turns":19}],"seed_played":"866392236614019757","potions_obtained":[{"floor":2,"key":"SneckoOil"},{"floor":3,"key":"BlessingOfTheForge"},{"floor":11,"key":"potionbrewer:HastePotion"},{"floor":12,"key":"Strength Potion"},{"floor":16,"key":"BlessingOfTheForge"},{"floor":18,"key":"potionbrewer:InfectionPotion"},{"floor":19,"key":"Elixir"},{"floor":28,"key":"Fire Potion"},{"floor":31,"key":"Toxic Potion"},{"floor":48,"key":"potionbrewer:StunPotion"}],"is_trial":false,"path_per_floor":["M","M","M","?","?","R","T","R","?","M","M","M","E","M","R","B",null,"M","M","M","M","M","$","T","R","?","R","M","M","$","AVR","R","B",null,"R_BF","M","$","?","M","M","T","M","?","$","R","$","R","?","R","B",null,"E","$","R","B",null],"character_chosen":"THE_SPIRIT","items_purchased":["ClockworkSouvenir","Replay:Arrowhead","hexamod:SpectersWail","hexamod:GhostLash","hexamod:GhostOfSpirePresent","hexamod:NightmareStrike+1"],"campfire_rested":4,"item_purchase_floors":[23,37,46,46,53,53],"current_hp_per_floor":[64,64,63,46,46,46,46,56,25,24,11,11,8,8,32,29,80,80,75,75,75,67,67,67,80,80,80,80,63,63,68,85,85,85,73,73,73,73,73,73,73,73,73,73,73,73,73,79,91,91,91,90,90,90,90],"gold":9,"neow_bonus":"BOSS_RELIC","is_daily":false,"chose_seed":false,"campfire_upgraded":8,"win_rate":0.0,"timestamp":1608249487,"path_taken":["M","M","M","?","?","R","T","R","?","M","M","?","E","M","R","BOSS","M","M","?","M","M","$","T","R","?","R","M","M","$","AVR","R","BOSS","R_BF","M","$","?","?","M","T","M","?","$","R","?","R","?","R","BOSS","E","$","R","BOSS"],"items_purchased_type":["Relic","Relic","Card","Card","Card","Card"],"build_version":"2020-12-13","purchased_purges":4,"victory":true,"max_hp_per_floor":[70,70,70,70,70,70,70,80,80,80,80,80,80,80,80,80,80,80,80,80,80,80,80,80,80,80,80,80,80,80,85,85,85,85,85,85,85,85,85,85,85,85,85,85,85,85,85,91,91,91,91,91,91,91,91],"card_choices":[{"not_picked":["hexamod:PhantomCloak","hexamod:NecessarySacrifice"],"picked":"hexamod:NightmareStrike","floor":1},{"not_picked":["hexamod:PhantomFireball","hexamod:HauntingEcho"],"picked":"hexamod:GhostLash","floor":2},{"not_picked":["hexamod:SpectralAdrenaline","hexamod:ShieldOfDarkness"],"picked":"hexamod:NightmareStrike","floor":3},{"not_picked":["infinitespire:FutureSight","infinitespire:FinalStrike"],"picked":"infinitespire:Gouge","floor":4},{"not_picked":["hexamod:ShieldOfDarkness","hexamod:SpectralSpark"],"picked":"hexamod:FastForward","floor":9},{"not_picked":["hexamod:SearingWound","hexamod:ExtraCrispy"],"picked":"hexamod:RecurringNightmare","floor":9},{"not_picked":["hexamod:GhostLash","hexamod:RainOfEmbers"],"picked":"hexamod:Hexaguard","floor":9},{"not_picked":["hexamod:SuperheatedStrike","hexamod:RainOfEmbers","hexamod:GhostflameBarrier"],"picked":"SKIP","floor":10},{"not_picked":["hexamod:BurningTouch","hexamod:Rewind"],"picked":"hexamod:PowerFromBeyond","floor":11},{"not_picked":["hexamod:GhostOfSpireFuture","hexamod:DynamicBlow"],"picked":"hexamod:Hexaguard","floor":12},{"not_picked":["hexamod:Rewind","hexamod:NecessarySacrifice"],"picked":"hexamod:Hexaguard","floor":13},{"not_picked":["hexamod:WildfireWeapon","hexamod:SwordOfDarkness"],"picked":"hexamod:Hexaguard","floor":14},{"not_picked":["hexamod:SearingWound","hexamod:FifthSeal"],"picked":"hexamod:TimeOfNeed","floor":16},{"not_picked":["FastForward","TimeWarp","Revamp"],"picked":"hexamod:SpectersWail","floor":18},{"not_picked":["hexamod:ChargedBarrage","ShiftingGears","Replace"],"picked":"hexamod:GhostShield","floor":19},{"not_picked":["hexamod:GhostOfSpireFuture","DoubleEdge+1","Luminosity"],"picked":"hexamod:ThirdSeal","floor":20},{"not_picked":["Read","TimeWarp","Gouge"],"picked":"BestPractice","floor":21},{"not_picked":["hexamod:ShieldOfDarkness","hexamod:SkipABeat","Contraction","hexamod:RainOfEmbers+1"],"picked":"SKIP","floor":22},{"not_picked":["hexamod:PhantomFireball","TimeWarp","hexamod:Again","hexamod:SoulSteal"],"picked":"SKIP","floor":22},{"not_picked":["Sunlight","hexamod:NecessarySacrifice","hexamod:ThermalTransfer"],"picked":"hexamod:GhostShield+1","floor":23},{"not_picked":["DoubleEdge","hexamod:HauntingEcho","Dilation","SpecialFormula"],"picked":"SKIP","floor":23},{"not_picked":["BottledTime","Collapse","Rearm"],"picked":"hexamod:EtherealExpedition","floor":28},{"not_picked":["Misdirection+1","Defy","Potential","hexamod:NightmareStrike"],"picked":"SKIP","floor":28},{"not_picked":["Misdirection+1","Defy","Potential","hexamod:NightmareStrike"],"picked":"SKIP","floor":28},{"not_picked":["Foresight","hexamod:NightmareStrike","Manipulate"],"picked":"Moondial","floor":29},{"not_picked":["hexamod:ThermalTransfer+1","DoubleEdge","hexamod:SearingWound"],"picked":"hexamod:NightmareGuise","floor":29},{"not_picked":["Misdirection","SurpressingFire","hexamod:ExtraCrispy"],"picked":"BottledTime","floor":30},{"not_picked":["DoubleEdge","MoonPhase+1","hexamod:SuperheatedStrike","Defy"],"picked":"SKIP","floor":30},{"not_picked":["TimeWarp","hexamod:BacktrackSmack","hexamod:SpectralAdrenaline"],"picked":"hexamod:GhostOfSpireFuture","floor":31},{"not_picked":["ForgedInTime","hexamod:TurnItUp","hexamod:FifthSeal"],"picked":"Embodiment","floor":33},{"not_picked":["Solidify","ForgedInTime","SilverMatrix"],"picked":"hexamod:EmpoweringStance","floor":33},{"not_picked":["hexamod:BurningTouch","MoonPhase+1","Sabotage"],"picked":"hexamod:GhostOfSpireFuture","floor":35},{"not_picked":["Rearm+1","hexamod:HeatShield","hexamod:DynamicBlow","hexamod:BurningTouch"],"picked":"SKIP","floor":35},{"not_picked":["Revamp","hexamod:BacktrackSmack+1","Unruled","Snipe+1"],"picked":"SKIP","floor":36},{"not_picked":["hexamod:SpectralSpark+1","hexamod:Firestarter","Deadline+1","hexamod:FifthSeal"],"picked":"SKIP","floor":37},{"not_picked":["Revamp","Starlight+1","Defy"],"picked":"hexamod:ThirdSeal","floor":39},{"not_picked":["Rewind","hexamod:Again+1","hexamod:SpectralAdrenaline"],"picked":"hexamod:Hexaguard","floor":39},{"not_picked":["hexamod:TurnItUp","Starlight","DoubleEdge+1"],"picked":"InstantArmor+1","floor":40},{"not_picked":["WasteNot+1","hexamod:GhostOfSpireFuture","hexamod:NightmareStrike+1","hexamod:ShieldOfDarkness+1"],"picked":"SKIP","floor":40},{"not_picked":["hexamod:GhostOfSpirePast","Snipe+1","Ricochet+1","hexamod:ShieldOfDarkness+1"],"picked":"SKIP","floor":40},{"not_picked":["Unruled","ShatteredReality","FastForward+1"],"picked":"Contraction","floor":42},{"not_picked":["hexamod:HauntingEcho+1","hexamod:BurningTouch+1","hexamod:Haunt+1"],"picked":"hexamod:RecurringNightmare+1","floor":42},{"not_picked":["WasteNot","Rewind+1","hexamod:ChargedBarrage+1"],"picked":"hexamod:Hexaguard","floor":42},{"not_picked":["DoubleEdge+1","Moonlight+1","hexamod:NightmareGuise"],"picked":"hexamod:NecessarySacrifice+1","floor":48},{"not_picked":["hexamod:GhostShield","hexamod:ThermalTransfer","Revamp+1"],"picked":"hexamod:VolcanoVisage","floor":52},{"not_picked":["SpecialFormula+1","ReturningBlade","hexamod:AdvancingGuard+1"],"picked":"BottledTime+1","floor":52},{"not_picked":["TimeWarp+1","Rearm","Duplication","WasteNot+1"],"picked":"SKIP","floor":52}],"player_experience":870116,"relics_obtained":[{"floor":0,"key":"Gremlin Food"},{"floor":0,"key":"hubris:SphereOfDissonance"},{"floor":0,"key":"TungstenRod"},{"floor":13,"key":"Oddly Smooth Stone"},{"floor":24,"key":"War Paint"},{"floor":41,"key":"aspiration:HatOfInfinitePower"},{"floor":48,"key":"vexMod:PlasmaPancake"},{"floor":52,"key":"infinitespire:CheckeredPen"}],"event_choices":[{"damage_healed":0,"gold_gain":0,"player_choice":"Ignored","damage_taken":0,"max_hp_gain":0,"max_hp_loss":0,"event_name":"betterNote:BetterNote","floor":26,"gold_loss":0,"cards_obtained":["hexamod:Sear"]}],"is_beta":false,"boss_relics":[{"not_picked":["vexMod:MegatonBomb","energizedSpire:NeverEndingSparkler"],"picked":"aspiration:ServantSkillbook"},{"not_picked":["Replay:Bronze Core","aspiration:MobileForge"],"picked":"hexamod:IceCube"}],"items_purged_floors":[23,30,31,37],"is_endless":false,"potions_floor_spawned":[2,3,11,12,16,18,19,22,28,29,36,42,48],"ascension_level":0}}