{"host":"7gewg82ormp6yt4e","time":1608204021,"event":{"mods":["BaseMod","Block Reminder","Colored Map","Colored Powertips","DeckTracker","Highlight Path","Minty Spire (QoL Compilation)","Relic Stats","StSLib"],"gold_per_floor":[15,33,44,44,94,94,120,136,136,136,136],"floor_reached":10,"playtime":420,"items_purged":[],"score":136,"play_id":"3cd0482e-ac36-439b-b3e0-1a85813b6c5e","local_time":"20201217202021","is_ascension_mode":true,"campfire_choices":[{"data":"Choke","floor":6,"key":"SMITH"}],"circlet_count":0,"master_deck":["AscendersBane","Strike_G","Strike_G","Strike_G","Strike_G","Strike_G","Defend_G","Defend_G+1","Defend_G","Defend_G","Defend_G","Survivor","Neutralize","Backstab+1","Choke+1","Tactician","Caltrops","PiercingWail"],"relics":["Ring of the Snake","Snake Skull","StrikeDummy"],"acts_visited":["Exordium"],"potions_floor_usage":[7,7],"damage_taken":[{"damage":0,"enemies":"2 Louse","floor":1,"turns":4},{"damage":2,"enemies":"Jaw Worm","floor":2,"turns":5},{"damage":0,"enemies":"Cultist","floor":3,"turns":3},{"damage":35,"enemies":"Lagavulin","floor":7,"turns":8},{"damage":1,"enemies":"Large Slime","floor":8,"turns":6},{"damage":31,"enemies":"Gremlin Nob","floor":10,"turns":3}],"seed_played":"-1623391028506276842","potions_obtained":[{"floor":1,"key":"Swift Potion"},{"floor":3,"key":"EssenceOfSteel"}],"is_trial":false,"path_per_floor":["M","M","M","?","?","R","E","M","T","E"],"character_chosen":"THE_SILENT","items_purchased":[],"campfire_rested":0,"item_purchase_floors":[],"current_hp_per_floor":[71,69,69,46,46,46,11,10,10,0,0],"gold":136,"neow_bonus":"TWENTY_PERCENT_HP_BONUS","is_daily":false,"chose_seed":false,"campfire_upgraded":1,"win_rate":0.0,"timestamp":1608204021,"path_taken":["M","M","M","?","?","R","E","?","T","E"],"items_purchased_type":[],"build_version":"2020-12-13","purchased_purges":0,"victory":false,"max_hp_per_floor":[78,78,78,78,78,78,78,78,78,78,78],"relic_stats":{"counters":[6,29],"Snake Skull":[0],"obtain_stats":[{"Snake Skull":7,"StrikeDummy":9,"Ring of the Snake":0},{"Snake Skull":4,"StrikeDummy":5,"Ring of the Snake":0},{"Snake Skull":20,"StrikeDummy":26,"Ring of the Snake":0}],"Ring of the Snake":[12]},"card_choices":[{"not_picked":["Distraction","Endless Agony"],"picked":"Backstab","floor":1},{"not_picked":["Backflip","PiercingWail"],"picked":"Choke","floor":2},{"not_picked":["Bane","Reflex"],"picked":"Tactician","floor":3},{"not_picked":["Acrobatics","Setup"],"picked":"Caltrops","floor":7},{"not_picked":["Cloak And Dagger","Choke"],"picked":"PiercingWail","floor":8}],"player_experience":2382267,"relics_obtained":[{"floor":7,"key":"Snake Skull"},{"floor":9,"key":"StrikeDummy"}],"event_choices":[{"damage_healed":0,"gold_gain":0,"player_choice":"Entered Light","damage_taken":23,"max_hp_gain":0,"max_hp_loss":0,"event_name":"Shining Light","floor":4,"gold_loss":0,"cards_upgraded":["Defend_G","Backstab"]},{"damage_healed":0,"gold_gain":50,"player_choice":"Pray","damage_taken":0,"max_hp_gain":0,"max_hp_loss":0,"event_name":"Golden Shrine","floor":5,"gold_loss":0}],"is_beta":false,"boss_relics":[],"items_purged_floors":[],"is_endless":false,"potions_floor_spawned":[1,3],"killed_by":"Gremlin Nob","ascension_level":20}}