{"host":"dpbezu80jg8zk7un","time":1608164406,"event":{"mods":["BaseMod","Colored Map","Colored Powertips","Custom Start","DeckTracker","Minty Spire (QoL Compilation)","Quick Restart","StSLib","SuperFastMode"],"gold_per_floor":[113,125,137,148,166,166,194,194,220,220,220,220,145,173,173,173,173],"floor_reached":16,"playtime":416,"items_purged":["Strike_P"],"score":220,"play_id":"b0b85c85-d855-4c37-88dc-d3df2565e003","local_time":"20201217092006","is_ascension_mode":true,"campfire_choices":[{"data":"Eruption","floor":6.0,"key":"SMITH"},{"data":"FlurryOfBlows","floor":8.0,"key":"SMITH"},{"floor":10.0,"key":"REST"},{"data":"Blasphemy","floor":15,"key":"SMITH"}],"circlet_count":0,"master_deck":["AscendersBane","Strike_P","Strike_P","Strike_P","Defend_P","Defend_P","Defend_P","Eruption+1","Vigilance","FlurryOfBlows+1","Blasphemy+1","Scrawl"],"relics":["PureWater","Strawberry","Vajra","MealTicket"],"acts_visited":["Exordium"],"potions_floor_usage":[14,16],"damage_taken":[{"damage":0.0,"enemies":"2 Louse","floor":1.0,"turns":3.0},{"damage":0.0,"enemies":"Cultist","floor":2.0,"turns":4.0},{"damage":7.0,"enemies":"Small Slimes","floor":3.0,"turns":3.0},{"damage":1.0,"enemies":"Looter","floor":4.0,"turns":4.0},{"damage":11.0,"enemies":"Gremlin Gang","floor":5.0,"turns":5.0},{"damage":27.0,"enemies":"3 Sentries","floor":7.0,"turns":5.0},{"damage":8,"enemies":"Gremlin Nob","floor":14,"turns":3},{"damage":63,"enemies":"The Guardian","floor":16,"turns":11}],"seed_played":"4209055377919491261","potions_obtained":[{"floor":1.0,"key":"SkillPotion"},{"floor":4.0,"key":"Weak Potion"},{"floor":5.0,"key":"PowerPotion"},{"floor":7.0,"key":"Fruit Juice"}],"is_trial":false,"path_per_floor":["M","M","M","M","M","R","E","R","T","R","?","?","$","E","R","B"],"character_chosen":"WATCHER","items_purchased":[],"campfire_rested":1,"item_purchase_floors":[],"current_hp_per_floor":[61,61,54,53,42,42,22,22,22,44,44,44,44,36,36,0,0],"gold":173,"neow_bonus":"REMOVE_CARD","is_daily":false,"chose_seed":false,"campfire_upgraded":3,"win_rate":0.0,"timestamp":1608164406,"path_taken":["M","M","M","M","M","R","E","R","T","R","?","?","$","E","R","BOSS"],"items_purchased_type":[],"build_version":"2020-12-13","purchased_purges":1,"victory":false,"max_hp_per_floor":[68,68,68,68,68,68,75,75,75,75,75,75,75,75,75,80,80],"card_choices":[{"not_picked":["EmptyMind","ClearTheMind","JustLucky"],"picked":"SKIP","floor":1.0},{"not_picked":["EmptyBody","Weave","Wireheading"],"picked":"SKIP","floor":2.0},{"not_picked":["ThirdEye","ClearTheMind","SashWhip"],"picked":"SKIP","floor":3.0},{"not_picked":["LikeWater","Swivel","ClearTheMind"],"picked":"SKIP","floor":4.0},{"not_picked":["Weave","PathToVictory"],"picked":"FlurryOfBlows","floor":5.0},{"not_picked":["ForeignInfluence","EmptyBody","Prostrate"],"picked":"SKIP","floor":7.0},{"not_picked":["ClearTheMind","Sanctity"],"picked":"Scrawl","floor":14}],"player_experience":2759219,"relics_obtained":[{"floor":7.0,"key":"Strawberry"},{"floor":9.0,"key":"Vajra"},{"floor":14,"key":"MealTicket"}],"event_choices":[{"damage_healed":0.0,"max_hp_gain":0.0,"max_hp_loss":0.0,"gold_gain":0.0,"event_name":"Dead Adventurer","player_choice":"Searched \u00270\u0027 times","floor":11.0,"gold_loss":0.0,"damage_taken":0.0},{"damage_healed":0,"gold_gain":0,"player_choice":"1 cards matched","damage_taken":0,"max_hp_gain":0,"max_hp_loss":0,"event_name":"Match and Keep!","floor":12,"gold_loss":0,"cards_obtained":["Blasphemy"]}],"is_beta":false,"boss_relics":[],"items_purged_floors":[13],"is_endless":false,"potions_floor_spawned":[1,4,5,7],"killed_by":"The Guardian","ascension_level":20}}