{"host":"4akf6f7tvzk9vus6","time":1608232848,"event":{"mods":["BaseMod","Downfall","Minty Spire (QoL Compilation)","StSLib"],"gold_per_floor":[99,99,99,99,249,249,303,315,356,368,380,57,71,3,15,113,113,38,50,50,67,67,67,119,119,135,135,148,162,47,47,47],"floor_reached":31,"playtime":3584,"items_purged":["Regret","Slimebound:Icky"],"score":254,"play_id":"69bc3639-c564-4d3d-aab9-e99df2ab824b","local_time":"20201217132048","is_ascension_mode":false,"campfire_choices":[{"floor":1,"key":"RECALL"},{"data":"Guardian:PrimingBeam","floor":4,"key":"SMITH"},{"data":"Guardian:TwinSlam","floor":6,"key":"SMITH"},{"data":"Guardian:PiercingHide","floor":10,"key":"SMITH"},{"data":"Guardian:ArmoredProtocol","floor":18,"key":"SMITH"},{"data":"expansioncontent:CaCaw","floor":20,"key":"SMITH"},{"data":"1","floor":22,"key":"LIFT"},{"data":"2","floor":25,"key":"LIFT"}],"circlet_count":0,"master_deck":["Guardian:Strike_Guardian","Guardian:Strike_Guardian","Guardian:Strike_Guardian","Guardian:Strike_Guardian","Guardian:Defend_Guardian","Guardian:Defend_Guardian","Guardian:Defend_Guardian","Guardian:Defend_Guardian","Guardian:CurlUp","Guardian:TwinSlam+1","Guardian:PrimingBeam+1","Guardian:PiercingHide+1","Guardian:ChargeUp","Guardian:ArmoredProtocol+1","Guardian:PolyBeam","expansioncontent:CaCaw+1","Guardian:CrystalBeam","Guardian:SentryBeam","CurseOfTheBell","Guardian:Reroute+1","Guardian:WalkerClaw+1","Guardian:PrimingBeam","Guardian:Reroute","Guardian:StasisField","Guardian:Suspension"],"relics":["Guardian:ModeShifter","downfall:HeartsMalice","Dead Branch","MawBank","Shuriken","Calling Bell","Boot","Mummified Hand","Girya","downfall:HeartBlessingRed","White Beast Statue"],"acts_visited":["Exordium","TheCity"],"potions_floor_usage":[29,29],"damage_taken":[{"damage":0,"enemies":"2 Louse","floor":2,"turns":1},{"damage":0,"enemies":"Gremlin Nob","floor":9,"turns":1},{"damage":0,"enemies":"Jaw Worm","floor":11,"turns":1},{"damage":7,"enemies":"downfall:FleeingMerchant","floor":12,"turns":4},{"damage":0,"enemies":"Small Slimes","floor":13,"turns":4},{"damage":2,"enemies":"downfall:FleeingMerchant","floor":14,"turns":4},{"damage":7,"enemies":"Blue Slaver","floor":15,"turns":5},{"damage":36,"enemies":"downfall:Defect","floor":16,"turns":10},{"damage":15,"enemies":"Spheric Guardian","floor":19,"turns":4},{"damage":0,"enemies":"Chosen","floor":21,"turns":4},{"damage":15,"enemies":"Centurion and Healer","floor":26,"turns":4},{"damage":26,"enemies":"Shelled Parasite and Fungi","floor":28,"turns":4},{"damage":0,"enemies":"Chosen and Byrds","floor":29,"turns":4},{"damage":11,"enemies":"downfall:FleeingMerchant","floor":30,"turns":4},{"damage":5,"enemies":"Snake Plant","floor":31,"turns":1}],"seed_played":"411853499226009118","potions_obtained":[{"floor":9,"key":"DuplicationPotion"},{"floor":15,"key":"Guardian:DefensiveModePotion"},{"floor":21,"key":"LiquidMemories"},{"floor":29,"key":"BlessingOfTheForge"}],"is_trial":false,"path_per_floor":["R","M","?","R","?","R","T","?","E","R","M","$","M","$","M","B",null,"R","M","R","M","R","?","T","R","M","?","M","M","$","M"],"character_chosen":"GUARDIAN","items_purchased":["Guardian:ArmoredProtocol","Guardian:PolyBeam","expansioncontent:CaCaw","Guardian:Gem_Red"],"campfire_rested":0,"item_purchase_floors":[12,12,12,14],"current_hp_per_floor":[80,80,80,80,80,80,80,80,80,80,80,73,73,71,64,28,80,80,65,65,65,65,65,65,65,50,38,12,12,1,0,0],"gold":47,"neow_bonus":"THREE_ENEMY_KILL","is_daily":false,"chose_seed":false,"campfire_upgraded":5,"win_rate":0.0,"timestamp":1608232848,"path_taken":["R","M","?","R","?","R","T","?","E","R","M","?","?","$","M","BOSS","R","M","R","M","R","?","T","R","M","?","?","M","$","M"],"items_purchased_type":["Card","Card","Card","Card"],"build_version":"2020-12-13","purchased_purges":2,"victory":false,"max_hp_per_floor":[80,80,80,80,80,80,80,80,80,80,80,80,80,80,80,80,80,80,80,80,80,80,80,80,80,80,80,80,80,80,80,80],"card_choices":[{"not_picked":["Guardian:Gem_Cyan","Guardian:VentSteam"],"picked":"Guardian:PrimingBeam","floor":2},{"not_picked":["Guardian:ShieldSpikes","Guardian:Gem_Lightblue"],"picked":"Guardian:PiercingHide","floor":9},{"not_picked":["Guardian:Emergency","Guardian:Gem_Green"],"picked":"Guardian:Gem_Cyan","floor":11},{"not_picked":["Guardian:Gem_Fragmented","Guardian:DonusPower"],"picked":"Guardian:ChargeUp","floor":12},{"not_picked":["Guardian:ChargeUp","Guardian:TimeBomb"],"picked":"Guardian:CrystalBeam","floor":13},{"not_picked":["Guardian:Reroute","Guardian:ShieldCharger"],"picked":"Guardian:Gem_Blue","floor":14},{"not_picked":["Guardian:ShieldCharger","Guardian:ChargeCore"],"picked":"Guardian:SentryBeam","floor":15},{"not_picked":["Guardian:StasisField","Guardian:ConstructionForm"],"picked":"Guardian:Gem_Synthetic","floor":16},{"not_picked":["Guardian:Gem_Green","Guardian:TimeCapacitor+1"],"picked":"Guardian:Reroute+1","floor":19},{"not_picked":["Guardian:ShieldCharger","Guardian:Reroute"],"picked":"Guardian:WalkerClaw+1","floor":21},{"not_picked":["Guardian:Planning","Guardian:BronzeOrb"],"picked":"Guardian:PrimingBeam","floor":26},{"not_picked":["Guardian:RefractedBeam","Guardian:RollAttack"],"picked":"Guardian:Reroute","floor":28},{"not_picked":["Guardian:Gem_Green","Guardian:CrystalBeam"],"picked":"Guardian:StasisField","floor":29},{"not_picked":["Guardian:HyperBeam_Guardian","Guardian:ShieldCharger"],"picked":"Guardian:Suspension","floor":30}],"player_experience":266648,"relics_obtained":[{"floor":7,"key":"MawBank"},{"floor":9,"key":"Shuriken"},{"floor":17,"key":"Boot"},{"floor":17,"key":"Mummified Hand"},{"floor":17,"key":"Girya"}],"event_choices":[{"damage_healed":0,"gold_gain":0,"player_choice":"Box","damage_taken":0,"relics_obtained":["Dead Branch"],"max_hp_gain":0,"max_hp_loss":0,"event_name":"Big Fish","floor":3,"gold_loss":0,"cards_obtained":["Regret"]}],"is_beta":false,"boss_relics":[{"not_picked":["Astrolabe","Pandora\u0027s Box"],"picked":"Calling Bell"}],"items_purged_floors":[12,30],"is_endless":false,"potions_floor_spawned":[9,15,21,26,28,29,30],"killed_by":"Snake Plant","ascension_level":0}}