{"host":"jegehu1t82aiec5j","time":1608232372,"event":{"mods":["BaseMod","Colored Map","Filter the Spire","Minty Spire (QoL Compilation)","Relic Stats","StSLib"],"gold_per_floor":[113,126,139,25,38,64,64,64,64],"floor_reached":8,"playtime":343,"items_purged":["Strike_B"],"score":102,"play_id":"5da7465c-8141-4c44-afa9-545363ea8e1a","local_time":"20201217141252","is_ascension_mode":true,"campfire_choices":[{"floor":7,"key":"REST"}],"circlet_count":0,"master_deck":["AscendersBane","Strike_B","Strike_B","Strike_B","Defend_B","Defend_B","Defend_B","Defend_B","Zap","Dualcast","Reboot","Streamline","Go for the Eyes","Conserve Battery","Consume","Conserve Battery","Turbo"],"relics":["Cracked Core","Shovel"],"acts_visited":["Exordium"],"potions_floor_usage":[3],"damage_taken":[{"damage":7,"enemies":"Jaw Worm","floor":1,"turns":3},{"damage":3,"enemies":"2 Louse","floor":2,"turns":2},{"damage":5,"enemies":"Small Slimes","floor":3,"turns":3},{"damage":11,"enemies":"3 Louse","floor":5,"turns":3},{"damage":33,"enemies":"Lagavulin","floor":6,"turns":7},{"damage":28,"enemies":"3 Sentries","floor":8,"turns":8}],"seed_played":"6471639066524805782","potions_obtained":[{"floor":1,"key":"FearPotion"},{"floor":2,"key":"SkillPotion"}],"is_trial":false,"path_per_floor":["M","M","M","$","M","E","R","E"],"character_chosen":"DEFECT","items_purchased":["Consume"],"campfire_rested":1,"item_purchase_floors":[4],"current_hp_per_floor":[57,54,49,49,38,5,26,0,0],"gold":64,"neow_bonus":"ONE_RANDOM_RARE_CARD","is_daily":false,"chose_seed":false,"campfire_upgraded":0,"win_rate":0.0,"timestamp":1608232372,"path_taken":["M","M","M","$","M","E","R","E"],"items_purchased_type":["Card"],"build_version":"2020-12-13","purchased_purges":1,"victory":false,"max_hp_per_floor":[71,71,71,71,71,71,71,71,71],"relic_stats":{"Shovel":0,"counters":[6,26],"obtain_stats":[{"Shovel":6,"Cracked Core":0},{"Shovel":5,"Cracked Core":0},{"Shovel":18,"Cracked Core":0}]},"card_choices":[{"not_picked":["Static Discharge","Hologram"],"picked":"Streamline","floor":1},{"not_picked":["Stack","Rebound"],"picked":"Go for the Eyes","floor":2},{"not_picked":["Hologram","Loop"],"picked":"Conserve Battery","floor":3},{"not_picked":["Coolheaded","Go for the Eyes"],"picked":"Conserve Battery","floor":5},{"not_picked":["Streamline","Redo"],"picked":"Turbo","floor":6}],"player_experience":2530844,"relics_obtained":[{"floor":6,"key":"Shovel"}],"event_choices":[],"is_beta":false,"boss_relics":[],"items_purged_floors":[4],"is_endless":false,"potions_floor_spawned":[1,2],"killed_by":"3 Sentries","ascension_level":15}}