{"host":"gbop6m4qugddaz18","time":1608239197,"event":{"mods":["2.2 Compatiblity","BaseMod","Better Third Choice","Block Reminder","Downfall","GifTheSpireLib","Highlight Path","Minty Spire (QoL Compilation)","Replay The Spire","StSLib"],"gold_per_floor":[216,263,273,291,291,291,322,341,341,341,366,6,36,55,55,159,159,179,194,194,228,228,228,255,270,270,270,270],"floor_reached":27,"playtime":979,"items_purged":[],"score":301,"play_id":"b56d59f1-2119-4805-a74a-6a222a80b7fb","local_time":"20201217160637","is_ascension_mode":true,"campfire_choices":[{"data":"Zap","floor":6,"key":"SMITH"},{"floor":10,"key":"REST"},{"data":"Apotheosis","floor":15,"key":"SMITH"},{"data":"Creative AI","floor":23,"key":"SMITH"}],"circlet_count":0,"master_deck":["Strike_B","Strike_B","Strike_B","Strike_B","Defend_B","Defend_B","Defend_B","Defend_B","Zap+1","Dualcast","Ball Lightning","Go for the Eyes","Self Repair","Ball Lightning","Barrage","Steam","Sweeping Beam","Apotheosis+1","FIFO Queue","ReplayTheSpireMod:Omega Cannon","Gash","Creative AI+1","Glacier","Doom and Gloom","Stack","Echo Form","Go for the Eyes","Steam","Barrage+1","Conserve Battery","Gash+1","Skim+1","Static Discharge","Sweeping Beam+1","Go for the Eyes","Conserve Battery","Turbo"],"relics":["Cracked Core","Carrot","Replay:Rubber Ducky","Pear","Prayer Wheel","Smiling Mask","Prayer Wheel","Inserter","Nilry\u0027s Codex","Red Mask","Nloth\u0027s Gift","Garlic","Molten Egg 2"],"acts_visited":["Exordium","TheCity"],"potions_floor_usage":[7,11,11,21,21,21],"damage_taken":[{"damage":10,"enemies":"Small Slimes","floor":1,"turns":2},{"damage":8,"enemies":"2 Louse","floor":3,"turns":2},{"damage":0,"enemies":"Cultist","floor":4,"turns":2},{"damage":16,"enemies":"Gremlin Nob","floor":7,"turns":3},{"damage":3,"enemies":"Blue Slaver","floor":8,"turns":2},{"damage":6,"enemies":"Lagavulin","floor":11,"turns":4},{"damage":22,"enemies":"3 Sentries","floor":13,"turns":5},{"damage":1,"enemies":"Large Slime","floor":14,"turns":5},{"damage":7,"enemies":"Slime Boss","floor":16,"turns":9},{"damage":14,"enemies":"2 Thieves","floor":18,"turns":3},{"damage":9,"enemies":"Spheric Guardian","floor":19,"turns":4},{"damage":0,"enemies":"Masked Bandits","floor":21,"turns":2},{"damage":22,"enemies":"Gremlin Leader","floor":24,"turns":6},{"damage":21,"enemies":"Centurion and Healer","floor":25,"turns":5},{"damage":4,"enemies":"Shelled Parasite and Fungi","floor":27,"turns":2}],"seed_played":"7082645454327512520","potions_obtained":[{"floor":2,"key":"SteroidPotion"},{"floor":3,"key":"champ:CounterPotion"},{"floor":7,"key":"DistilledChaos"},{"floor":8,"key":"Dexterity Potion"},{"floor":11,"key":"DuplicationPotion"},{"floor":13,"key":"BlessingOfTheForge"},{"floor":14,"key":"LiquidBronze"},{"floor":21,"key":"SteroidPotion"}],"is_trial":false,"path_per_floor":["M","?","M","M","?","R","E","M","T","R","E","$","E","M","R","B",null,"M","M","?","?","?","R","E","M","T","M"],"character_chosen":"DEFECT","items_purchased":["Apotheosis","ReplayTheSpireMod:Fabricate Wheel","FIFO Queue"],"campfire_rested":1,"item_purchase_floors":[12,12,12],"current_hp_per_floor":[65,35,27,34,59,59,50,47,47,69,80,80,65,74,74,74,85,71,62,46,46,46,46,24,3,3,0,0],"gold":270,"neow_bonus":"HUNDRED_GOLD","is_daily":false,"chose_seed":false,"campfire_upgraded":3,"win_rate":0.0,"timestamp":1608239197,"path_taken":["M","?","M","M","?","R","E","M","T","R","E","$","E","M","R","BOSS","M","M","?","?","?","R","E","M","T","?"],"items_purchased_type":["Card","Card","Card"],"build_version":"2020-12-13","purchased_purges":0,"victory":false,"max_hp_per_floor":[75,75,75,75,75,75,75,75,75,75,85,85,85,85,85,85,85,85,85,85,85,85,85,85,85,85,85,85],"card_choices":[{"not_picked":["ReplayTheSpireMod:Repulse","Coolheaded"],"picked":"Ball Lightning","floor":1},{"not_picked":["Streamline","BasicCrystalCard"],"picked":"Go for the Eyes","floor":2},{"not_picked":["Sweeping Beam","Turbo"],"picked":"Self Repair","floor":3},{"not_picked":["Coolheaded","Lockon"],"picked":"Ball Lightning","floor":4},{"not_picked":["Hologram","Compile Driver"],"picked":"Barrage","floor":7},{"not_picked":["Panic Button","Turbo"],"picked":"Steam","floor":8},{"not_picked":["Turbo","BasicCrystalCard"],"picked":"Sweeping Beam","floor":11},{"not_picked":["Coolheaded","Amplify"],"picked":"Gash","floor":13},{"not_picked":["Turbo","Hologram"],"picked":"Glacier","floor":14},{"not_picked":["ReplayGash","ReplayTheSpireMod:Reroute Power"],"picked":"Doom and Gloom","floor":14},{"not_picked":["Heatsinks","Reprogram"],"picked":"Stack","floor":14},{"not_picked":["ReplayTheSpireMod:Fabricate Wheel","Seek"],"picked":"Echo Form","floor":16},{"not_picked":["Recycle","Steam Power"],"picked":"Go for the Eyes","floor":18},{"not_picked":["ReplayTheSpireMod:Repulse","Turbo"],"picked":"Steam","floor":18},{"not_picked":["Rebound","Gash"],"picked":"Barrage+1","floor":18},{"not_picked":["Skim+1","Steam"],"picked":"Conserve Battery","floor":19},{"not_picked":["Sunder+1","Go for the Eyes"],"picked":"Gash+1","floor":19},{"not_picked":["Hyperbeam","BasicCrystalCard"],"picked":"Skim+1","floor":19},{"not_picked":["Stack+1","Reinforced Body"],"picked":"Static Discharge","floor":21},{"not_picked":["Meteor Strike","Compile Driver"],"picked":"Sweeping Beam+1","floor":24},{"not_picked":["BasicCrystalCard+1","Storm"],"picked":"Go for the Eyes","floor":25},{"not_picked":["Rebound","Leap"],"picked":"Conserve Battery","floor":25},{"not_picked":["Beam Cell+1","Compile Driver"],"picked":"Turbo","floor":25}],"player_experience":448469,"relics_obtained":[{"floor":2,"key":"Carrot"},{"floor":7,"key":"Replay:Rubber Ducky"},{"floor":9,"key":"White Beast Statue"},{"floor":11,"key":"Pear"},{"floor":13,"key":"Smiling Mask"},{"floor":20,"key":"Nilry\u0027s Codex"},{"floor":21,"key":"Red Mask"},{"floor":24,"key":"Garlic"},{"floor":26,"key":"Molten Egg 2"}],"event_choices":[{"damage_healed":25,"gold_gain":0,"player_choice":"Banana","damage_taken":0,"max_hp_gain":0,"max_hp_loss":0,"event_name":"Big Fish","floor":5,"gold_loss":0},{"damage_healed":0,"gold_gain":0,"player_choice":"Obtained Book","damage_taken":16,"max_hp_gain":0,"max_hp_loss":0,"event_name":"Cursed Tome","floor":20,"gold_loss":0},{"damage_healed":0,"gold_gain":0,"player_choice":"Fought Bandits","damage_taken":0,"max_hp_gain":0,"max_hp_loss":0,"event_name":"Masked Bandits","floor":21,"gold_loss":0},{"damage_healed":0,"gold_gain":0,"player_choice":"Traded Relic","damage_taken":0,"relics_obtained":["Nloth\u0027s Gift"],"max_hp_gain":0,"max_hp_loss":0,"event_name":"N\u0027loth","floor":22,"relics_lost":["White Beast Statue"],"gold_loss":0}],"is_beta":false,"boss_relics":[{"not_picked":["Replay:Grab Bag","SlaversCollar"],"picked":"Inserter"}],"items_purged_floors":[],"is_endless":false,"potions_floor_spawned":[3,7,8,11,13,14,16,18,19,21],"killed_by":"Shelled Parasite and Fungi","ascension_level":2}}