{"host":"vumwfieg2b2mnrfl","time":1608175715,"event":{"mods":["AchievementEnabler","BaseMod","Minty Spire (QoL Compilation)","Rare Cards Sparkle","Relic Stats"],"gold_per_floor":[113,113,113,130,130,159,159,159,159],"floor_reached":8,"playtime":104,"items_purged":[],"score":126,"play_id":"aa2ae7ca-b591-4686-9caf-bd78d5dcbae7","local_time":"20201216212835","is_ascension_mode":true,"campfire_choices":[],"circlet_count":0,"master_deck":["AscendersBane","Strike_G","Strike_G","Strike_G","Strike_G","Defend_G","Defend_G","Defend_G","Defend_G","Defend_G","Survivor","Neutralize","Heel Hook","Leg Sweep","Well Laid Plans","Regret"],"relics":["Ring of the Snake","NeowsBlessing","Incense Burner","InkBottle"],"acts_visited":["Exordium"],"potions_floor_usage":[],"damage_taken":[{"damage":0,"enemies":"Cultist","floor":1,"turns":1},{"damage":0,"enemies":"Small Slimes","floor":4,"turns":1},{"damage":0,"enemies":"3 Sentries","floor":6,"turns":2},{"damage":64,"enemies":"Gremlin Nob","floor":8,"turns":5}],"seed_played":"-5459049135851924964","potions_obtained":[{"floor":6,"key":"LiquidBronze"}],"is_trial":false,"path_per_floor":["M","?","$","M","?","E","?","E"],"character_chosen":"THE_SILENT","items_purchased":[],"campfire_rested":0,"item_purchase_floors":[],"current_hp_per_floor":[63,63,63,63,63,63,63,0,0],"gold":159,"neow_bonus":"THREE_ENEMY_KILL","is_daily":false,"chose_seed":false,"campfire_upgraded":0,"win_rate":0.0,"timestamp":1608175715,"path_taken":["M","?","$","M","?","E","?","E"],"items_purchased_type":[],"build_version":"2020-12-13","purchased_purges":0,"victory":false,"max_hp_per_floor":[70,70,70,70,70,70,70,70,70],"relic_stats":{"counters":[4,9],"obtain_stats":[{"NeowsBlessing":0,"Incense Burner":6,"InkBottle":7,"Ring of the Snake":0},{"NeowsBlessing":0,"Incense Burner":3,"InkBottle":3,"Ring of the Snake":0},{"NeowsBlessing":0,"Incense Burner":4,"InkBottle":4,"Ring of the Snake":0}],"InkBottle":[1],"Ring of the Snake":[8]},"card_choices":[{"not_picked":["Outmaneuver","Deflect","Cloak And Dagger"],"picked":"SKIP","floor":1},{"not_picked":["Riddle With Holes","Calculated Gamble"],"picked":"Leg Sweep","floor":4},{"not_picked":["Distraction","Reflex"],"picked":"Well Laid Plans","floor":6}],"player_experience":230107,"relics_obtained":[{"floor":6,"key":"Incense Burner"}],"event_choices":[{"damage_healed":0,"gold_gain":0,"cards_transformed":["Strike_G"],"player_choice":"Change","damage_taken":0,"max_hp_gain":0,"max_hp_loss":0,"event_name":"Living Wall","floor":2,"gold_loss":0,"cards_obtained":["Heel Hook"]},{"damage_healed":0,"gold_gain":0,"player_choice":"Leave","damage_taken":0,"max_hp_gain":0,"max_hp_loss":0,"event_name":"The Cleric","floor":5,"gold_loss":0},{"damage_healed":0,"gold_gain":0,"player_choice":"Box","damage_taken":0,"relics_obtained":["InkBottle"],"max_hp_gain":0,"max_hp_loss":0,"event_name":"Big Fish","floor":7,"gold_loss":0,"cards_obtained":["Regret"]}],"is_beta":false,"boss_relics":[],"items_purged_floors":[],"is_endless":false,"potions_floor_spawned":[6],"killed_by":"Gremlin Nob","ascension_level":12}}