{"host":"92108ef2q9tm8rod","time":1608231094,"event":{"mods":["BaseMod","Defuse TimeMaze Blight","Minty Spire (QoL Compilation)","StSLib","The Jungle"],"gold_per_floor":[119,139,149,165,180,180,215,247,247,247,262,262,37,37,37,140,140,156,172,186,202,213,78,78,78,105,130,30,30,30,56,56,160,160,160],"floor_reached":34,"playtime":2037,"items_purged":["Blade Dance","Accuracy+1"],"score":627,"play_id":"fd3f11a2-4954-4214-85e0-1c8ceb4d1460","local_time":"20201217185134","daily_mods":["SealedDeck","Purple Cards","Heirloom","Flight"],"is_ascension_mode":false,"campfire_choices":[{"data":"Setup","floor":6.0,"key":"SMITH"},{"data":"Prostrate","floor":10.0,"key":"SMITH"},{"data":"Deflect","floor":15.0,"key":"SMITH"},{"data":"Accuracy","floor":24.0,"key":"SMITH"},{"data":"Accuracy","floor":25.0,"key":"SMITH"},{"data":"Envenom","floor":29.0,"key":"SMITH"},{"data":"Slice","floor":30.0,"key":"SMITH"},{"data":"JustLucky","floor":32,"key":"SMITH"}],"circlet_count":0,"master_deck":["Infinite Blades","Setup+1","Halt","Slice+1","JustLucky+1","Deflect+1","Backstab","Noxious Fumes","Prostrate+1","Nirvana","Accuracy+1","Accuracy+1","Envenom+1"],"relics":["Ring of the Serpent","Unceasing Top","Regal Pillow","Question Card","Calipers","ClockworkSouvenir","SacredBark","theJungle:Flamango","Oddly Smooth Stone","Mango"],"acts_visited":["Exordium","Exordium","TheBeyond"],"potions_floor_usage":[],"damage_taken":[{"damage":2.0,"enemies":"Jaw Worm","floor":1.0,"turns":2.0},{"damage":0.0,"enemies":"Small Slimes","floor":2.0,"turns":2.0},{"damage":0.0,"enemies":"Cultist","floor":3.0,"turns":2.0},{"damage":4.0,"enemies":"3 Louse","floor":4.0,"turns":3.0},{"damage":6.0,"enemies":"2 Fungi Beasts","floor":5.0,"turns":3.0},{"damage":15.0,"enemies":"3 Sentries","floor":7.0,"turns":5.0},{"damage":0.0,"enemies":"Lagavulin","floor":8.0,"turns":3.0},{"damage":8.0,"enemies":"Red Slaver","floor":11.0,"turns":2.0},{"damage":0.0,"enemies":"Hexaghost","floor":16.0,"turns":2.0},{"damage":0.0,"enemies":"theJungle:Flameango_and_Byrd","floor":18.0,"turns":2.0},{"damage":0.0,"enemies":"theJungle:MUSHROOMGANG","floor":19.0,"turns":2.0},{"damage":0.0,"enemies":"theJungle:Snecko_Cultist_And_Trap","floor":20.0,"turns":2.0},{"damage":0.0,"enemies":"theJungle:2_Flameangoes","floor":21.0,"turns":2.0},{"damage":0.0,"enemies":"theJungle:Lyon","floor":22.0,"turns":2.0},{"damage":0.0,"enemies":"theJungle:MamaSnecko","floor":27.0,"turns":2.0},{"damage":0,"enemies":"theJungle:Cassacara","floor":31,"turns":2},{"damage":0,"enemies":"theJungle:FunGuy","floor":33,"turns":2}],"seed_played":"-932726912096651082","potions_obtained":[{"floor":7.0,"key":"LiquidBronze"},{"floor":8.0,"key":"PowerPotion"},{"floor":11.0,"key":"ColorlessPotion"},{"floor":16.0,"key":"SteroidPotion"},{"floor":18.0,"key":"Block Potion"},{"floor":19.0,"key":"Regen Potion"},{"floor":21.0,"key":"Dexterity Potion"}],"is_trial":true,"path_per_floor":["M","M","M","M","M","R","E","E","T","R","M","?","$","?","R","B",null,"M","M","M","M","M","?","R","R","T","E","$","R","R","E","R","B",null],"character_chosen":"THE_SILENT","items_purchased":["ClockworkSouvenir"],"campfire_rested":0,"item_purchase_floors":[13],"current_hp_per_floor":[68,68,68,64,58,58,43,43,43,43,35,40,40,75,75,75,75,75,75,75,75,75,75,75,75,75,89,89,89,89,89,89,89,89,89],"gold":160,"neow_bonus":"","is_daily":false,"chose_seed":false,"campfire_upgraded":8,"win_rate":0.0,"timestamp":1608231094,"path_taken":["M","M","M","M","M","R","E","E","T","R","M","?","$","?","R","BOSS","M","M","?","M","M","?","R","R","T","E","$","R","R","E","R","BOSS"],"items_purchased_type":["Relic"],"build_version":"2020-12-13","purchased_purges":2,"victory":false,"max_hp_per_floor":[70,70,70,70,70,70,70,70,70,70,70,75,75,75,75,75,75,75,75,75,75,75,75,75,75,75,89,89,89,89,89,89,89,89,89],"card_choices":[{"not_picked":["CrushJoints","Deflect"],"picked":"Prostrate","floor":1.0},{"not_picked":["Protect","Quick Slash"],"picked":"Blade Dance","floor":2.0},{"not_picked":["Infinite Blades","Outmaneuver","Slice"],"picked":"SKIP","floor":3.0},{"not_picked":["Slice","Fasting2","Bane"],"picked":"SKIP","floor":4.0},{"not_picked":["CutThroughFate","Meditate"],"picked":"Nirvana","floor":5.0},{"not_picked":["Poisoned Stab","SashWhip","Outmaneuver"],"picked":"SKIP","floor":7.0},{"not_picked":["SashWhip","Dash"],"picked":"Accuracy","floor":8.0},{"not_picked":["Tools of the Trade","FollowUp","PiercingWail","Noxious Fumes"],"picked":"SKIP","floor":11.0},{"not_picked":["Heel Hook","FlurryOfBlows","Acrobatics","Backflip"],"picked":"SKIP","floor":18.0},{"not_picked":["Protect","Dagger Spray","FollowUp"],"picked":"Accuracy+1","floor":19.0},{"not_picked":["Dash+1","Predator","Deadly Poison+1","MentalFortress"],"picked":"SKIP","floor":20.0},{"not_picked":["CrushJoints+1","Dagger Spray","LikeWater+1","Predator"],"picked":"SKIP","floor":21.0},{"not_picked":["EmptyBody","Backflip","Blade Dance+1","EmptyMind"],"picked":"SKIP","floor":22.0},{"not_picked":["BowlingBash+1","SashWhip","Flying Knee"],"picked":"Envenom","floor":27.0},{"not_picked":["FollowUp","PiercingWail","WindmillStrike","Terror"],"picked":"SKIP","floor":31}],"player_experience":3161024,"relics_obtained":[{"floor":7.0,"key":"Regal Pillow"},{"floor":8.0,"key":"Question Card"},{"floor":9.0,"key":"Calipers"},{"floor":26.0,"key":"Oddly Smooth Stone"},{"floor":27.0,"key":"Mango"}],"event_choices":[{"damage_healed":0.0,"max_hp_gain":5.0,"max_hp_loss":0.0,"gold_gain":0.0,"event_name":"Big Fish","player_choice":"Donut","floor":12.0,"gold_loss":0.0,"damage_taken":0.0},{"cards_removed":["Noxious Fumes"],"damage_healed":35.0,"max_hp_gain":0.0,"max_hp_loss":0.0,"gold_gain":0.0,"event_name":"Bonfire Elementals","player_choice":"Offered Uncommon","floor":14.0,"gold_loss":0.0,"damage_taken":0.0}],"is_beta":false,"boss_relics":[{"not_picked":["Runic Pyramid","Philosopher\u0027s Stone"],"picked":"SacredBark"},{"not_picked":["Runic Dome","Calling Bell"],"picked":"Ring of the Serpent"}],"items_purged_floors":[13,28],"is_endless":false,"potions_floor_spawned":[7,8,11,16,18,19,21,33],"ascension_level":0}}