{"host":"0uumfqrc8aynrssa","time":1608176983,"event":{"mods":["AchievementEnabler","Act Like it!","AlwaysNeverKeys","Aspiration","Astrologer","BaseMod","Better Altar","Better Match","Better Note","Better Sensory Stone","Better Skull","Better Third Choice","Better Vampires","CapriCore","Colored Map","Colored Powertips","Conspire","Downfall","Energized Spire","Gensokyo","GifTheSpireLib","Hallownest","Hermit","Highlight Path","Infinite Spire","Jorbs\u0027s Wanderer Trilogy","Koishi","Marisa????????","Marked Mod","Minty Spire (QoL Compilation)","Pale of the Ancients","Permanent Neow","RNG Fix","Random Character Button","Rare Cards Sparkle","Reimu??????","Relic Sorter","Remilia??????","Robot Space Explorer","Shop Mod","Spikes Relics","StSLib","Stuff the Spire","The Animator","The Awakened One except there are too many feathers","The Bug Knight","The Cursed","The Hierophant","The Immortal","The IronCluck","The Mystic","The Runesmith","TheBandit","TheFirefly","Trackpad","egg","everything is the same but u backflip on backflip","slay the spire mod where everything is the same but ironclad has a cowboy hat","vexMod"],"gold_per_floor":[99,29,60,60,73,91,91,111,125,158,158,174,174,186,197,300,300,75,86,3,3,3,13,91,91,111,111,21,31,31,31,50,151,151,151,177,192,192,207,207,207,230,262,262,262,298,314,116,146,257,257,275,275],"floor_reached":52,"playtime":5005,"items_purged":["Slimebound:Defend_Slimebound+1","Slimebound:Strike_Slimebound","Slimebound:Strike_Slimebound"],"score":673,"play_id":"682fc4f2-21c9-455e-9412-fd6e70c5a744","local_time":"20201216224943","is_ascension_mode":false,"campfire_choices":[{"data":"Slimebound:CorrosiveSpit","floor":1,"key":"SMITH"},{"floor":4,"key":"RECALL"},{"data":"Slimebound:SlimeSlap","floor":18,"key":"SMITH"},{"data":"Slimebound:Schlurp","floor":22,"key":"SMITH"},{"data":"Slimebound:Split","floor":25,"key":"SMITH"},{"data":"Slimebound:Defend_Slimebound","floor":27,"key":"SMITH"},{"data":"Slimebound:SlimeSlap","floor":35,"key":"SMITH"},{"data":"Slimebound:LeechEnergy","floor":38,"key":"SMITH"},{"data":"Slimebound:TongueLash","floor":40,"key":"SMITH"},{"data":"infinitespire:Punishment","floor":44,"key":"SMITH"}],"circlet_count":0,"master_deck":["Slimebound:Strike_Slimebound","Slimebound:Tackle","Slimebound:Defend_Slimebound+1","Slimebound:Defend_Slimebound","Slimebound:Defend_Slimebound","Slimebound:Split+1","Slimebound:CorrosiveSpit+1","Slimebound:SplitMire","Slimebound:Schlurp+1","Slimebound:GrowthPunch+1","Slimebound:GrowthPunch+1","Slimebound:LeechingTouch","Slimebound:TongueLash+1","Slimebound:LeechEnergy+1","Slimebound:Repurpose","Slimebound:SlimeSlap+1","Slimebound:FinishingTackle+1","Slimebound:SplitSpecialist","Slimebound:RainOfGoop+1","Slimebound:LivingWall+1","Slimebound:LeechingTouch","Slimebound:Schlurp+1","infinitespire:Punishment+1","Slimebound:SlimeSpikes","Slimebound:SlimeSlap+1","Slimebound:LeadByExample+1","Slimebound:SplitMire","Slimebound:SlimeSpikes","Slimebound:RollThrough+1","Slimebound:SplitMire","Slimebound:RejuvenatingLick","Slimebound:Gluttony+1","Slimebound:OozeBath"],"relics":["Slimebound:AbsorbEndCombat","aspiration:Nostalgia","astrologer:SkyMirror","vexMod:MemoryStick","Letter Opener","Regal Pillow","Gensokyo:Mercy","downfall:HeartBlessingRed","downfall:HeartBlessingBlue","downfall:HeartBlessingGreen","trackpad:RapidFire","StuffTheSpire:OldFever","trackpad:Coffee","trackpad:CultistFigurine","infinitespire:Midas Blood","HollowMod:LifeEnderRelic","Lizard Tail","TheAbacus"],"acts_visited":["Exordium","Gensokyo:Gensokyo","Gensokyo:Gensokyoer","TheEnding"],"potions_floor_usage":[6,20,52],"damage_taken":[{"damage":28,"enemies":"Gensokyo:Mamizou","floor":3,"turns":10},{"damage":20,"enemies":"Gensokyo:Gryphon","floor":5,"turns":3},{"damage":8,"enemies":"Gensokyo:3_Fairies","floor":6,"turns":4},{"damage":12,"enemies":"Gensokyo:2_Kodama","floor":8,"turns":3},{"damage":12,"enemies":"Gensokyo:VengefulSpirit","floor":9,"turns":3},{"damage":21,"enemies":"Gensokyo:Aya","floor":10,"turns":5},{"damage":8,"enemies":"Gensokyo:Kitsune","floor":12,"turns":3},{"damage":4,"enemies":"Gensokyo:LivingMonolith","floor":14,"turns":3},{"damage":8,"enemies":"Gensokyo:2_Rabbits","floor":15,"turns":4},{"damage":50,"enemies":"downfall:Silent","floor":16,"turns":9},{"damage":10,"enemies":"Gensokyo:Chomper","floor":19,"turns":4},{"damage":21,"enemies":"downfall:FleeingMerchant","floor":20,"turns":4},{"damage":17,"enemies":"Gensokyo:CosmicMonolith","floor":23,"turns":5},{"damage":22,"enemies":"Gensokyo:Wraith","floor":26,"turns":5},{"damage":12,"enemies":"downfall:FleeingMerchant","floor":28,"turns":4},{"damage":24,"enemies":"Gensokyo:Slime_Group","floor":29,"turns":5},{"damage":27,"enemies":"Gensokyo:Mirror_and_Dog","floor":32,"turns":4},{"damage":29,"enemies":"downfall:Defect","floor":33,"turns":8},{"damage":19,"enemies":"Hallownest:eliteCollector","floor":36,"turns":6},{"damage":29,"enemies":"Hallownest:2_Littles","floor":37,"turns":4},{"damage":11,"enemies":"Hallownest:Shield_Heavy","floor":39,"turns":4},{"damage":17,"enemies":"Hallownest:monsterPrimalAspid","floor":42,"turns":2},{"damage":38,"enemies":"Hallownest:Slobbering_and_Violent","floor":43,"turns":5},{"damage":48,"enemies":"Hallownest:Shield_Sturdy","floor":46,"turns":5},{"damage":4,"enemies":"Hallownest:2_Great","floor":47,"turns":3},{"damage":16,"enemies":"downfall:FleeingMerchant","floor":48,"turns":3},{"damage":25,"enemies":"Hallownest:Xero_Hu_Marmu","floor":49,"turns":5},{"damage":40,"enemies":"downfall:Ironclad","floor":50,"turns":7},{"damage":148,"enemies":"downfall:CharBossMerchant","floor":52,"turns":7}],"seed_played":"-135119417349811704","potions_obtained":[{"floor":5,"key":"EssenceOfSteel"},{"floor":10,"key":"Slimebound:SlimyTonguePotion"},{"floor":15,"key":"Strength Potion"},{"floor":16,"key":"Energy Potion"},{"floor":23,"key":"EntropicBrew"},{"floor":26,"key":"LiquidBronze"},{"floor":32,"key":"CultistPotion"},{"floor":50,"key":"EssenceOfSteel"}],"is_trial":false,"path_per_floor":["R","?","E","R","M","M","T","M","M","E","?","M","?","M","M","B",null,"R","M","$","?","R","M","T","R","M","R","$","M","AVR","?","M","B",null,"R","E","M","R","M","R","T","M","M","R","T","M","M","$","M","B",null,"E"],"character_chosen":"SLIMEBOUND","items_purchased":["Slimebound:SplitSpecialist","Lizard Tail","TheAbacus"],"campfire_rested":0,"item_purchase_floors":[20,48,48],"current_hp_per_floor":[60,60,50,50,42,50,50,46,48,53,53,59,59,60,60,46,60,70,70,69,35,35,34,34,34,32,32,44,48,48,48,45,54,70,70,70,61,61,64,64,64,55,45,45,45,21,33,41,50,56,70,0,0],"gold":275,"neow_bonus":"NOSTALGIA","is_daily":false,"chose_seed":false,"campfire_upgraded":9,"win_rate":0.0,"timestamp":1608176983,"path_taken":["R","?","E","R","M","?","T","M","M","E","?","?","?","M","M","BOSS","R","M","$","?","R","M","T","R","M","R","$","M","AVR","?","M","BOSS","R","E","M","R","M","R","T","M","?","R","?","?","M","$","M","BOSS","E"],"items_purchased_type":["Card","Relic","Relic"],"build_version":"2020-12-13","purchased_purges":3,"victory":false,"max_hp_per_floor":[60,60,60,60,60,60,60,60,60,60,60,60,60,60,60,60,60,70,70,70,70,70,70,70,70,70,70,70,70,70,70,70,70,70,70,70,70,70,70,70,70,70,70,70,70,70,70,70,70,70,70,70,70],"card_choices":[{"not_picked":["Slimebound:GoopSpray","Slimebound:DivideAndConquer"],"picked":"Slimebound:SplitMire","floor":3},{"not_picked":["Slimebound:BestDefense","Slimebound:SlimeBrawl"],"picked":"Slimebound:Schlurp","floor":5},{"not_picked":["Slimebound:FlameTackle","Slimebound:ServeAndProtect"],"picked":"Slimebound:GrowthPunch","floor":6},{"not_picked":["Slimebound:SamplingLick","Slimebound:ComboTackle"],"picked":"Slimebound:GrowthPunch","floor":8},{"not_picked":["Slimebound:HauntingLick","Slimebound:SamplingLick"],"picked":"Slimebound:LeechingTouch","floor":9},{"not_picked":["Slimebound:Prepare","Slimebound:BestDefense"],"picked":"Slimebound:TongueLash","floor":10},{"not_picked":["Slimebound:SplitAcid","Slimebound:Schlurp"],"picked":"Slimebound:TongueLash","floor":12},{"not_picked":["Slimebound:Chomp","Slimebound:FlameTackle"],"picked":"Slimebound:LeechEnergy","floor":14},{"not_picked":["Slimebound:Chomp","Slimebound:SplitAcid"],"picked":"Slimebound:Repurpose","floor":15},{"not_picked":["Slimebound:LeechLife","Slimebound:MassFeed"],"picked":"Slimebound:SlimeSlap","floor":16},{"not_picked":["Slimebound:SplitLeeching+1","Slimebound:ServeAndProtect"],"picked":"Slimebound:FinishingTackle+1","floor":19},{"not_picked":["Slimebound:DivideAndConquer","Slimebound:SplitAcid","Slimebound:GoopSpray"],"picked":"SKIP","floor":20},{"not_picked":["Slimebound:LeechingTouch","Slimebound:PressTheAttack+1"],"picked":"Slimebound:RainOfGoop+1","floor":23},{"not_picked":["Slimebound:SplitBruiser","Slimebound:RollThrough"],"picked":"Slimebound:LivingWall+1","floor":26},{"not_picked":["Slimebound:SplitBruiser","Slimebound:PressTheAttack"],"picked":"Slimebound:LeechingTouch","floor":28},{"not_picked":["Slimebound:DivideAndConquer+1","Slimebound:ServeAndProtect"],"picked":"Slimebound:Schlurp+1","floor":29},{"not_picked":["Slimebound:SlimeBarrage","Slimebound:LivingWall"],"picked":"Slimebound:SlimeSpikes","floor":32},{"not_picked":["Slimebound:Teamwork","Slimebound:Overexert"],"picked":"Slimebound:SlimeSlap","floor":33},{"not_picked":["Slimebound:SplitLeeching+1","Slimebound:Nibble"],"picked":"Slimebound:LeadByExample+1","floor":36},{"not_picked":["Slimebound:SplitAcid+1","Slimebound:ServeAndProtect","Slimebound:FinishingTackle+1"],"picked":"SKIP","floor":37},{"not_picked":["Slimebound:LeechingTouch+1","Slimebound:SplitBruiser"],"picked":"Slimebound:SplitMire","floor":39},{"not_picked":["Slimebound:SplitLeeching+1","Slimebound:DisruptingSlam"],"picked":"Slimebound:SlimeSpikes","floor":42},{"not_picked":["Slimebound:Chomp","Slimebound:SlimeSpikes"],"picked":"Slimebound:RollThrough+1","floor":43},{"not_picked":["Slimebound:LeechingTouch+1","Slimebound:SlimeBrawl"],"picked":"Slimebound:SplitMire","floor":46},{"not_picked":["Slimebound:LeechEnergy+1","Slimebound:DisruptingSlam"],"picked":"Slimebound:RejuvenatingLick","floor":47},{"not_picked":["Slimebound:HauntingLick","Slimebound:GoopSpray"],"picked":"Slimebound:Gluttony+1","floor":48},{"not_picked":["Slimebound:SplitLeeching+1","Slimebound:SplitMire"],"picked":"Slimebound:OozeBath","floor":49}],"player_experience":781993,"relics_obtained":[{"floor":3,"key":"Letter Opener"},{"floor":10,"key":"Regal Pillow"},{"floor":24,"key":"trackpad:RapidFire"},{"floor":36,"key":"trackpad:CultistFigurine"},{"floor":41,"key":"infinitespire:Midas Blood"},{"floor":45,"key":"HollowMod:LifeEnderRelic"}],"event_choices":[{"damage_healed":0,"gold_gain":0,"player_choice":"UP UP UP ","damage_taken":40,"relics_obtained":[],"max_hp_gain":0,"max_hp_loss":0,"event_name":"betterSkull:BetterSkull","floor":21,"gold_loss":0,"cards_upgraded":["Slimebound:GrowthPunch","Slimebound:GrowthPunch","Slimebound:Defend_Slimebound"]}],"is_beta":false,"boss_relics":[{"not_picked":["vexMod:FluxCapacitor","Ectoplasm","Runesmith:UraniumAnvil"]},{"not_picked":["StuffTheSpire:ModemDavis","conspire:SeveredTorchhead"],"picked":"trackpad:Coffee"}],"items_purged_floors":[28,30,48],"is_endless":false,"potions_floor_spawned":[5,10,15,16,23,26,32,37,42,46,49,50],"killed_by":"downfall:CharBossMerchant","ascension_level":0}}