{"host":"bq4pt811tk9yrmjl","time":1608170684,"event":{"mods":["AchievementEnabler","BaseMod","Colored Map","Colored Powertips","Defuse TimeMaze Blight","Minty Spire (QoL Compilation)","StSLib","SuperFastMode","UnlockEverythingMod"],"gold_per_floor":[111,124,124,73,73,107,107,38,38,8,8,43,43,43,43,148,148,163,163,163,7,21,21,38,50,73,73,85,85,98,124,124,224,224,242,242,242,168,168,168,168,194,217,217,232,250,263,276,276,276,276,276,23,53,53,53],"floor_reached":55,"playtime":1426,"items_purged":[],"score":783,"play_id":"caece5ae-db2b-437c-b9dc-272b2aa96392","local_time":"20201217000444","is_ascension_mode":true,"campfire_choices":[{"data":"Neutralize","floor":7.0,"key":"SMITH"},{"data":"Noxious Fumes","floor":11.0,"key":"SMITH"},{"data":"Leg Sweep","floor":15.0,"key":"SMITH"},{"floor":23.0,"key":"RECALL"},{"data":"Dodge and Roll","floor":29,"key":"SMITH"},{"data":"Dagger Spray","floor":32,"key":"SMITH"},{"floor":40,"key":"REST"},{"floor":44,"key":"REST"},{"floor":49,"key":"REST"},{"floor":52,"key":"REST"}],"circlet_count":0,"master_deck":["Strike_G","Strike_G","Strike_G","Strike_G","Strike_G","Defend_G","Defend_G","Defend_G","Defend_G","Defend_G","Survivor","Neutralize+1","Deflect","Dodge and Roll+1","Flying Knee","Noxious Fumes+1","Leg Sweep+1","Bane+1","Poisoned Stab+1","PiercingWail","Dagger Spray+1","Corpse Explosion","Bouncing Flask","Madness","Madness","Blind","Leg Sweep+1","PiercingWail+1","Blade Dance+1"],"relics":["Ring of the Snake","NeowsBlessing","FossilizedHelix","Ninja Scroll","Turnip","Pear","Sozu","Membership Card","InkBottle","Fusion Hammer","DollysMirror","Shuriken","Regal Pillow","Pantograph","Ornamental Fan","Nunchaku"],"acts_visited":["Exordium","TheCity","TheBeyond","TheEnding"],"potions_floor_usage":[31,33,55],"damage_taken":[{"damage":0.0,"enemies":"Small Slimes","floor":1.0,"turns":1.0},{"damage":0.0,"enemies":"2 Louse","floor":2.0,"turns":1.0},{"damage":0.0,"enemies":"Gremlin Nob","floor":6.0,"turns":1.0},{"damage":10.0,"enemies":"Lagavulin","floor":12.0,"turns":6.0},{"damage":11.0,"enemies":"The Guardian","floor":16.0,"turns":13.0},{"damage":0.0,"enemies":"3 Byrds","floor":18.0,"turns":6.0},{"damage":6.0,"enemies":"Spheric Guardian","floor":22.0,"turns":6.0},{"damage":5.0,"enemies":"Snake Plant","floor":24.0,"turns":6.0},{"damage":0.0,"enemies":"Snecko","floor":25.0,"turns":5.0},{"damage":0,"enemies":"Chosen and Byrds","floor":28,"turns":8},{"damage":0,"enemies":"Centurion and Healer","floor":30,"turns":8},{"damage":0,"enemies":"Book of Stabbing","floor":31,"turns":8},{"damage":59,"enemies":"Automaton","floor":33,"turns":13},{"damage":7,"enemies":"3 Darklings","floor":35,"turns":5},{"damage":33,"enemies":"Nemesis","floor":42,"turns":9},{"damage":0,"enemies":"3 Shapes","floor":45,"turns":2},{"damage":18,"enemies":"Spire Growth","floor":46,"turns":5},{"damage":4,"enemies":"Maw","floor":47,"turns":7},{"damage":18,"enemies":"4 Shapes","floor":48,"turns":6},{"damage":68,"enemies":"Awakened One","floor":50,"turns":17},{"damage":63,"enemies":"Shield and Spear","floor":54,"turns":6},{"damage":62,"enemies":"The Heart","floor":55,"turns":8}],"seed_played":"-7507921051474786085","potions_obtained":[{"floor":2.0,"key":"Dexterity Potion"},{"floor":12.0,"key":"FearPotion"},{"floor":16.0,"key":"Regen Potion"}],"is_trial":false,"path_per_floor":["M","M","?","$","?","E","R","$","T","?","R","E","$","?","R","B",null,"M","?","$","$","M","R","M","M","T","?","M","R","M","E","R","B",null,"M","?","?","$","?","R","?","E","T","R","M","M","M","M","R","B",null,"R","$","E","B"],"character_chosen":"THE_SILENT","items_purchased":["Flying Knee","Noxious Fumes","Membership Card","DollysMirror","Pantograph","Ornamental Fan"],"campfire_rested":4,"item_purchase_floors":[4,8,21,38,53,53],"current_hp_per_floor":[70,70,58,58,58,58,58,58,58,58,58,58,58,80,80,69,80,80,80,80,80,74,74,69,69,69,69,69,69,69,69,69,25,80,73,63,63,63,63,80,80,47,47,80,80,62,58,40,79,11,80,80,80,17,0,0],"gold":53,"neow_bonus":"THREE_ENEMY_KILL","is_daily":false,"chose_seed":false,"campfire_upgraded":5,"win_rate":0.0,"timestamp":1608170684,"path_taken":["M","M","?","$","?","E","R","$","T","?","R","E","$","?","R","BOSS","M","?","?","$","M","R","M","M","T","?","M","R","M","E","R","BOSS","M","?","?","$","?","R","?","E","T","R","M","M","?","M","R","BOSS","R","$","E","BOSS"],"items_purchased_type":["Card","Card","Relic","Relic","Relic","Relic"],"build_version":"2020-12-13","purchased_purges":0,"victory":false,"max_hp_per_floor":[70,70,70,70,70,70,70,70,70,70,70,80,80,80,80,80,80,80,80,80,80,80,80,80,80,80,80,80,80,80,80,80,80,80,80,80,80,80,80,80,80,80,80,80,80,80,80,80,80,80,80,80,80,80,80,80],"card_choices":[{"not_picked":["Dagger Spray","Expertise"],"picked":"Deflect","floor":1.0},{"not_picked":["Deadly Poison","Concentrate"],"picked":"Dodge and Roll","floor":2.0},{"not_picked":["Heel Hook","Deadly Poison"],"picked":"Poisoned Stab","floor":6.0},{"not_picked":["Heel Hook","Dash"],"picked":"Leg Sweep","floor":12.0},{"not_picked":["Tactician","Outmaneuver"],"picked":"Bane+1","floor":18.0},{"not_picked":["Prepared","Dodge and Roll+1"],"picked":"Poisoned Stab+1","floor":22.0},{"not_picked":["Backflip","Acrobatics+1"],"picked":"PiercingWail","floor":24.0},{"not_picked":["Predator+1","Heel Hook","Leg Sweep"],"picked":"SKIP","floor":25.0},{"not_picked":["Riddle With Holes","Dash","Finisher"],"picked":"SKIP","floor":28},{"not_picked":["Acrobatics","Setup","Dagger Throw"],"picked":"SKIP","floor":30},{"not_picked":["Flechettes+1","Cloak And Dagger"],"picked":"Dagger Spray","floor":31},{"not_picked":["Unload","Tools of the Trade"],"picked":"Corpse Explosion","floor":33},{"not_picked":["Dodge and Roll+1","Expertise"],"picked":"Bouncing Flask","floor":35},{"not_picked":["Deep Breath","Enlightenment"],"picked":"Blind","floor":37},{"not_picked":["Storm of Steel","Eviscerate","Dagger Spray"],"picked":"SKIP","floor":42},{"not_picked":["Prepared+1","Outmaneuver+1","Underhanded Strike+1"],"picked":"SKIP","floor":45},{"not_picked":["Concentrate","Expertise","All Out Attack"],"picked":"SKIP","floor":46},{"not_picked":["Backflip","Bouncing Flask"],"picked":"PiercingWail+1","floor":47},{"not_picked":["Heel Hook","Skewer","Blur"],"picked":"SKIP","floor":48},{"not_picked":["Reflex","Backflip+1"],"picked":"Blade Dance+1","floor":54}],"player_experience":58780,"relics_obtained":[{"floor":6.0,"key":"Ninja Scroll"},{"floor":9.0,"key":"Turnip"},{"floor":12.0,"key":"Pear"},{"floor":31,"key":"InkBottle"},{"floor":42,"key":"Shuriken"},{"floor":43,"key":"Regal Pillow"},{"floor":54,"key":"Nunchaku"}],"event_choices":[{"damage_healed":0.0,"max_hp_gain":0.0,"max_hp_loss":0.0,"gold_gain":0.0,"event_name":"Scrap Ooze","player_choice":"Success","floor":3.0,"gold_loss":0.0,"damage_taken":12.0,"relics_obtained":["FossilizedHelix"]},{"damage_healed":0.0,"max_hp_gain":0.0,"max_hp_loss":0.0,"gold_gain":0.0,"event_name":"Golden Wing","player_choice":"Ignored","floor":5.0,"gold_loss":0.0,"damage_taken":0.0},{"damage_healed":0.0,"max_hp_gain":0.0,"max_hp_loss":0.0,"gold_gain":0.0,"event_name":"World of Goop","player_choice":"Left Gold","floor":10.0,"gold_loss":30.0,"damage_taken":0.0},{"damage_healed":26.0,"max_hp_gain":0.0,"max_hp_loss":0.0,"gold_gain":0.0,"event_name":"Big Fish","player_choice":"Banana","floor":14.0,"gold_loss":0.0,"damage_taken":0.0},{"cards_removed":["Poisoned Stab"],"damage_healed":5.0,"max_hp_gain":0.0,"max_hp_loss":0.0,"gold_gain":0.0,"event_name":"Bonfire Elementals","player_choice":"Offered Common","floor":19.0,"gold_loss":0.0,"damage_taken":0.0},{"cards_removed":["Poisoned Stab"],"damage_healed":5.0,"max_hp_gain":0.0,"max_hp_loss":0.0,"gold_gain":0.0,"event_name":"Bonfire Elementals","player_choice":"Offered Special","floor":19.0,"gold_loss":0.0,"damage_taken":0.0},{"damage_healed":0,"gold_gain":0,"player_choice":"Ignored","damage_taken":0,"max_hp_gain":0,"max_hp_loss":0,"event_name":"Cursed Tome","floor":27,"gold_loss":0},{"damage_healed":0,"gold_gain":0,"player_choice":"Embrace Madness","damage_taken":10,"max_hp_gain":0,"max_hp_loss":0,"event_name":"Winding Halls","floor":36,"gold_loss":0,"cards_obtained":["Madness","Madness"]},{"damage_healed":0,"gold_gain":0,"player_choice":"Memory 1","damage_taken":0,"max_hp_gain":0,"max_hp_loss":0,"event_name":"SensoryStone","floor":37,"gold_loss":0},{"damage_healed":0,"gold_gain":0,"player_choice":"Ignored","damage_taken":0,"max_hp_gain":0,"max_hp_loss":0,"event_name":"Mysterious Sphere","floor":39,"gold_loss":0},{"damage_healed":0,"gold_gain":0,"player_choice":"Full Heal","damage_taken":0,"max_hp_gain":0,"max_hp_loss":0,"event_name":"Wheel of Change","floor":41,"gold_loss":0}],"is_beta":false,"boss_relics":[{"not_picked":["Black Star","Velvet Choker"],"picked":"Sozu"},{"not_picked":["Pandora\u0027s Box","Philosopher\u0027s Stone"],"picked":"Fusion Hammer"}],"items_purged_floors":[],"is_endless":false,"potions_floor_spawned":[2,12,16,24,25,28,30,45,46,54],"killed_by":"The Heart","ascension_level":1}}