{"host":"32dedufnxebqtmo3","time":1608175932,"event":{"mods":["AchievementEnabler","BaseMod","Better Third Choice","Card Filter","Colored Powertips","Defuse TimeMaze Blight","Downfall","GifTheSpireLib","Minty Spire (QoL Compilation)","Permanent Neow","Relic Filter","Relic Stats","Remove Card Discount Mod","Shop Mod","StSLib","The Cursed","Unceasing Turn Reminder"],"gold_per_floor":[199,199,214,107,120,45,45,45,65,97,113,113,113,98,109,109,109],"floor_reached":16,"playtime":1239,"items_purged":["TheCursedMod:Strike_TheCursed","TheCursedMod:Defend_TheCursed"],"score":100,"play_id":"2d344ab4-6e71-4d57-9cce-41d27a4f2ce2","local_time":"20201216193212","is_ascension_mode":false,"campfire_choices":[{"floor":1.0,"key":"RECALL"},{"data":"TheCursedMod:CleanUpWorkshop","floor":6.0,"key":"SMITH"},{"data":"TheCursedMod:LuckyCharm","floor":8.0,"key":"SMITH"}],"circlet_count":0,"master_deck":["TheCursedMod:Strike_TheCursed+1","TheCursedMod:Strike_TheCursed","TheCursedMod:Strike_TheCursed+1","TheCursedMod:Defend_TheCursed","TheCursedMod:Defend_TheCursed","TheCursedMod:Defend_TheCursed","TheCursedMod:CursedWand","TheCursedMod:CleanUpWorkshop+1","TheCursedMod:Dregs","TheCursedMod:SpitefulPlan+1","TheCursedMod:CursedBoomerang","TheCursedMod:LuckyCharm+1","TheCursedMod:Obscuration","TheCursedMod:ReleasedStrength","TheCursedMod:CursedRelics","Regret","TheCursedMod:RapidMovement","TheCursedMod:CursedAmulet"],"relics":["TheCursedMod:BlackMagic101","downfall:ShatteredFragment","downfall:HeartBlessingRed","InkBottle","White Beast Statue"],"acts_visited":["Exordium"],"potions_floor_usage":[14,16],"damage_taken":[{"damage":2.0,"enemies":"Jaw Worm","floor":3.0,"turns":4.0},{"damage":0.0,"enemies":"downfall:FleeingMerchant","floor":4.0,"turns":4.0},{"damage":0.0,"enemies":"2 Louse","floor":5.0,"turns":2.0},{"damage":6,"enemies":"Small Slimes","floor":9,"turns":2},{"damage":14,"enemies":"3 Sentries","floor":10,"turns":6},{"damage":13,"enemies":"Exordium Wildlife","floor":11,"turns":5},{"damage":11,"enemies":"downfall:FleeingMerchant","floor":14,"turns":4},{"damage":0,"enemies":"2 Fungi Beasts","floor":15,"turns":2},{"damage":27,"enemies":"downfall:Defect","floor":16,"turns":5}],"seed_played":"383555763100081703","potions_obtained":[{"floor":5.0,"key":"Strength Potion"},{"floor":11,"key":"Regen Potion"},{"floor":14,"key":"BlessingOfTheForge"},{"floor":15,"key":"Regen Potion"}],"is_trial":false,"path_per_floor":["R","?","M","$","M","R","T","R","M","E","M","?","?","$","M","B"],"character_chosen":"THE_CURSED","items_purchased":["TheCursedMod:LuckyCharm","TheCursedMod:Obscuration"],"campfire_rested":0,"item_purchase_floors":[4,4],"current_hp_per_floor":[75,63,61,61,61,61,61,61,55,41,28,3,3,6,6,0,0],"gold":109,"neow_bonus":"HUNDRED_GOLD","is_daily":false,"chose_seed":false,"campfire_upgraded":2,"win_rate":0.0,"timestamp":1608175932,"path_taken":["R","?","M","$","M","R","T","R","M","E","M","?","?","$","M","BOSS"],"items_purchased_type":["Card","Card"],"build_version":"2020-12-13","purchased_purges":2,"victory":false,"max_hp_per_floor":[75,75,75,75,75,75,75,75,75,75,75,75,75,75,75,75,75],"relic_stats":{"counters":[9,34],"obtain_stats":[{"TheCursedMod:BlackMagic101":0,"downfall:ShatteredFragment":2,"downfall:HeartBlessingRed":6,"InkBottle":10,"White Beast Statue":12},{"TheCursedMod:BlackMagic101":0,"downfall:ShatteredFragment":0,"downfall:HeartBlessingRed":3,"InkBottle":5,"White Beast Statue":6},{"TheCursedMod:BlackMagic101":0,"downfall:ShatteredFragment":0,"downfall:HeartBlessingRed":10,"InkBottle":18,"White Beast Statue":23}],"InkBottle":[6]},"card_choices":[{"not_picked":["TheCursedMod:SurpriseAttack","TheCursedMod:Stretching"],"picked":"TheCursedMod:SpitefulPlan","floor":3.0},{"not_picked":["TheCursedMod:Obscuration","TheCursedMod:CircleOfFlame"],"picked":"TheCursedMod:CursedBoomerang","floor":4.0},{"not_picked":["TheCursedMod:AshesToAshes","TheCursedMod:Obscuration"],"picked":"TheCursedMod:ReleasedStrength","floor":5.0},{"not_picked":["TheCursedMod:VitalStrike","TheCursedMod:AbyssShockwave","TheCursedMod:FuryStrike"],"picked":"SKIP","floor":9},{"not_picked":["TheCursedMod:CircleOfCorruption","TheCursedMod:ReleasedStrength"],"picked":"TheCursedMod:CursedRelics","floor":10},{"not_picked":["TheCursedMod:CursedMace","TheCursedMod:VitalStrike","TheCursedMod:CursedShiv"],"picked":"SKIP","floor":11},{"not_picked":["TheCursedMod:SpreadPlague","TheCursedMod:AbyssShockwave"],"picked":"TheCursedMod:RapidMovement","floor":14},{"not_picked":["TheCursedMod:CircleOfFlame","TheCursedMod:CursedArmor"],"picked":"TheCursedMod:CursedAmulet","floor":15}],"player_experience":784027,"relics_obtained":[{"floor":10,"key":"InkBottle"}],"event_choices":[{"damage_healed":0,"gold_gain":0,"player_choice":"Relic ","damage_taken":25,"max_hp_gain":0,"max_hp_loss":0,"event_name":"betterThird:BetterScrap","floor":12,"gold_loss":0,"cards_obtained":["Double Tap"]}],"is_beta":false,"boss_relics":[],"items_purged_floors":[4,4],"is_endless":false,"potions_floor_spawned":[5,11,14,15],"killed_by":"downfall:Defect","ascension_level":0}}