{"host":"BK","time":1608168842,"event":{"mods":["BaseMod","Highlight Path","Minty Spire (QoL Compilation)","StSLib"],"gold_per_floor":[115,115,19,37,57,57,86,86,86,86,11,42,7,25,25,101,101,113,123,123,123,123],"floor_reached":21,"playtime":1038,"items_purged":["Strike_R"],"score":374,"play_id":"78086b81-3537-4ff0-a31a-c223a2fc26a4","local_time":"20201216183402","is_ascension_mode":true,"campfire_choices":[{"data":"Bash","floor":6.0,"key":"SMITH"},{"data":"Twin Strike","floor":8.0,"key":"SMITH"},{"floor":10.0,"key":"REST"},{"data":"Flash of Steel","floor":15.0,"key":"SMITH"}],"circlet_count":0,"master_deck":["AscendersBane","Strike_R","Strike_R","Strike_R","Strike_R","Defend_R","Defend_R","Defend_R","Defend_R","Bash+1","Flash of Steel+1","Ghostly Armor","Twin Strike+1","Metallicize","Rampage","Feed"],"relics":["Mark of Pain","White Beast Statue","Magic Flower","Bottled Flame","Unceasing Top","Black Star"],"acts_visited":["Exordium","TheCity"],"potions_floor_usage":[16,16,19],"damage_taken":[{"damage":2.0,"enemies":"Small Slimes","floor":1.0,"turns":3.0},{"damage":2.0,"enemies":"Cultist","floor":4.0,"turns":4.0},{"damage":2.0,"enemies":"Jaw Worm","floor":5.0,"turns":4.0},{"damage":32.0,"enemies":"Gremlin Nob","floor":7.0,"turns":4.0},{"damage":45.0,"enemies":"3 Sentries","floor":12.0,"turns":12.0},{"damage":4.0,"enemies":"2 Fungi Beasts","floor":14.0,"turns":3.0},{"damage":9,"enemies":"Hexaghost","floor":16,"turns":8},{"damage":20,"enemies":"Chosen","floor":18,"turns":5},{"damage":38,"enemies":"Spheric Guardian","floor":19,"turns":6},{"damage":14,"enemies":"Centurion and Healer","floor":21,"turns":1}],"seed_played":"1147310848001251151","potions_obtained":[{"floor":1.0,"key":"Weak Potion"},{"floor":4.0,"key":"BlessingOfTheForge"},{"floor":5.0,"key":"GamblersBrew"},{"floor":7.0,"key":"Dexterity Potion"},{"floor":14.0,"key":"Strength Potion"},{"floor":16,"key":"DuplicationPotion"},{"floor":18,"key":"FearPotion"},{"floor":19,"key":"Dexterity Potion"}],"is_trial":false,"path_per_floor":["M","?","$","M","M","R","E","R","T","R","$","E","?","M","R","B",null,"M","M","?","M"],"character_chosen":"IRONCLAD","items_purchased":["Flash of Steel"],"campfire_rested":1,"item_purchase_floors":[3],"current_hp_per_floor":[66,66,66,64,62,62,30,30,30,52,52,7,25,21,21,12,59,44,11,11,0,0],"gold":123,"neow_bonus":"BOSS_RELIC","is_daily":false,"chose_seed":false,"campfire_upgraded":3,"win_rate":0.0,"timestamp":1608168842,"path_taken":["M","?","$","?","M","R","E","R","T","R","$","E","?","M","R","BOSS","M","M","?","M"],"items_purchased_type":["Card"],"build_version":"2020-12-07","purchased_purges":1,"victory":false,"max_hp_per_floor":[75,75,75,75,75,75,75,75,75,75,75,75,75,75,75,75,75,78,81,81,81,81],"card_choices":[{"not_picked":["Sentinel","Havoc","Perfected Strike"],"picked":"SKIP","floor":1.0},{"not_picked":["Iron Wave","Flex"],"picked":"Ghostly Armor","floor":4.0},{"not_picked":["Heavy Blade","Perfected Strike","Intimidate"],"picked":"SKIP","floor":5.0},{"not_picked":["Intimidate","Headbutt"],"picked":"Twin Strike","floor":7.0},{"not_picked":["Iron Wave","Infernal Blade"],"picked":"Metallicize","floor":12.0},{"not_picked":["Anger","Reckless Charge"],"picked":"Rampage","floor":14.0},{"not_picked":["Offering","Barricade"],"picked":"Feed","floor":16},{"not_picked":["Havoc+1","Body Slam","Intimidate"],"picked":"SKIP","floor":18},{"not_picked":["Blood for Blood","True Grit","Sever Soul"],"picked":"SKIP","floor":19}],"player_experience":2367924,"relics_obtained":[{"floor":7.0,"key":"Magic Flower"},{"floor":9.0,"key":"Bottled Flame"},{"floor":12.0,"key":"Unceasing Top"}],"event_choices":[{"damage_healed":0.0,"max_hp_gain":0.0,"max_hp_loss":0.0,"gold_gain":0.0,"event_name":"WeMeetAgain","player_choice":"Gave Potion","floor":2.0,"gold_loss":0.0,"damage_taken":0.0,"relics_obtained":["White Beast Statue"]},{"damage_healed":18.0,"max_hp_gain":0.0,"max_hp_loss":0.0,"gold_gain":0.0,"event_name":"The Cleric","player_choice":"Healed","floor":13.0,"gold_loss":35.0,"damage_taken":0.0},{"damage_healed":0,"gold_gain":0,"player_choice":"Ignored","damage_taken":0,"max_hp_gain":0,"max_hp_loss":0,"event_name":"The Mausoleum","floor":20,"gold_loss":0}],"is_beta":true,"boss_relics":[{"not_picked":["Runic Cube","Fusion Hammer"],"picked":"Black Star"}],"items_purged_floors":[11],"is_endless":false,"potions_floor_spawned":[1,4,5,7,12,14,16,18,19],"killed_by":"Centurion and Healer","ascension_level":20}}