{"host":"87fdiiwflhrwsj8a","time":1608243085,"event":{"mods":["Aspiration","BaseMod","Better Match","Better Note","Better Third Choice","BetterRewards","Colored Map","GifTheSpireLib","Infinite Spire","Minty Spire (QoL Compilation)","Relic Sorter","Replay The Spire","Robot Space Explorer","StSLib","Stuff the Spire","The Cursed"],"gold_per_floor":[109,284,284,284,304,338,338,369,443,300,300,84,94,112,112,209,209,226,226,236,248,90,120,120,155,155,190,190,190,29,29,29,133,133,143,161,169,169,183,183,208,227,252,287,307,321,350,360,360,360,360,360,47,73,73],"floor_reached":56,"playtime":2489,"items_purged":[],"score":2164,"play_id":"66e9e280-1a47-496d-98ca-d6cc743708f9","local_time":"20201217171125","is_ascension_mode":true,"campfire_choices":[{"floor":7,"key":"REST"},{"data":"TheCursedMod:Torture","floor":15,"key":"SMITH"},{"data":"TheCursedMod:CleanUpWorkshop","floor":24,"key":"SMITH"},{"data":"TheCursedMod:DoubleShield","floor":28,"key":"SMITH"},{"data":"TheCursedMod:SpreadPlague","floor":32,"key":"SMITH"},{"floor":40,"key":"RECALL"},{"data":"Pot Of Greed","floor":49,"key":"SMITH"},{"data":"Pot Of Greed","floor":52,"key":"SMITH"}],"circlet_count":0,"master_deck":["TheCursedMod:Strike_TheCursed","TheCursedMod:Strike_TheCursed","TheCursedMod:Strike_TheCursed","TheCursedMod:Strike_TheCursed","TheCursedMod:Defend_TheCursed","TheCursedMod:Defend_TheCursed+1","TheCursedMod:Defend_TheCursed","TheCursedMod:Defend_TheCursed","TheCursedMod:CursedWand","TheCursedMod:CleanUpWorkshop+1","TheCursedMod:Dregs","TheCursedMod:CursedBlade","TheCursedMod:Torture+1","TheCursedMod:Evocation","Doubt","TheCursedMod:CursedBlade","TheCursedMod:CursedShiv","Enlightenment+1","TheCursedMod:CursedShiv+1","TheCursedMod:Torture+1","TheCursedMod:Mangle+1","TheCursedMod:CursedShiv","TheCursedMod:DoubleShield+1","TheCursedMod:ManaCirculation+1","TheCursedMod:CursedBlade+1","TheCursedMod:CursedShiv+1","TheCursedMod:SpitefulStrike+1","TheCursedMod:SpreadPlague+1","TheCursedMod:SurpriseAttack","TheCursedMod:SoulCrush+1","Shame","TheCursedMod:LuckyCharm+1","TheCursedMod:StunningStrike+1","TheCursedMod:SurpriseAttack","Shame","TheCursedMod:Wield+1","TheCursedMod:RapidMovement","TheCursedMod:SpitefulStrike+1","TheCursedMod:RapidMovement+1","Pot Of Greed+1","Pot Of Greed+1","Pot Of Greed","Pot Of Greed","TheCursedMod:ManaBullet+1","TheCursedMod:CursedArmor+1","TheCursedMod:SpitefulPray+1","TheCursedMod:AbyssShockwave+1","TheCursedMod:AshesToAshes+1"],"relics":["TheCursedMod:BlackMagicAdvanced","Shuriken","StuffTheSpire:Gunfinga","Replay:PocketPolymizer","StuffTheSpire:Wildfire","Mango","TheCursedMod:BloodyHarpoon","Anchor","Golden Egg","infinitespire:ShieldingShard","Membership Card","TheCursedMod:FourLeafCloverCharm","Bag of Preparation","TheCursedMod:Tack","aspiration:ChemicalBlood","Bottled Flame","infinitespire:EmpoweringShard","Dream Catcher","StuffTheSpire:Nightcore","Divine Protection","ReplayTheSpireMod:CursedCoin","Onion Ring","Blue Candle","Grinning Jar","Bottled Lightning","Lantern","aspiration:SeaSaltIceCream","NeowsBlessing","Medical Kit","Blood Vial"],"acts_visited":["Exordium","TheCity","TheBeyond","TheEnding"],"potions_floor_usage":[33,33,33],"damage_taken":[{"damage":0,"enemies":"2 Louse","floor":1,"turns":1},{"damage":0,"enemies":"Small Slimes","floor":5,"turns":2},{"damage":36,"enemies":"Gremlin Nob","floor":6,"turns":5},{"damage":10,"enemies":"3 Sentries","floor":8,"turns":4},{"damage":0,"enemies":"Jaw Worm","floor":13,"turns":2},{"damage":0,"enemies":"Blue Slaver","floor":14,"turns":2},{"damage":15,"enemies":"The Guardian","floor":16,"turns":7},{"damage":10,"enemies":"Shell Parasite","floor":18,"turns":3},{"damage":1,"enemies":"2 Thieves","floor":20,"turns":4},{"damage":4,"enemies":"3 Cultists","floor":21,"turns":4},{"damage":0,"enemies":"Gremlin Leader","floor":23,"turns":4},{"damage":7,"enemies":"Book of Stabbing","floor":25,"turns":3},{"damage":0,"enemies":"Replay:Snechameleon","floor":27,"turns":2},{"damage":33,"enemies":"Automaton","floor":33,"turns":7},{"damage":0,"enemies":"3 Darklings","floor":35,"turns":2},{"damage":0,"enemies":"Orb Walker","floor":36,"turns":2},{"damage":0,"enemies":"Maw","floor":39,"turns":4},{"damage":12,"enemies":"Giant Head","floor":41,"turns":6},{"damage":0,"enemies":"4 Shapes","floor":42,"turns":2},{"damage":0,"enemies":"R_Hoarder","floor":44,"turns":3},{"damage":0,"enemies":"Sphere and 2 Shapes","floor":45,"turns":2},{"damage":0,"enemies":"3 Darklings","floor":46,"turns":1},{"damage":0,"enemies":"Reptomancer","floor":47,"turns":2},{"damage":0,"enemies":"Transient","floor":48,"turns":5},{"damage":8,"enemies":"Awakened One","floor":50,"turns":6},{"damage":0,"enemies":"Shield and Spear","floor":54,"turns":1},{"damage":0,"enemies":"The Heart","floor":55,"turns":1}],"seed_played":"2269903280709976568","potions_obtained":[{"floor":1,"key":"Dexterity Potion"},{"floor":8,"key":"Dexterity Potion"},{"floor":20,"key":"LiquidMemories"},{"floor":33,"key":"Adrenaline Potion"},{"floor":35,"key":"Fire Potion"}],"is_trial":false,"path_per_floor":["M","?","?","?","M","E","R","E","T","$","?","$","M","M","R","B",null,"M","?","M","M","$","E","R","E","T","E","R","?","$","?","R","B",null,"M","M","$","?","M","R","E","M","T","E","M","M","E","M","R","B",null,"R","$","E","B",null],"character_chosen":"THE_CURSED","items_purchased":["Shuriken","StuffTheSpire:Gunfinga","TheCursedMod:CursedBlade","StuffTheSpire:Wildfire","TheCursedMod:BloodyHarpoon","TheCursedMod:Torture","Enlightenment","TheCursedMod:CursedShiv","Membership Card","TheCursedMod:Torture","TheCursedMod:Mangle","Bag of Preparation","TheCursedMod:Tack","TheCursedMod:SpitefulStrike","Divine Protection","TheCursedMod:LuckyCharm","ReplayTheSpireMod:CursedCoin","Onion Ring","TheCursedMod:Wield","Lantern","aspiration:SeaSaltIceCream","TheCursedMod:AbyssShockwave","Medical Kit"],"campfire_rested":1,"item_purchase_floors":[0,0,0,0,0,0,10,10,12,12,12,22,22,22,30,30,37,37,37,53,53,53,53],"current_hp_per_floor":[41,41,41,49,49,13,38,28,28,28,28,28,28,28,28,13,84,74,74,73,69,69,69,69,62,62,62,62,62,62,46,46,13,89,89,89,89,89,89,89,77,77,77,77,77,77,77,77,77,69,89,89,89,89,89],"gold":73,"neow_bonus":"","is_daily":false,"chose_seed":false,"campfire_upgraded":6,"win_rate":0.0,"timestamp":1608243085,"path_taken":["M","?","?","?","M","E","R","E","T","$","?","$","M","M","R","BOSS","M","?","M","M","$","E","R","E","T","E","R","?","$","?","R","BOSS","M","M","$","?","?","R","E","M","T","E","M","M","E","M","R","BOSS","R","$","E","BOSS"],"items_purchased_type":["Relic","Relic","Card","Relic","Relic","Card","Card","Card","Relic","Card","Card","Relic","Relic","Card","Relic","Card","Relic","Relic","Card","Relic","Relic","Card","Relic"],"build_version":"2020-12-13","purchased_purges":0,"victory":true,"max_hp_per_floor":[84,84,84,84,84,84,84,84,84,84,84,84,84,84,84,84,84,84,84,84,84,84,84,84,84,84,84,84,84,84,89,89,89,89,89,89,89,89,89,89,89,89,89,89,89,89,89,89,89,89,89,89,89,89,89],"card_choices":[{"not_picked":["TheCursedMod:BloodBarrier","TheCursedMod:SpitefulStrike"],"picked":"TheCursedMod:Evocation","floor":1},{"not_picked":["TheCursedMod:PrepareRite","TheCursedMod:SpitefulStrike"],"picked":"TheCursedMod:CursedBlade","floor":5},{"not_picked":["TheCursedMod:SmokeScreen","TheCursedMod:CircleOfBlood","TheCursedMod:SoulCrush"],"picked":"SKIP","floor":6},{"not_picked":["TheCursedMod:Obscuration","TheCursedMod:TacticalStrike"],"picked":"TheCursedMod:CursedShiv","floor":8},{"not_picked":["TheCursedMod:ReleasedKnowledge","TheCursedMod:SoulReap"],"picked":"TheCursedMod:CursedShiv","floor":13},{"not_picked":["TheCursedMod:CursedBoomerang","TheCursedMod:CursedMace"],"picked":"TheCursedMod:DoubleShield","floor":14},{"not_picked":["TheCursedMod:CursedRelics","TheCursedMod:UltimatePain"],"picked":"TheCursedMod:ManaCirculation","floor":16},{"not_picked":["TheCursedMod:CircleOfWindfury","TheCursedMod:CircleOfBlood","TheCursedMod:TroublousMinions"],"picked":"SKIP","floor":18},{"not_picked":["TheCursedMod:CursedAmulet","TheCursedMod:ReleasedKnowledge"],"picked":"TheCursedMod:CursedBlade+1","floor":20},{"not_picked":["TheCursedMod:RapidMovement","TheCursedMod:TacticalStrike"],"picked":"TheCursedMod:CursedShiv+1","floor":21},{"not_picked":["TheCursedMod:CursedShiv","TheCursedMod:BlessingInDisguise"],"picked":"TheCursedMod:SpreadPlague","floor":23},{"not_picked":["TheCursedMod:RapidMovement","TheCursedMod:EmpowerCircles"],"picked":"TheCursedMod:SurpriseAttack","floor":25},{"not_picked":["TheCursedMod:Evocation","TheCursedMod:Stretching"],"picked":"TheCursedMod:SoulCrush+1","floor":27},{"not_picked":["TheCursedMod:UltimatePain","TheCursedMod:CursedRelics"],"picked":"TheCursedMod:StunningStrike","floor":33},{"not_picked":["TheCursedMod:SpitefulStrike","TheCursedMod:CircleOfFlame"],"picked":"TheCursedMod:SurpriseAttack","floor":35},{"not_picked":["TheCursedMod:SoulReap+1","TheCursedMod:TroublousMinions+1","TheCursedMod:HellfireBreathing+1"],"picked":"SKIP","floor":36},{"not_picked":["TheCursedMod:Stigma+1","TheCursedMod:Stretching+1"],"picked":"TheCursedMod:RapidMovement","floor":39},{"not_picked":["TheCursedMod:RavingStaff","TheCursedMod:CursedBlade","TheCursedMod:SoulReap"],"picked":"SKIP","floor":41},{"not_picked":["TheCursedMod:SmokeScreen+1","TheCursedMod:Torture"],"picked":"TheCursedMod:SpitefulStrike+1","floor":42},{"not_picked":["TheCursedMod:CursedShiv","TheCursedMod:Stretching+1"],"picked":"TheCursedMod:RapidMovement+1","floor":44},{"not_picked":["TheCursedMod:ReleasedStrength+1","TheCursedMod:SmokeScreen+1"],"picked":"TheCursedMod:ManaBullet+1","floor":45},{"not_picked":["TheCursedMod:Wield","TheCursedMod:CursedAmulet"],"picked":"TheCursedMod:CursedArmor+1","floor":46},{"not_picked":["TheCursedMod:Torture+1","TheCursedMod:Stigma+1"],"picked":"TheCursedMod:SpitefulPray+1","floor":47},{"not_picked":["TheCursedMod:CircleOfFlame","TheCursedMod:SpitefulStrike","TheCursedMod:CursedShiv+1"],"picked":"SKIP","floor":48},{"not_picked":["TheCursedMod:TacticalStrike","TheCursedMod:ReleasedKnowledge+1"],"picked":"TheCursedMod:AshesToAshes+1","floor":54}],"player_experience":2564770,"relics_obtained":[{"floor":6,"key":"Anchor"},{"floor":8,"key":"Golden Egg"},{"floor":9,"key":"infinitespire:ShieldingShard"},{"floor":23,"key":"aspiration:ChemicalBlood"},{"floor":25,"key":"Bottled Flame"},{"floor":26,"key":"infinitespire:EmpoweringShard"},{"floor":27,"key":"Dream Catcher"},{"floor":41,"key":"Blue Candle"},{"floor":44,"key":"Grinning Jar"},{"floor":47,"key":"Bottled Lightning"},{"floor":54,"key":"Blood Vial"}],"event_choices":[{"damage_healed":0,"gold_gain":175,"player_choice":"AGREE","damage_taken":109,"max_hp_gain":0,"max_hp_loss":0,"event_name":"betterThird:BetterSerpent","floor":2,"gold_loss":0},{"damage_healed":0,"gold_gain":0,"player_choice":"Stole Relic","damage_taken":0,"relics_obtained":["StuffTheSpire:Nightcore"],"max_hp_gain":0,"max_hp_loss":0,"event_name":"Addict","floor":29,"gold_loss":0,"cards_obtained":["Shame"]},{"damage_healed":0,"gold_gain":0,"player_choice":"Shed Blood","damage_taken":21,"max_hp_gain":5,"max_hp_loss":0,"event_name":"Forgotten Altar","floor":31,"gold_loss":0},{"damage_healed":0,"gold_gain":0,"player_choice":"Ignored","damage_taken":0,"max_hp_gain":0,"max_hp_loss":0,"event_name":"Fountain of Cleansing","floor":38,"gold_loss":0}],"is_beta":false,"boss_relics":[{"not_picked":["aspiration:RunicSpoon","aspiration:SecretTechniqueScroll"],"picked":"TheCursedMod:FourLeafCloverCharm"},{"not_picked":["Black Star","Ring of Chaos"],"picked":"TheCursedMod:BlackMagicAdvanced"}],"items_purged_floors":[],"is_endless":false,"potions_floor_spawned":[1,8,20,21,23,35,41,42,45,48],"ascension_level":4}}