{"host":"8rwnpls8n88jrgbg","time":1608218633,"event":{"mods":["AchievementEnabler","BaseMod","Colored Map","Colored Powertips","DeckTracker","Keyboard Shortcuts","Minty Spire (QoL Compilation)","Relic Stats","StSLib","SuperFastMode"],"gold_per_floor":[112,112,130,130,3,3,46,66,66,91,91,10,81,81,81,180,180,204,204,104,104,128,128,143,143,168,189,205,228,228,263,263,359,359,374,397,347,680,215,215,215,242,242,259,259,272,307,317,317,317,317],"floor_reached":50,"playtime":3184,"items_purged":["Defend_G","Strike_G","Strike_G","Strike_G"],"score":1105,"play_id":"a1ea7b34-47c0-4568-bd55-88c81248139b","local_time":"20201218002353","is_ascension_mode":true,"campfire_choices":[{"data":"Infinite Blades","floor":6.0,"key":"SMITH"},{"data":"Choke","floor":11.0,"key":"SMITH"},{"data":"Reflex","floor":15.0,"key":"SMITH"},{"data":"Accuracy","floor":23.0,"key":"SMITH"},{"data":"After Image","floor":25.0,"key":"SMITH"},{"floor":30.0,"key":"REST"},{"floor":32.0,"key":"REST"},{"data":"Footwork","floor":40.0,"key":"SMITH"},{"data":"Storm of Steel","floor":45.0,"key":"SMITH"},{"floor":49.0,"key":"RECALL"}],"circlet_count":0,"master_deck":["AscendersBane","Strike_G","Defend_G","Defend_G","Defend_G","Defend_G","Survivor","Neutralize","Infinite Blades+1","Blade Dance","Storm of Steel+1","Choke+1","Reflex+1","Cloak And Dagger","After Image+1","Accuracy+1","Acrobatics+1","PiercingWail","Calculated Gamble+1","Adrenaline","Terror","Footwork+1","Adrenaline","Thinking Ahead","Backflip+1","Tactician+1","Adrenaline"],"relics":["Ring of the Snake","NeowsBlessing","Pantograph","StrikeDummy","Ancient Tea Set","WristBlade","Smiling Mask","Bag of Marbles","HoveringKite","Membership Card","Gambling Chip","Pen Nib","Letter Opener"],"acts_visited":["Exordium","TheCity","TheBeyond"],"potions_floor_usage":[],"damage_taken":[{"damage":0.0,"enemies":"Small Slimes","floor":1.0,"turns":1.0},{"damage":0.0,"enemies":"Cultist","floor":3.0,"turns":1.0},{"damage":0.0,"enemies":"Lagavulin","floor":7.0,"turns":1.0},{"damage":0.0,"enemies":"Jaw Worm","floor":8.0,"turns":5.0},{"damage":3.0,"enemies":"Large Slime","floor":10.0,"turns":6.0},{"damage":9.0,"enemies":"Lagavulin Event","floor":13.0,"turns":3.0},{"damage":55.0,"enemies":"The Guardian","floor":16.0,"turns":14.0},{"damage":2.0,"enemies":"2 Thieves","floor":18.0,"turns":4.0},{"damage":5.0,"enemies":"3 Byrds","floor":22.0,"turns":5.0},{"damage":11.0,"enemies":"Snake Plant","floor":24.0,"turns":3.0},{"damage":4.0,"enemies":"Shelled Parasite and Fungi","floor":27.0,"turns":2.0},{"damage":2.0,"enemies":"Snecko","floor":28.0,"turns":3.0},{"damage":10.0,"enemies":"Chosen and Byrds","floor":29.0,"turns":6.0},{"damage":12.0,"enemies":"Slavers","floor":31.0,"turns":4.0},{"damage":59.0,"enemies":"Automaton","floor":33.0,"turns":9.0},{"damage":16.0,"enemies":"3 Shapes","floor":35.0,"turns":7.0},{"damage":5.0,"enemies":"Orb Walker","floor":36.0,"turns":4.0},{"damage":0.0,"enemies":"Writhing Mass","floor":44.0,"turns":2.0},{"damage":0.0,"enemies":"4 Shapes","floor":46.0,"turns":3.0},{"damage":0.0,"enemies":"Giant Head","floor":47.0,"turns":2.0},{"damage":0.0,"enemies":"Spire Growth","floor":48.0,"turns":1.0},{"damage":77,"enemies":"Time Eater","floor":50,"turns":8}],"seed_played":"2427790754198721602","potions_obtained":[{"floor":1.0,"key":"Swift Potion"},{"floor":8.0,"key":"SkillPotion"},{"floor":16.0,"key":"Weak Potion"},{"floor":24.0,"key":"Energy Potion"},{"floor":27.0,"key":"Energy Potion"},{"floor":31.0,"key":"FairyPotion"},{"floor":35.0,"key":"LiquidMemories"}],"is_trial":false,"path_per_floor":["M","?","M","?","$","R","E","M","T","M","R","$","?","?","R","B",null,"M","?","$","?","M","R","M","R","T","M","M","M","R","E","R","B",null,"M","M","$","?","$","R","?","T","T","M","R","M","E","M","R","B"],"character_chosen":"THE_SILENT","items_purchased":["Blade Dance","Reflex","Membership Card","Gambling Chip","Adrenaline"],"campfire_rested":2,"item_purchase_floors":[5,12,39,39,39],"current_hp_per_floor":[59,59,59,59,59,59,59,59,59,56,56,56,47,47,47,5,46,44,44,44,44,39,39,28,28,28,24,22,12,30,18,36,1,45,29,24,24,24,24,24,24,24,24,24,24,24,24,24,24,0,0],"gold":317,"neow_bonus":"THREE_ENEMY_KILL","is_daily":false,"chose_seed":false,"campfire_upgraded":7,"win_rate":0.0,"timestamp":1608218633,"path_taken":["M","?","?","?","$","R","E","M","T","M","R","$","?","?","R","BOSS","M","?","$","?","?","R","?","R","T","M","M","M","R","E","R","BOSS","M","M","$","?","$","R","?","?","T","M","R","M","E","M","R","BOSS"],"items_purchased_type":["Card","Card","Relic","Relic","Card"],"build_version":"2020-12-13","purchased_purges":4,"victory":false,"max_hp_per_floor":[66,66,66,60,60,60,60,60,60,60,60,60,60,60,60,60,60,60,60,60,60,60,60,60,60,60,60,60,60,60,60,60,60,60,60,60,60,60,60,60,60,60,60,60,60,60,60,60,60,60,60],"relic_stats":{"counters":[22,94],"Pantograph":62,"Gambling Chip":[16],"HoveringKite":[23],"Pen Nib":[6],"Letter Opener":[30],"Smiling Mask":100,"obtain_stats":[{"NeowsBlessing":0,"Golden Idol":4,"HoveringKite":34,"Pen Nib":43,"Letter Opener":47,"Ancient Tea Set":13,"Smiling Mask":26,"WristBlade":17,"Pantograph":7,"Gambling Chip":39,"Bag of Marbles":31,"Membership Card":39,"StrikeDummy":9,"Ring of the Snake":0},{"NeowsBlessing":0,"Golden Idol":2,"HoveringKite":15,"Pen Nib":17,"Letter Opener":20,"Ancient Tea Set":6,"Smiling Mask":10,"WristBlade":7,"Pantograph":3,"Gambling Chip":17,"Bag of Marbles":14,"Membership Card":17,"StrikeDummy":4,"Ring of the Snake":0},{"NeowsBlessing":0,"Golden Idol":2,"HoveringKite":67,"Pen Nib":78,"Letter Opener":85,"Ancient Tea Set":17,"Smiling Mask":43,"WristBlade":31,"Pantograph":3,"Gambling Chip":78,"Bag of Marbles":58,"Membership Card":78,"StrikeDummy":8,"Ring of the Snake":0}],"Ring of the Snake":[44]},"card_choices":[{"not_picked":["Distraction","Prepared","Backflip"],"picked":"SKIP","floor":1.0},{"not_picked":["Cloak And Dagger","Slice"],"picked":"Infinite Blades","floor":3.0},{"not_picked":["Cloak And Dagger","Underhanded Strike"],"picked":"Storm of Steel","floor":7.0},{"not_picked":["Sucker Punch","Distraction","Caltrops"],"picked":"SKIP","floor":8.0},{"not_picked":["Sucker Punch","Expertise"],"picked":"Choke","floor":10.0},{"not_picked":["Acrobatics","Infinite Blades"],"picked":"Cloak And Dagger","floor":13.0},{"not_picked":["Wraith Form v2","Envenom"],"picked":"After Image","floor":16.0},{"not_picked":["Outmaneuver","Sucker Punch+1","Deadly Poison"],"picked":"SKIP","floor":18.0},{"not_picked":["Dodge and Roll","Leg Sweep","Quick Slash"],"picked":"SKIP","floor":22.0},{"not_picked":["Prepared","Bane"],"picked":"Acrobatics+1","floor":24.0},{"not_picked":["Blur","Well Laid Plans"],"picked":"PiercingWail","floor":27.0},{"not_picked":["Prepared","Dagger Throw","Underhanded Strike"],"picked":"SKIP","floor":28.0},{"not_picked":["Prepared","Dagger Throw","Underhanded Strike"],"picked":"SKIP","floor":28.0},{"not_picked":["Concentrate","Dagger Throw","Underhanded Strike"],"picked":"SKIP","floor":29.0},{"not_picked":["Endless Agony","Deadly Poison"],"picked":"Calculated Gamble+1","floor":31.0},{"not_picked":["Tools of the Trade","Storm of Steel"],"picked":"Adrenaline","floor":33.0},{"not_picked":["Infinite Blades","Prepared"],"picked":"Terror","floor":35.0},{"not_picked":["Deadly Poison","Bane"],"picked":"Footwork","floor":36.0},{"not_picked":["Mind Blast","Forethought"],"picked":"Thinking Ahead","floor":41.0},{"not_picked":["Outmaneuver","Backstab+1"],"picked":"Backflip+1","floor":44.0},{"not_picked":["Acrobatics","Sucker Punch","Backflip"],"picked":"SKIP","floor":46.0},{"not_picked":["Acrobatics","Expertise"],"picked":"Tactician+1","floor":47.0},{"not_picked":["Dodge and Roll","Deadly Poison"],"picked":"Adrenaline","floor":48.0}],"player_experience":1455275,"relics_obtained":[{"floor":7.0,"key":"Pantograph"},{"floor":9.0,"key":"StrikeDummy"},{"floor":13.0,"key":"Ancient Tea Set"},{"floor":26.0,"key":"Smiling Mask"},{"floor":31.0,"key":"Bag of Marbles"},{"floor":43.0,"key":"Pen Nib"},{"floor":47.0,"key":"Letter Opener"}],"event_choices":[{"cards_removed":["Strike_G"],"damage_healed":0.0,"max_hp_gain":0.0,"max_hp_loss":0.0,"gold_gain":0.0,"event_name":"Purifier","player_choice":"Purged","floor":2.0,"gold_loss":0.0,"damage_taken":0.0},{"damage_healed":0.0,"max_hp_gain":0.0,"max_hp_loss":6.0,"gold_gain":0.0,"event_name":"Golden Idol","player_choice":"Lose Max HP","floor":4.0,"gold_loss":0.0,"damage_taken":0.0,"relics_obtained":["Golden Idol"]},{"damage_healed":0.0,"max_hp_gain":0.0,"max_hp_loss":0.0,"gold_gain":0.0,"event_name":"Dead Adventurer","player_choice":"Searched \u00271\u0027 times","floor":13.0,"gold_loss":0.0,"damage_taken":0.0},{"damage_healed":0.0,"max_hp_gain":0.0,"max_hp_loss":0.0,"gold_gain":0.0,"event_name":"Liars Game","player_choice":"Ignored","floor":14.0,"gold_loss":0.0,"damage_taken":0.0},{"damage_healed":0.0,"max_hp_gain":0.0,"max_hp_loss":0.0,"gold_gain":0.0,"event_name":"The Library","player_choice":"Read","floor":19.0,"gold_loss":0.0,"damage_taken":0.0,"cards_obtained":["Accuracy"]},{"damage_healed":0.0,"max_hp_gain":0.0,"max_hp_loss":0.0,"gold_gain":0.0,"event_name":"The Mausoleum","player_choice":"Ignored","floor":21.0,"gold_loss":0.0,"damage_taken":0.0},{"damage_healed":0.0,"max_hp_gain":0.0,"max_hp_loss":0.0,"gold_gain":333.0,"event_name":"The Moai Head","player_choice":"Gave Idol","floor":38.0,"relics_lost":["Golden Idol"],"gold_loss":0.0,"damage_taken":0.0},{"damage_healed":0.0,"max_hp_gain":0.0,"max_hp_loss":0.0,"gold_gain":0.0,"event_name":"SensoryStone","player_choice":"Memory 1","floor":41.0,"gold_loss":0.0,"damage_taken":0.0}],"is_beta":false,"boss_relics":[{"not_picked":["SacredBark","SlaversCollar"],"picked":"WristBlade"},{"not_picked":["Cursed Key","Velvet Choker"],"picked":"HoveringKite"}],"items_purged_floors":[5,20,37,39],"is_endless":false,"potions_floor_spawned":[1,8,16,24,27,29,31,35,36,44,48],"killed_by":"Time Eater","ascension_level":20}}