{"host":"gt2xw11t93hs94eb","time":1608166325,"event":{"mods":["Act Like it!","Aspiration","BaseMod","Colored Powertips","Minty Spire (QoL Compilation)","Pale of the Ancients","Quick Restart","Replay The Spire","Shop Mod","Spicy Shops","StSLib","Td1madao Mod","The Gatherer","篝火指南"],"gold_per_floor":[99,99,119,138,37,37,37,67,90,90,117,143,143,162,7,84,84,84],"floor_reached":17,"playtime":1593,"items_purged":[],"score":567,"play_id":"4f02cf61-4361-406f-be64-2cfb54225453","local_time":"20201217015205","daily_mods":["Draft","Specialized","Vintage","Allstar","Diverse","Colorless Cards","Heirloom","Flight"],"is_ascension_mode":true,"campfire_choices":[{"data":"Black Execution","floor":6,"key":"SMITH"},{"data":"Sucker Punch","floor":6,"key":"SMITH"}],"circlet_count":1,"master_deck":["Demon Form","Wraith Form v2","Echo Form","DevaForm","Gatherer:BomberForm","AscendersBane","Reaper","Reaper","Reaper","Reaper","Reaper","Sucker Punch+1","Shrug It Off","Sudden Beat","Gatherer:FlowerFalling","Black Shadow","Twin Strike","Backstab","Bandage Up","Glacier","Outmaneuver","Black Execution+1","Havoc","Self Repair+1","Poisoned Stab","Adrenaline","Flying Knee","Darkness","Regret","Leap","Coolheaded","Pride","Reboot","CurseOfTheBell"],"relics":["Replay:Arrowhead","Iron Core","aspiration:ChemicalBlood","ReplayFunnel","The Courier","MerchantsRug","Du-Vu Doll","Happy Flower","Frozen Egg 2","Circlet","Snack Pack","Onion Ring","Membership Card","Smiling Mask","Calling Bell","Bag of Marbles","Divine Protection","Replay:Towering Pillar of Hats"],"acts_visited":["Exordium","TheCity"],"potions_floor_usage":[11,14,16,16,16],"damage_taken":[{"damage":15,"enemies":"2 Louse","floor":3,"turns":3},{"damage":12,"enemies":"Small Slimes","floor":4,"turns":2},{"damage":18,"enemies":"3 Sentries","floor":8,"turns":7},{"damage":35,"enemies":"Lagavulin","floor":11,"turns":4},{"damage":11,"enemies":"Gremlin Nob","floor":12,"turns":3},{"damage":9,"enemies":"Cultist","floor":14,"turns":3},{"damage":43,"enemies":"The Guardian","floor":16,"turns":7}],"seed_played":"-787534068476395777","potions_obtained":[{"floor":4,"key":"ColorlessPotion"},{"floor":11,"key":"Explosive Potion"},{"floor":14,"key":"Dexterity Potion"},{"floor":14,"key":"LiquidBronze"},{"floor":16,"key":"Explosive Potion"},{"floor":16,"key":"SteroidPotion"}],"is_trial":true,"path_per_floor":["?","?","M","M","$","R","?","E","T","?","E","E","?","M","R","B",null],"character_chosen":"IRONCLAD","items_purchased":["MerchantsRug","Membership Card","Smiling Mask"],"campfire_rested":0,"item_purchase_floors":[5,15,15],"current_hp_per_floor":[68,42,33,25,25,25,25,49,49,49,24,41,75,66,66,75,75,75],"gold":84,"neow_bonus":"","is_daily":false,"chose_seed":true,"campfire_upgraded":2,"win_rate":0.0,"timestamp":1608166325,"path_taken":["?","?","M","M","$","R","?","E","T","?","E","E","?","M","R","BOSS"],"items_purchased_type":["Relic","Relic","Relic"],"build_version":"2020-12-13","purchased_purges":0,"victory":false,"max_hp_per_floor":[75,75,75,75,75,75,75,75,75,75,75,75,75,75,75,75,75,75],"card_choices":[{"not_picked":["Shrug It Off","Blade Dance"],"picked":"Sucker Punch","floor":0.0},{"not_picked":["Clothesline","Acrobatics"],"picked":"Shrug It Off","floor":0.0},{"not_picked":["Headbutt","Run Through"],"picked":"Sudden Beat","floor":0.0},{"not_picked":["PiercingWail","Rupture"],"picked":"Gatherer:FlowerFalling","floor":0.0},{"not_picked":["Draining Mist","Load Balancing"],"picked":"Black Shadow","floor":0.0},{"not_picked":["White Contract","Panic Button"],"picked":"Anger","floor":0.0},{"not_picked":["Gatherer:Nutrients","White Contract"],"picked":"Gatherer:WoolGloves","floor":0.0},{"not_picked":["Tempest","PiercingWail"],"picked":"Twin Strike","floor":0.0},{"not_picked":["Entrench","Gatherer:ScentOfRosmari"],"picked":"Backstab","floor":0.0},{"not_picked":["White Contract","Body Slam"],"picked":"Bandage Up","floor":0.0},{"not_picked":["Gatherer:TreeGrowth","Cooling Song"],"picked":"Glacier","floor":0.0},{"not_picked":["Fluid Movement","Lockon"],"picked":"Perfected Strike","floor":0.0},{"not_picked":["Panic Button","Gatherer:EnergyBasket"],"picked":"Outmaneuver","floor":0.0},{"not_picked":["Fluid Movement","Streamline"],"picked":"Black Execution","floor":0.0},{"not_picked":["Heavy Blade","Rupture"],"picked":"Havoc","floor":0.0},{"not_picked":["Preloading","Twin Strike"],"picked":"Darkness","floor":8},{"not_picked":["Deadly Poison","Dagger Throw"],"picked":"Leap","floor":11},{"not_picked":["Calculated Gamble","Headbutt"],"picked":"Coolheaded","floor":12},{"not_picked":["Thunder Strike","Gatherer:StoneFence+1"],"picked":"Reboot","floor":16}],"player_experience":273722,"relics_obtained":[{"floor":3,"key":"ReplayFunnel"},{"floor":4,"key":"The Courier"},{"floor":8,"key":"Du-Vu Doll"},{"floor":9,"key":"Happy Flower"},{"floor":11,"key":"Circlet"},{"floor":12,"key":"Snack Pack"},{"floor":14,"key":"Onion Ring"},{"floor":17,"key":"Bag of Marbles"},{"floor":17,"key":"Divine Protection"},{"floor":17,"key":"Replay:Towering Pillar of Hats"}],"event_choices":[{"damage_healed":0.0,"max_hp_gain":0.0,"max_hp_loss":0.0,"gold_gain":0.0,"event_name":"Scrap Ooze","player_choice":"Success","floor":2.0,"gold_loss":0.0,"damage_taken":26.0,"relics_obtained":["aspiration:ChemicalBlood"]},{"damage_healed":0,"gold_gain":0,"player_choice":"Box","damage_taken":0,"relics_obtained":["Frozen Egg 2"],"max_hp_gain":0,"max_hp_loss":0,"event_name":"Big Fish","floor":10,"gold_loss":0,"cards_obtained":["Regret"]},{"damage_healed":34,"gold_gain":0,"player_choice":"Full Heal","damage_taken":0,"max_hp_gain":0,"max_hp_loss":0,"event_name":"Wheel of Change","floor":13,"gold_loss":0}],"is_beta":false,"boss_relics":[{"not_picked":["Replay:Bronze Core","Busted Crown"],"picked":"Calling Bell"}],"items_purged_floors":[],"is_endless":true,"potions_floor_spawned":[4,11,14,16],"ascension_level":20}}