{"host":"gkm149kh1ihaqy0o","time":1608166102,"event":{"mods":["AchievementEnabler","BaseMod","Colored Powertips","Googly Eyes","Key Reminder","Minty Spire (QoL Compilation)","Permanent Neow","Quick Restart","Random Character Button","Rare Cards Sparkle","Relic Sorter","Relic Stats","SuperFastMode","Unceasing Turn Reminder","everything is the same but u backflip on backflip"],"gold_per_floor":[114,114,129,98,23,23,23,38,38,38,38,38,53,83,83,183,183,183,183],"floor_reached":18,"playtime":486,"items_purged":["Strike_B"],"score":208,"play_id":"2e04baa3-4c95-4999-b71a-b2db73ff7e0f","local_time":"20201216184822","daily_mods":["Specialized","Flight","Lethality"],"is_ascension_mode":false,"campfire_choices":[{"data":"White Noise","floor":6,"key":"SMITH"},{"data":"White Noise","floor":7,"key":"SMITH"},{"data":"Genetic Algorithm","floor":11,"key":"SMITH"},{"data":"White Noise","floor":12,"key":"SMITH"},{"data":"Storm","floor":15,"key":"SMITH"}],"circlet_count":0,"master_deck":["Strike_B","Strike_B","Strike_B","Defend_B","Defend_B","Defend_B","Defend_B","Zap","Dualcast","White Noise","White Noise+1","White Noise+1","White Noise+1","White Noise+1","Self Repair","Storm+1","Genetic Algorithm+1","Self Repair","Amplify"],"relics":["Cracked Core","Pear","Strawberry","Busted Crown"],"acts_visited":["Exordium","TheCity"],"potions_floor_usage":[18],"damage_taken":[{"damage":9,"enemies":"Cultist","floor":1,"turns":3},{"damage":8,"enemies":"2 Louse","floor":3,"turns":2},{"damage":4,"enemies":"Jaw Worm","floor":8,"turns":3},{"damage":13,"enemies":"2 Fungi Beasts","floor":13,"turns":2},{"damage":6,"enemies":"3 Sentries","floor":14,"turns":2},{"damage":65,"enemies":"Hexaghost","floor":16,"turns":5},{"damage":92,"enemies":"3 Byrds","floor":18,"turns":2}],"seed_played":"-4230686447748436371","potions_obtained":[{"floor":8,"key":"FearPotion"},{"floor":14,"key":"PotionOfCapacity"}],"is_trial":false,"path_per_floor":["M","?","M","?","$","R","R","M","T","$","R","R","M","E","R","B",null,"M"],"character_chosen":"DEFECT","items_purchased":[],"campfire_rested":0,"item_purchase_floors":[],"current_hp_per_floor":[66,66,58,58,58,58,58,61,71,71,71,71,58,66,66,15,92,0,0],"gold":183,"neow_bonus":"","is_daily":true,"chose_seed":false,"campfire_upgraded":5,"win_rate":0.0,"timestamp":1608166102,"path_taken":["M","?","M","?","$","R","R","M","T","?","R","R","M","E","R","BOSS","M"],"items_purchased_type":[],"build_version":"2020-12-13","purchased_purges":1,"victory":false,"max_hp_per_floor":[75,75,75,75,75,75,75,75,85,85,85,85,85,92,92,92,92,92,92],"relic_stats":{"Busted Crown":0,"counters":[7,19],"obtain_stats":[{"Pear":9,"Busted Crown":17,"Strawberry":14,"Cracked Core":0},{"Pear":3,"Busted Crown":6,"Strawberry":5,"Cracked Core":0},{"Pear":8,"Busted Crown":17,"Strawberry":12,"Cracked Core":0}]},"card_choices":[{"not_picked":["Redo","Ball Lightning"],"picked":"Self Repair","floor":1},{"not_picked":["Barrage","Blizzard"],"picked":"Storm","floor":3},{"not_picked":["Auto Shields","Reinforced Body"],"picked":"Genetic Algorithm","floor":8},{"not_picked":["Undo","Streamline","Stack"],"picked":"SKIP","floor":13},{"not_picked":["Tempest","Recycle"],"picked":"Self Repair","floor":14},{"not_picked":["Machine Learning","Fission"],"picked":"Amplify","floor":16}],"player_experience":579899,"relics_obtained":[{"floor":9,"key":"Pear"},{"floor":14,"key":"Strawberry"}],"event_choices":[{"damage_healed":0,"gold_gain":0,"player_choice":"Grow","damage_taken":0,"max_hp_gain":0,"max_hp_loss":0,"event_name":"Living Wall","floor":2,"gold_loss":0,"cards_upgraded":["White Noise"]},{"damage_healed":0,"gold_gain":0,"player_choice":"Left Gold","damage_taken":0,"max_hp_gain":0,"max_hp_loss":0,"event_name":"World of Goop","floor":4,"gold_loss":31}],"is_beta":false,"boss_relics":[{"not_picked":["Runic Pyramid","Astrolabe"],"picked":"Busted Crown"}],"items_purged_floors":[5],"is_endless":false,"potions_floor_spawned":[8,14],"killed_by":"3 Byrds","ascension_level":0}}