{"host":"mn5ze3eyhx81nlo2","time":1608240725,"event":{"mods":["BaseMod","Block Reminder","Challenge The Spire","Downfall","Hermit","Hubris","Infinite Spire","Minty Spire (QoL Compilation)","Quick Restart","Replay The Spire","Shade Mod","StSLib","The Cursed","The Druid","The Hierophant","The Runesmith","Unceasing Turn Reminder"],"gold_per_floor":[99,99,111,111,111,111,183,208,208,208,219,219,129,129,145,246,246,21,38,50,35,46,46,46,46,46,76,88,73,86,86,103,208,208,208,225,210,35,70,90,90,90,104,104,104,120,120,130,150,150,150,150,150],"floor_reached":52,"playtime":2962,"items_purged":["champ:Strike"],"score":735,"play_id":"9fe52278-8474-4d6e-85ad-0c8dafdadd73","local_time":"20201217213205","is_ascension_mode":true,"campfire_choices":[{"data":"champ:Taunt","floor":1.0,"key":"SMITH"},{"data":"champ:Backstep","floor":4.0,"key":"SMITH"},{"data":"champ:Execute","floor":6.0,"key":"SMITH"},{"floor":10.0,"key":"RECALL"},{"data":"champ:Improvising","floor":18.0,"key":"SMITH"},{"data":"champ:StanceDance","floor":23.0,"key":"SMITH"},{"data":"champ:DefensiveStyle","floor":25.0,"key":"SMITH"},{"data":"champ:IronFortress","floor":35.0,"key":"SMITH"},{"floor":42.0,"key":"REST"},{"data":"champ:FanOfKnives","floor":44.0,"key":"SMITH"}],"circlet_count":0,"master_deck":["champ:Strike","champ:Strike","champ:Strike+1","champ:Defend","champ:Defend","champ:Defend","champ:Defend+1","champ:Execute+1","champ:Taunt+1","champ:Backstep+1","champ:FaceSlap","champ:DefensiveStyle+1","champ:StanceDance+1","champ:Improvising+1","champ:FanOfKnives+1","champ:IronFortress+1","champ:BerserkerStyle+1","champ:FlashCut","champ:CalledShot","champ:GutPunch+1"],"relics":["champ:ChampionCrown","Anchor","champ:SpectersHand","TungstenRod","champ:ChampionCrownUpgraded","downfall:HeartBlessingRed","downfall:HeartBlessingGreen","downfall:HeartBlessingBlue","Pantograph","Akabeko","Black Star","ClockworkSouvenir","Ornamental Fan","ReplayTheSpireMod:Lightbulb","Simple Rune","Counterbalance","Toxic Egg 2"],"acts_visited":["Exordium","TheCity","TheBeyond","TheEnding"],"potions_floor_usage":[50,50,50],"damage_taken":[{"damage":5.0,"enemies":"2 Louse","floor":3.0,"turns":2.0},{"damage":41.0,"enemies":"Gremlin Nob","floor":8.0,"turns":6.0},{"damage":0.0,"enemies":"Cultist","floor":9.0,"turns":1.0},{"damage":4.0,"enemies":"Jaw Worm","floor":11.0,"turns":2.0},{"damage":8.0,"enemies":"downfall:FleeingMerchant","floor":13.0,"turns":4.0},{"damage":10.0,"enemies":"2 Fungi Beasts","floor":15.0,"turns":5.0},{"damage":27.0,"enemies":"downfall:Ironclad","floor":16.0,"turns":8.0},{"damage":21.0,"enemies":"Spheric Guardian","floor":19.0,"turns":6.0},{"damage":13.0,"enemies":"3 Byrds","floor":20.0,"turns":7.0},{"damage":8.0,"enemies":"downfall:FleeingMerchant","floor":21.0,"turns":4.0},{"damage":17.0,"enemies":"Snake Plant","floor":22.0,"turns":4.0},{"damage":43.0,"enemies":"Slavers","floor":27.0,"turns":9.0},{"damage":7.0,"enemies":"Centurion and Healer","floor":28.0,"turns":5.0},{"damage":0.0,"enemies":"downfall:FleeingMerchant","floor":29.0,"turns":4.0},{"damage":20.0,"enemies":"Chosen and Byrds","floor":30.0,"turns":5.0},{"damage":8.0,"enemies":"3 Cultists","floor":32.0,"turns":5.0},{"damage":39.0,"enemies":"downfall:Watcher","floor":33.0,"turns":7.0},{"damage":20.0,"enemies":"3 Shapes","floor":36.0,"turns":8.0},{"damage":9.0,"enemies":"downfall:FleeingMerchant","floor":37.0,"turns":4.0},{"damage":8.0,"enemies":"downfall:FleeingMerchant","floor":38.0,"turns":3.0},{"damage":74.0,"enemies":"Giant Head","floor":39.0,"turns":11.0},{"damage":10.0,"enemies":"3 Darklings","floor":40.0,"turns":5.0},{"damage":10.0,"enemies":"Spire Growth","floor":43.0,"turns":4.0},{"damage":6.0,"enemies":"Maw","floor":46.0,"turns":8.0},{"damage":36.0,"enemies":"Transient","floor":48.0,"turns":5.0},{"damage":12.0,"enemies":"3 Darklings","floor":49.0,"turns":5.0},{"damage":27,"enemies":"downfall:Silent","floor":50,"turns":5},{"damage":138,"enemies":"downfall:CharBossMerchant","floor":52,"turns":10}],"seed_played":"-2418840664053586840","potions_obtained":[{"floor":11.0,"key":"SneckoOil"},{"floor":15.0,"key":"PowerPotion"},{"floor":20.0,"key":"FearPotion"},{"floor":22.0,"key":"PowerPotion"},{"floor":28.0,"key":"Dexterity Potion"},{"floor":32.0,"key":"infinitespire:BlackPotion"},{"floor":39.0,"key":"LifebloodPotion"},{"floor":40.0,"key":"Swift Potion"},{"floor":45.0,"key":"champ:OpenerPotion"},{"floor":49.0,"key":"infinitespire:BlackPotion"}],"is_trial":false,"path_per_floor":["R","?","M","R","?","R","T","E","M","R","M","T","$","?","M","B",null,"R","M","M","$","M","R","T","R","?","E","M","$","M","?","M","B",null,"R","M","$","$","E","M","T","R","M","R","?","M","AVR","M","M","B",null,"E"],"character_chosen":"THE_CHAMP","items_purchased":["champ:CalledShot","ClockworkSouvenir","Ornamental Fan","PowerPotion"],"campfire_rested":1,"item_purchase_floors":[38,38,38,38],"current_hp_per_floor":[90,90,90,90,90,90,90,59,59,59,60,60,62,62,57,35,90,100,82,85,85,73,73,73,73,73,38,39,39,29,29,31,36,100,100,100,100,95,45,54,54,84,96,96,96,100,100,78,94,82,100,0,0],"gold":150,"neow_bonus":"RANDOM_COMMON_RELIC","is_daily":false,"chose_seed":false,"campfire_upgraded":8,"win_rate":0.0,"timestamp":1608240725,"path_taken":["R","?","M","R","?","R","T","E","?","R","M","?","$","?","M","BOSS","R","M","M","$","M","R","T","R","?","E","M","$","M","?","M","BOSS","R","M","$","$","E","M","T","R","M","R","?","M","AVR","?","M","BOSS","E"],"items_purchased_type":["Card","Relic","Relic","Potion"],"build_version":"2020-12-13","purchased_purges":1,"victory":false,"max_hp_per_floor":[90,90,90,90,90,90,90,90,90,90,90,90,90,90,90,90,90,100,100,100,100,100,100,100,100,100,100,100,100,100,100,100,100,100,100,100,100,100,100,100,100,100,100,100,100,100,100,100,100,100,100,100,100],"card_choices":[{"not_picked":["champ:AdrenalArmor","champ:FocusedGladiator"],"picked":"champ:Backstep","floor":3.0},{"not_picked":["champ:RageSigil","champ:PreciseThrust","champ:FocusedBerserking"],"picked":"SKIP","floor":8.0},{"not_picked":["champ:FocusedGladiator","champ:ShieldSigil","champ:DefensiveShout"],"picked":"SKIP","floor":9.0},{"not_picked":["champ:RapidStrikes","champ:HeavySlash","champ:Haymaker"],"picked":"SKIP","floor":11.0},{"not_picked":["champ:PerfectedStrike","champ:FocusedGladiator"],"picked":"champ:FaceSlap","floor":13.0},{"not_picked":["champ:ShieldSigil","champ:DefensiveStyle"],"picked":"champ:StanceDance","floor":15.0},{"not_picked":["champ:VampiricStrike","champ:EnchantShield"],"picked":"champ:Improvising","floor":16.0},{"not_picked":["champ:ShieldSigil","champ:TornadoPunch","champ:HeartStrike+1"],"picked":"SKIP","floor":19.0},{"not_picked":["champ:StanceDance","champ:RageSigil"],"picked":"champ:FanOfKnives","floor":20.0},{"not_picked":["champ:FalseCounter","champ:CrookedStrike","champ:DefensiveShout"],"picked":"SKIP","floor":21.0},{"not_picked":["champ:Aggression+1","champ:FaceSlap+1","champ:RageSigil"],"picked":"SKIP","floor":22.0},{"not_picked":["champ:DeathBlow","champ:BringItOn","champ:RageSigil"],"picked":"SKIP","floor":27.0},{"not_picked":["champ:FalseCounter","champ:PerfectedStrike","champ:HoldFirm"],"picked":"SKIP","floor":28.0},{"not_picked":["champ:BerserkersShout","champ:ShieldSigil"],"picked":"champ:IronFortress","floor":29.0},{"not_picked":["champ:ShieldSigil","champ:Aggression","champ:BerserkersShout+1"],"picked":"SKIP","floor":30.0},{"not_picked":["champ:BerserkersShout","champ:RageSigil"],"picked":"champ:BerserkerStyle+1","floor":32.0},{"not_picked":["champ:TornadoPunch","champ:Duel+1"],"picked":"champ:FlashCut","floor":36.0},{"not_picked":["champ:PerfectedStrike+1","champ:Circumvent+1","champ:CrookedStrike+1"],"picked":"SKIP","floor":37.0},{"not_picked":["champ:ShieldSigil+1","champ:FaceSlap","champ:Improvising"],"picked":"SKIP","floor":38.0},{"not_picked":["champ:BerserkersShout","champ:Haymaker+1"],"picked":"champ:GutPunch+1","floor":39.0},{"not_picked":["champ:Backstep","champ:RapidStrikes+1","champ:PerfectedStrike+1"],"picked":"SKIP","floor":40.0},{"not_picked":["champ:PerfectedStrike","champ:PreciseThrust","champ:Duel+1"],"picked":"SKIP","floor":43.0},{"not_picked":["champ:EnGarde","champ:StanceDance","champ:BringItOn"],"picked":"SKIP","floor":46.0},{"not_picked":["champ:HeartStrike+1","champ:FlashCut+1","champ:Haymaker"],"picked":"SKIP","floor":48.0},{"not_picked":["champ:Encircle","champ:FanOfKnives","champ:RisingSlash"],"picked":"SKIP","floor":49.0}],"player_experience":906409,"relics_obtained":[{"floor":7.0,"key":"champ:SpectersHand"},{"floor":8.0,"key":"TungstenRod"},{"floor":24.0,"key":"Pantograph"},{"floor":27.0,"key":"Akabeko"},{"floor":39.0,"key":"ReplayTheSpireMod:Lightbulb"},{"floor":39.0,"key":"Simple Rune"},{"floor":41.0,"key":"Counterbalance"}],"event_choices":[{"damage_healed":0.0,"max_hp_gain":0.0,"max_hp_loss":0.0,"gold_gain":0.0,"event_name":"Lab","player_choice":"Got Potions","floor":45.0,"gold_loss":0.0,"damage_taken":0.0}],"is_beta":false,"boss_relics":[{"not_picked":["Kintsugi","SacredBark"],"picked":"champ:ChampionCrownUpgraded"},{"not_picked":["Velvet Choker","Coffee Dripper"],"picked":"Black Star"}],"items_purged_floors":[13],"is_endless":false,"potions_floor_spawned":[11,15,20,22,28,32,39,40,46,48,49],"killed_by":"downfall:CharBossMerchant","ascension_level":1}}