{"host":"yb1yv0i4ygq2c9jc","time":1608206919,"event":{"mods":["AchievementEnabler","BaseMod","Bestiary","Better Third Choice","Colored Powertips","Displayed Cursed Tome","Downfall","Mimic Mod","Minty Spire (QoL Compilation)","Rare Cards Sparkle","Relic Stats","StSLib","The Servant 0.9.4"],"gold_per_floor":[99,134,134,234,234,249,249,277,277,303,303,753,753,770,790,887,887,812,494,508,521,535,535,535,563,563,589,600,700,303,318,330,432,432,432,446,477,402,435,449,483,483,408,439,450,16,29,42,59,59],"floor_reached":51,"playtime":3051,"items_purged":["Strike_R","Strike_R","Strike_R"],"score":884,"play_id":"7912f757-48ef-4b12-acdc-fc2cb2316b12","local_time":"20201217040839","is_ascension_mode":true,"campfire_choices":[{"data":"Bash","floor":1.0,"key":"SMITH"},{"data":"Armaments","floor":9.0,"key":"SMITH"},{"data":"1","floor":18.0,"key":"LIFT"},{"data":"2","floor":23.0,"key":"LIFT"},{"data":"3","floor":26.0,"key":"LIFT"},{"floor":35.0,"key":"RECALL"},{"data":"Uppercut","floor":38.0,"key":"SMITH"},{"data":"Exhume","floor":43.0,"key":"SMITH"}],"circlet_count":0,"master_deck":["Strike_R","Defend_R","Defend_R","Defend_R","Defend_R","Bash+1","Flame Barrier","Pommel Strike","Combust","Armaments+1","Burning Pact","Rupture+1","Slimebound:Icky","Slimebound:Icky","Slimebound:Icky","Fire Breathing","Reaper","Uppercut+1","Reaper","Inflame","Sentinel","Thunderclap","Burning Pact+1","Evolve","Exhume+1","Spot Weakness+1","Dark Embrace+1","True Grit+1","Rupture+1","Metallicize+1","Uppercut+1","Rupture+1"],"relics":["Burning Blood","downfall:HeartsMalice","Orichalcum","Red Skull","Lizard Tail","Regal Pillow","InkBottle","Girya","Mark of Pain","downfall:HeartBlessingGreen","Sundial","MealTicket","Pear","Bottled Tornado","Runic Pyramid","Mercury Hourglass","downfall:HeartBlessingRed","Bird Faced Urn","downfall:HeartBlessingBlue","Turnip","Thread and Needle"],"acts_visited":["Exordium","TheCity","TheBeyond"],"potions_floor_usage":[49],"damage_taken":[{"damage":0.0,"enemies":"Lagavulin","floor":2.0,"turns":1.0},{"damage":0.0,"enemies":"Cultist","floor":3.0,"turns":1.0},{"damage":0.0,"enemies":"Jaw Worm","floor":5.0,"turns":1.0},{"damage":4.0,"enemies":"2 Louse","floor":6.0,"turns":3.0},{"damage":18.0,"enemies":"3 Sentries","floor":8.0,"turns":8.0},{"damage":14.0,"enemies":"Gremlin Nob","floor":10.0,"turns":5.0},{"damage":4.0,"enemies":"Exordium Thugs","floor":14.0,"turns":6.0},{"damage":11.0,"enemies":"3 Louse","floor":15.0,"turns":4.0},{"damage":34.0,"enemies":"downfall:Watcher","floor":16.0,"turns":9.0},{"damage":8.0,"enemies":"downfall:FleeingMerchant","floor":19.0,"turns":4.0},{"damage":15.0,"enemies":"3 Byrds","floor":20.0,"turns":3.0},{"damage":14.0,"enemies":"Shell Parasite","floor":21.0,"turns":6.0},{"damage":12.0,"enemies":"Snecko","floor":22.0,"turns":6.0},{"damage":42.0,"enemies":"Book of Stabbing","floor":25.0,"turns":6.0},{"damage":43.0,"enemies":"Gremlin Leader","floor":27.0,"turns":7.0},{"damage":26.0,"enemies":"Sentry and Sphere","floor":28.0,"turns":5.0},{"damage":13.0,"enemies":"downfall:FleeingMerchant","floor":30.0,"turns":4.0},{"damage":21.0,"enemies":"Snake Plant","floor":31.0,"turns":5.0},{"damage":16.0,"enemies":"Centurion and Healer","floor":32.0,"turns":7.0},{"damage":53.0,"enemies":"downfall:Ironclad","floor":33.0,"turns":9.0},{"damage":57.0,"enemies":"3 Darklings","floor":36.0,"turns":6.0},{"damage":96.0,"enemies":"Reptomancer","floor":37.0,"turns":8.0},{"damage":47.0,"enemies":"Nemesis","floor":39.0,"turns":9.0},{"damage":22.0,"enemies":"Orb Walker","floor":40.0,"turns":5.0},{"damage":14.0,"enemies":"Sphere and 2 Shapes","floor":41.0,"turns":10.0},{"damage":97.0,"enemies":"Giant Head","floor":44.0,"turns":9.0},{"damage":29.0,"enemies":"Sphere and 2 Shapes","floor":45.0,"turns":9.0},{"damage":10,"enemies":"downfall:FleeingMerchant","floor":46,"turns":4},{"damage":16,"enemies":"3 Darklings","floor":47,"turns":4},{"damage":48,"enemies":"Jaw Worm Horde","floor":48,"turns":4},{"damage":29,"enemies":"4 Shapes","floor":49,"turns":4},{"damage":53,"enemies":"downfall:Defect","floor":50,"turns":8}],"seed_played":"4237710688328812507","potions_obtained":[{"floor":6.0,"key":"Fire Potion"},{"floor":10.0,"key":"Regen Potion"},{"floor":14.0,"key":"PowerPotion"},{"floor":22.0,"key":"Block Potion"},{"floor":27.0,"key":"Explosive Potion"},{"floor":28.0,"key":"LiquidBronze"},{"floor":31.0,"key":"SpeedPotion"},{"floor":32.0,"key":"SkillPotion"},{"floor":36.0,"key":"ColorlessPotion"},{"floor":37.0,"key":"Regen Potion"},{"floor":44.0,"key":"Explosive Potion"},{"floor":45.0,"key":"BloodPotion"},{"floor":48,"key":"PowerPotion"}],"is_trial":false,"path_per_floor":["R","E","M","?","M","M","T","E","R","E","?","?","?","M","M","B",null,"R","$","M","M","M","R","T","E","R","E","M","?","$","M","M","B",null,"R","M","E","R","E","M","MIM","?","R","E","M","$","M","M","M","B",null],"character_chosen":"IRONCLAD","items_purchased":["Reaper","Inflame","Sentinel","Bottled Tornado","Evolve","Thread and Needle"],"campfire_rested":0,"item_purchase_floors":[19,19,19,30,30,46],"current_hp_per_floor":[80,80,80,80,80,80,80,68,68,60,60,60,50,52,47,34,80,80,78,69,74,76,76,76,41,41,67,58,58,90,90,90,69,90,90,61,34,34,26,63,67,67,77,100,100,100,100,100,100,100],"gold":59,"neow_bonus":"THREE_ENEMY_KILL","is_daily":false,"chose_seed":false,"campfire_upgraded":4,"win_rate":0.0,"timestamp":1608206919,"path_taken":["R","E","?","?","?","M","T","E","R","E","?","?","?","M","M","BOSS","R","$","M","M","M","R","T","E","R","E","M","?","?","M","M","BOSS","R","M","E","R","E","M","MIM","?","R","E","M","$","M","?","M","BOSS"],"items_purchased_type":["Card","Card","Card","Relic","Card","Relic"],"build_version":"2020-12-13","purchased_purges":3,"victory":true,"max_hp_per_floor":[80,80,80,80,80,80,80,80,80,80,80,80,80,80,80,80,80,80,80,80,80,80,80,80,80,80,90,90,90,90,90,90,90,90,90,90,90,90,90,90,90,90,100,100,100,100,100,100,100,100],"relic_stats":{"Lizard Tail":0,"Regal Pillow":0,"counters":[32,176],"Sundial":[10],"Bird Faced Urn":[62],"MealTicket":15,"Turnip":[5],"Orichalcum":[330],"obtain_stats":[{"Girya":13,"Regal Pillow":10,"Pear":27,"downfall:HeartBlessingRed":38,"downfall:HeartsMalice":0,"downfall:HeartBlessingGreen":18,"Thread and Needle":46,"Orichalcum":2,"Bottled Tornado":30,"Burning Blood":0,"Mercury Hourglass":37,"Lizard Tail":8,"Sundial":24,"downfall:HeartBlessingBlue":43,"Bird Faced Urn":39,"MealTicket":25,"Mark of Pain":17,"Turnip":44,"Red Skull":7,"InkBottle":13,"Runic Pyramid":34},{"Girya":6,"Regal Pillow":6,"Pear":15,"downfall:HeartBlessingRed":22,"downfall:HeartsMalice":0,"downfall:HeartBlessingGreen":9,"Thread and Needle":28,"Orichalcum":1,"Bottled Tornado":17,"Burning Blood":0,"Mercury Hourglass":22,"Lizard Tail":5,"Sundial":13,"downfall:HeartBlessingBlue":25,"Bird Faced Urn":23,"MealTicket":14,"Mark of Pain":9,"Turnip":26,"Red Skull":4,"InkBottle":6,"Runic Pyramid":20},{"Girya":16,"Regal Pillow":16,"Pear":67,"downfall:HeartBlessingRed":111,"downfall:HeartsMalice":0,"downfall:HeartBlessingGreen":35,"Thread and Needle":157,"Orichalcum":0,"Bottled Tornado":76,"Burning Blood":0,"Mercury Hourglass":111,"Lizard Tail":11,"Sundial":54,"downfall:HeartBlessingBlue":135,"Bird Faced Urn":120,"MealTicket":60,"Mark of Pain":35,"Turnip":144,"Red Skull":3,"InkBottle":16,"Runic Pyramid":97}],"Burning Blood":117,"InkBottle":[48],"Mercury Hourglass":[163]},"card_choices":[{"not_picked":["Havoc","Brutality"],"picked":"Flame Barrier","floor":2.0},{"not_picked":["True Grit","Anger"],"picked":"Pommel Strike","floor":3.0},{"not_picked":["Entrench","Iron Wave"],"picked":"Combust","floor":5.0},{"not_picked":["Rage","Hemokinesis"],"picked":"Armaments","floor":6.0},{"not_picked":["Flame Barrier","Twin Strike"],"picked":"Burning Pact","floor":8.0},{"not_picked":["Flex","Flame Barrier"],"picked":"Rupture","floor":10.0},{"not_picked":["Sword Boomerang","Infernal Blade"],"picked":"Fire Breathing","floor":14.0},{"not_picked":["Carnage","Flame Barrier","Clash"],"picked":"SKIP","floor":15.0},{"not_picked":["Bludgeon","Exhume"],"picked":"Reaper","floor":16.0},{"not_picked":["Rampage","Spot Weakness+1"],"picked":"Uppercut","floor":19.0},{"not_picked":["Armaments","Power Through","Perfected Strike"],"picked":"SKIP","floor":20.0},{"not_picked":["Searing Blow","Whirlwind"],"picked":"Thunderclap","floor":21.0},{"not_picked":["Wild Strike","Twin Strike"],"picked":"Burning Pact+1","floor":22.0},{"not_picked":["Flex+1","Carnage","Heavy Blade+1"],"picked":"SKIP","floor":25.0},{"not_picked":["Clothesline","Warcry","Combust"],"picked":"SKIP","floor":27.0},{"not_picked":["Havoc+1","Anger","Thunderclap"],"picked":"SKIP","floor":28.0},{"not_picked":["Clothesline","Shrug It Off","Headbutt+1"],"picked":"SKIP","floor":30.0},{"not_picked":["Twin Strike","Thunderclap","Fiend Fire"],"picked":"SKIP","floor":31.0},{"not_picked":["Sword Boomerang","Heavy Blade","Headbutt+1"],"picked":"SKIP","floor":32.0},{"not_picked":["Barricade","Impervious"],"picked":"Exhume","floor":33.0},{"not_picked":["Sever Soul","Searing Blow","Wild Strike"],"picked":"SKIP","floor":36.0},{"not_picked":["Entrench+1","Ghostly Armor"],"picked":"Spot Weakness+1","floor":37.0},{"not_picked":["Sword Boomerang+1","Anger"],"picked":"Dark Embrace+1","floor":39.0},{"not_picked":["Wild Strike+1","Dark Embrace+1"],"picked":"True Grit+1","floor":40.0},{"not_picked":["Burning Pact","Thunderclap+1"],"picked":"Rupture+1","floor":41.0},{"not_picked":["Warcry+1","Fire Breathing"],"picked":"Metallicize+1","floor":44.0},{"not_picked":["Perfected Strike+1","Havoc","Bludgeon"],"picked":"SKIP","floor":45.0},{"not_picked":["Anger","Reckless Charge"],"picked":"Uppercut+1","floor":46},{"not_picked":["Warcry","Armaments"],"picked":"Rupture+1","floor":47},{"not_picked":["Shrug It Off+1","Pommel Strike+1","Rupture"],"picked":"SKIP","floor":48},{"not_picked":["Sever Soul","Carnage+1","Clash+1"],"picked":"SKIP","floor":49}],"player_experience":360060,"relics_obtained":[{"floor":2.0,"key":"Orichalcum"},{"floor":7.0,"key":"Red Skull"},{"floor":8.0,"key":"Lizard Tail"},{"floor":10.0,"key":"Regal Pillow"},{"floor":24.0,"key":"Sundial"},{"floor":25.0,"key":"MealTicket"},{"floor":27.0,"key":"Pear"},{"floor":37.0,"key":"Mercury Hourglass"},{"floor":39.0,"key":"Bird Faced Urn"},{"floor":44.0,"key":"Turnip"}],"event_choices":[{"cards_removed":["Strike_R"],"damage_healed":0.0,"max_hp_gain":0.0,"max_hp_loss":0.0,"gold_gain":0.0,"event_name":"The Cleric","player_choice":"Card Removal","floor":11.0,"gold_loss":0.0,"damage_taken":0.0},{"damage_healed":0.0,"max_hp_gain":0.0,"max_hp_loss":0.0,"gold_gain":1.0,"event_name":"betterThird:BetterScrap","player_choice":"Relic Relic ","floor":13.0,"gold_loss":0.0,"damage_taken":10.0,"cards_obtained":["ForeignInfluence"]},{"damage_healed":0.0,"max_hp_gain":0.0,"max_hp_loss":0.0,"gold_gain":0.0,"event_name":"Upgrade Shrine","player_choice":"Upgraded","floor":42.0,"gold_loss":0.0,"damage_taken":0.0,"cards_upgraded":["Rupture"]}],"is_beta":false,"boss_relics":[{"not_picked":["Busted Crown","Calling Bell"],"picked":"Mark of Pain"},{"not_picked":["Black Blood","Empty Cage"],"picked":"Runic Pyramid"}],"items_purged_floors":[19,30,46],"is_endless":false,"potions_floor_spawned":[6,10,14,22,27,28,31,32,36,37,44,45,48],"ascension_level":1}}