{"host":"a1eatafr7pisesky","time":1608186754,"event":{"mods":["BaseMod","Colored Map","DeckTracker","Highlight Path","Keyboard Shortcuts","Minty Spire (QoL Compilation)","Permanent Neow","Random Character Button","StSLib","SuperFastMode","everything is the same but u backflip on backflip"],"gold_per_floor":[112,112,112,132,143,174,124,153,179,179,179,191,205,233,233,338,338,353,373,298,298,223,223,249,19,19,30,45,45,59,85,85,184,184,199,1198,774,774,794,820,820,820],"floor_reached":41,"playtime":987,"items_purged":["Strike_R","Strike_R","Strike_R"],"score":737,"play_id":"42d85d90-ab4a-4cbd-a84f-dd97157e17d6","local_time":"20201217153234","is_ascension_mode":true,"campfire_choices":[{"floor":10.0,"key":"REST"},{"data":"Seeing Red","floor":15.0,"key":"SMITH"},{"data":"Immolate","floor":23.0,"key":"SMITH"},{"data":"Fiend Fire","floor":32.0,"key":"SMITH"}],"circlet_count":0,"master_deck":["Defend_R","Defend_R","Defend_R","Defend_R","Bash","Shrug It Off","Dark Shackles","Sword Boomerang","Seeing Red+1","Reaper","Uppercut","Sword Boomerang","Immolate+1","Evolve","Shrug It Off","Corruption","Body Slam","Necronomicurse","Burning Pact","Bloodletting","Fiend Fire+1","Impervious","Double Tap","Burning Pact+1"],"relics":["Burning Blood","PreservedInsect","Dream Catcher","Akabeko","Vajra","Mark of Pain","Necronomicon","Pear","Anchor","Omamori","Coffee Dripper","Calipers","White Beast Statue"],"acts_visited":["Exordium","TheCity","TheBeyond"],"potions_floor_usage":[33],"damage_taken":[{"damage":10.0,"enemies":"Small Slimes","floor":1.0,"turns":4.0},{"damage":6.0,"enemies":"Cultist","floor":4.0,"turns":4.0},{"damage":2.0,"enemies":"2 Louse","floor":5.0,"turns":3.0},{"damage":52.0,"enemies":"Lagavulin","floor":6.0,"turns":8.0},{"damage":24.0,"enemies":"3 Sentries","floor":8.0,"turns":7.0},{"damage":3.0,"enemies":"2 Fungi Beasts","floor":12.0,"turns":3.0},{"damage":33.0,"enemies":"Large Slime","floor":13.0,"turns":5.0},{"damage":8.0,"enemies":"Gremlin Nob","floor":14.0,"turns":3.0},{"damage":0.0,"enemies":"Slime Boss","floor":16.0,"turns":5.0},{"damage":28.0,"enemies":"Shell Parasite","floor":18.0,"turns":5.0},{"damage":31.0,"enemies":"2 Thieves","floor":19.0,"turns":4.0},{"damage":17.0,"enemies":"Gremlin Leader","floor":24.0,"turns":4.0},{"damage":5.0,"enemies":"Snecko","floor":27.0,"turns":4.0},{"damage":16.0,"enemies":"3 Cultists","floor":28.0,"turns":4.0},{"damage":11.0,"enemies":"Shelled Parasite and Fungi","floor":30.0,"turns":4.0},{"damage":40,"enemies":"Champ","floor":33,"turns":7},{"damage":0,"enemies":"Orb Walker","floor":35,"turns":2},{"damage":22,"enemies":"3 Darklings","floor":39,"turns":4},{"damage":35,"enemies":"Giant Head","floor":40,"turns":6},{"damage":42,"enemies":"Transient","floor":41,"turns":3}],"seed_played":"-4099468078736290247","potions_obtained":[{"floor":0.0,"key":"Block Potion"},{"floor":0.0,"key":"LiquidBronze"},{"floor":0.0,"key":"EssenceOfSteel"},{"floor":8.0,"key":"BlessingOfTheForge"},{"floor":12.0,"key":"SteroidPotion"},{"floor":24.0,"key":"Fire Potion"},{"floor":40,"key":"FearPotion"}],"is_trial":false,"path_per_floor":["M","?","?","M","M","E","?","E","T","R","?","M","M","E","R","B",null,"M","M","$","?","?","R","E","$","T","M","M","?","M","T","R","B",null,"M","?","$","?","M","E","M"],"character_chosen":"IRONCLAD","items_purchased":["DuplicationPotion","BlessingOfTheForge","Calipers"],"campfire_rested":1,"item_purchase_floors":[25,25,37],"current_hp_per_floor":[68,68,68,68,72,26,26,20,20,44,49,56,37,35,35,48,76,54,55,55,39,39,39,38,38,38,46,61,42,49,49,49,25,81,87,87,87,87,71,42,0,0],"gold":820,"neow_bonus":"THREE_SMALL_POTIONS","is_daily":false,"chose_seed":false,"campfire_upgraded":3,"win_rate":0.0,"timestamp":1608186754,"path_taken":["M","?","?","?","M","E","?","E","T","R","?","M","M","E","R","BOSS","M","M","$","?","?","R","E","$","T","M","M","?","?","?","R","BOSS","M","?","$","?","M","E","?"],"items_purchased_type":["Potion","Potion","Relic"],"build_version":"2020-12-13","purchased_purges":3,"victory":false,"max_hp_per_floor":[80,80,80,80,80,80,80,80,80,80,85,85,85,85,85,85,85,85,85,85,85,85,85,95,95,95,95,95,100,100,100,100,100,100,100,100,100,100,100,100,100,100],"card_choices":[{"not_picked":["Perfected Strike","Feel No Pain"],"picked":"Shrug It Off","floor":1.0},{"not_picked":["Iron Wave","Pommel Strike"],"picked":"Sword Boomerang","floor":4.0},{"not_picked":["Dual Wield","Sword Boomerang"],"picked":"Seeing Red","floor":5.0},{"not_picked":["Pommel Strike","Combust"],"picked":"Reaper","floor":6.0},{"not_picked":["Wild Strike","Shrug It Off"],"picked":"Uppercut","floor":8.0},{"not_picked":["Havoc","Twin Strike"],"picked":"Sword Boomerang","floor":10.0},{"not_picked":["Shrug It Off","Warcry"],"picked":"Immolate","floor":12.0},{"not_picked":["Clash","Uppercut"],"picked":"Evolve","floor":13.0},{"not_picked":["Perfected Strike","Seeing Red"],"picked":"Shrug It Off","floor":14.0},{"not_picked":["Bludgeon","Brutality"],"picked":"Corruption","floor":16.0},{"not_picked":["Iron Wave","Clothesline"],"picked":"Body Slam","floor":18.0},{"not_picked":["Rupture+1","Body Slam","Rampage+1"],"picked":"SKIP","floor":19.0},{"not_picked":["True Grit","Cleave"],"picked":"Burning Pact","floor":24.0},{"not_picked":["Heavy Blade+1","Cleave","Perfected Strike"],"picked":"SKIP","floor":27.0},{"not_picked":["Wild Strike","Headbutt+1"],"picked":"Bloodletting","floor":28.0},{"not_picked":["Wild Strike","Flex"],"picked":"Fiend Fire","floor":30.0},{"not_picked":["Exhume","Reaper"],"picked":"Impervious","floor":33},{"not_picked":["Pommel Strike+1","Havoc+1","Clothesline+1"],"picked":"SKIP","floor":35},{"not_picked":["Twin Strike+1","Metallicize+1","Perfected Strike+1"],"picked":"SKIP","floor":39},{"not_picked":["Armaments","Combust"],"picked":"Burning Pact+1","floor":40}],"player_experience":211257,"relics_obtained":[{"floor":6.0,"key":"PreservedInsect"},{"floor":8.0,"key":"Dream Catcher"},{"floor":9.0,"key":"Akabeko"},{"floor":14.0,"key":"Vajra"},{"floor":21.0,"key":"Necronomicon"},{"floor":24.0,"key":"Pear"},{"floor":26.0,"key":"Anchor"},{"floor":31.0,"key":"Omamori"},{"floor":40,"key":"White Beast Statue"}],"event_choices":[{"damage_healed":0.0,"max_hp_gain":0.0,"max_hp_loss":0.0,"gold_gain":0.0,"event_name":"Liars Game","player_choice":"Ignored","floor":2.0,"gold_loss":0.0,"damage_taken":0.0},{"damage_healed":0.0,"max_hp_gain":0.0,"max_hp_loss":0.0,"gold_gain":0.0,"event_name":"Match and Keep!","player_choice":"1 cards matched","floor":3.0,"gold_loss":0.0,"damage_taken":0.0,"cards_obtained":["Dark Shackles"]},{"cards_removed":["Strike_R"],"damage_healed":0.0,"max_hp_gain":0.0,"max_hp_loss":0.0,"gold_gain":0.0,"event_name":"The Cleric","player_choice":"Card Removal","floor":7.0,"gold_loss":50.0,"damage_taken":0.0},{"damage_healed":0.0,"max_hp_gain":5.0,"max_hp_loss":0.0,"gold_gain":0.0,"event_name":"Big Fish","player_choice":"Donut","floor":11.0,"gold_loss":0.0,"damage_taken":0.0},{"damage_healed":0.0,"max_hp_gain":0.0,"max_hp_loss":0.0,"gold_gain":0.0,"event_name":"Cursed Tome","player_choice":"Obtained Book","floor":21.0,"gold_loss":0.0,"damage_taken":16.0},{"cards_removed":["Strike_R"],"damage_healed":0.0,"max_hp_gain":0.0,"max_hp_loss":0.0,"gold_gain":0.0,"event_name":"Beggar","player_choice":"Gave Gold","floor":22.0,"gold_loss":75.0,"damage_taken":0.0},{"damage_healed":0.0,"max_hp_gain":5.0,"max_hp_loss":0.0,"gold_gain":0.0,"event_name":"Forgotten Altar","player_choice":"Shed Blood","floor":29.0,"gold_loss":0.0,"damage_taken":24.0},{"damage_healed":0,"gold_gain":999,"player_choice":"Gold","damage_taken":0,"max_hp_gain":0,"max_hp_loss":0,"event_name":"MindBloom","floor":36,"gold_loss":0,"cards_obtained":["Normality","Normality"]},{"damage_healed":0,"gold_gain":0,"player_choice":"1 cards matched","damage_taken":0,"max_hp_gain":0,"max_hp_loss":0,"event_name":"Match and Keep!","floor":38,"gold_loss":0,"cards_obtained":["Double Tap"]}],"is_beta":false,"boss_relics":[{"not_picked":["Fusion Hammer","Philosopher\u0027s Stone"],"picked":"Mark of Pain"},{"not_picked":["Runic Pyramid","Runic Dome"],"picked":"Coffee Dripper"}],"items_purged_floors":[20,25,37],"is_endless":false,"potions_floor_spawned":[1,4,8,12,24,28,40],"killed_by":"Transient","ascension_level":7}}