{"host":"bnypxyuqqfhejs48","time":1608192795,"event":{"mods":["AchievementEnabler","BaseMod","Colored Map","Colored Powertips","Downfall","Hermit","MarisaÅiñ∂âJÅ@ñÇóùçπÅj","Minty Spire (QoL Compilation)","Permanent Neow","Quick Restart","Relic Sorter","StSLib"],"gold_per_floor":[99,134,584,597,33,48,102,117,117,148,148,148,166,166,183,183,183],"floor_reached":16,"playtime":712,"items_purged":["Slimebound:Icky"],"score":110,"play_id":"0ef0f8b4-adcc-48ae-869c-bd34b05ffba9","local_time":"20201217021315","is_ascension_mode":false,"campfire_choices":[{"data":"champ:Taunt","floor":1.0,"key":"SMITH"},{"data":"champ:GladiatorStyle","floor":9.0,"key":"SMITH"}],"circlet_count":0,"master_deck":["champ:Strike","champ:Strike","champ:Strike","champ:Strike","champ:Defend","champ:Defend","champ:Defend","champ:Defend","champ:Execute","champ:Taunt+1","champ:HeavySlash","Slimebound:Icky","Slimebound:Icky","champ:Encircle","champ:ViciousMockery","champ:GladiatorStyle+1","expansioncontent:GuardianWhirl+1","champ:TornadoPunch+1","champ:Backstep","champ:CheapShot+1","champ:FanOfKnives+1","champ:FocusedGladiator"],"relics":["champ:ChampionCrown","Juzu Bracelet","Dream Catcher","Molten Egg 2","Omamori","Letter Opener","Gremlin Horn","downfall:BrokenWingStatue"],"acts_visited":["Exordium"],"potions_floor_usage":[16],"damage_taken":[{"damage":34.0,"enemies":"Gremlin Nob","floor":2.0,"turns":5.0},{"damage":20.0,"enemies":"Jaw Worm","floor":4.0,"turns":5.0},{"damage":4.0,"enemies":"downfall:FleeingMerchant","floor":5.0,"turns":4.0},{"damage":8.0,"enemies":"Small Slimes","floor":6.0,"turns":2.0},{"damage":2.0,"enemies":"Cultist","floor":8.0,"turns":2.0},{"damage":27,"enemies":"3 Sentries","floor":10,"turns":3},{"damage":0,"enemies":"Blue Slaver","floor":13,"turns":4},{"damage":10,"enemies":"2 Fungi Beasts","floor":15,"turns":4},{"damage":17,"enemies":"downfall:Silent","floor":16,"turns":2}],"seed_played":"-7388718793857511500","potions_obtained":[{"floor":4.0,"key":"Regen Potion"},{"floor":8.0,"key":"champ:OpenerPotion"},{"floor":10,"key":"PowerPotion"}],"is_trial":false,"path_per_floor":["R","E","?","M","$","M","T","M","R","E","?","T","M","?","M","B"],"character_chosen":"THE_CHAMP","items_purchased":["Molten Egg 2","champ:GladiatorStyle","expansioncontent:GuardianWhirl+1","champ:TornadoPunch+1"],"campfire_rested":0,"item_purchase_floors":[5,5,5,5],"current_hp_per_floor":[90,66,66,46,58,50,50,50,50,23,23,23,23,23,17,0,0],"gold":183,"neow_bonus":"RANDOM_COMMON_RELIC","is_daily":false,"chose_seed":false,"campfire_upgraded":2,"win_rate":0.0,"timestamp":1608192795,"path_taken":["R","E","?","M","$","M","T","M","R","E","?","?","M","?","M","BOSS"],"items_purchased_type":["Relic","Card","Card","Card"],"build_version":"2020-12-13","purchased_purges":1,"victory":false,"max_hp_per_floor":[90,90,90,90,90,90,90,90,90,90,90,90,90,90,90,90,90],"card_choices":[{"not_picked":["champ:Backstep","champ:CalledShot"],"picked":"champ:HeavySlash","floor":2.0},{"not_picked":["champ:FightOn","champ:Haymaker"],"picked":"champ:Encircle","floor":4.0},{"not_picked":["champ:GladiatorsShout","champ:FightOn"],"picked":"champ:ViciousMockery","floor":5.0},{"not_picked":["champ:FocusedDefense","champ:Circumvent"],"picked":"champ:Backstep","floor":6.0},{"not_picked":["champ:DeathBlow+1","champ:Encircle+1"],"picked":"champ:CheapShot+1","floor":8.0},{"not_picked":["champ:Shatter+1","champ:Circumvent"],"picked":"champ:FanOfKnives+1","floor":10},{"not_picked":["champ:BringItOn","champ:Duel+1","champ:RisingSlash+1"],"picked":"SKIP","floor":13},{"not_picked":["champ:BerserkerStyle","champ:TornadoPunch+1"],"picked":"champ:FocusedGladiator","floor":15}],"player_experience":296429,"relics_obtained":[{"floor":2.0,"key":"Dream Catcher"},{"floor":7.0,"key":"Omamori"},{"floor":10,"key":"Letter Opener"},{"floor":12,"key":"Gremlin Horn"}],"event_choices":[],"is_beta":false,"boss_relics":[],"items_purged_floors":[5],"is_endless":false,"potions_floor_spawned":[4,8,10],"killed_by":"downfall:Silent","ascension_level":0}}