{"host":"sav7uxregyirlf69","time":1608185719,"event":{"mods":["AchievementEnabler","BaseMod","Colored Map","DeckTracker","Keyboard Shortcuts","Minty Spire (QoL Compilation)","READ ME - Guardian Mod","StSLib","SuperFastMode"],"gold_per_floor":[116,116,76,1,19,19,19,19,19,35,35,65,77,89,89,166,166,183,183,83,83,83,83,101,101,101,130,141,141,152,164,164,240,240,250,263,103,0,0,0,0],"floor_reached":40,"playtime":868,"items_purged":["Strike_G","Defend_G"],"score":808,"play_id":"0ba9107b-23b6-45bf-9073-75883f93bf41","local_time":"20201217151519","is_ascension_mode":true,"campfire_choices":[{"data":"Noxious Fumes","floor":6,"key":"SMITH"},{"floor":8,"key":"REST"},{"floor":15,"key":"REST"},{"data":"Outmaneuver","floor":23,"key":"SMITH"},{"data":"Crippling Poison","floor":25,"key":"SMITH"},{"floor":32,"key":"REST"}],"circlet_count":0,"master_deck":["AscendersBane","Strike_G","Defend_G+1","Defend_G","Defend_G","Survivor","Neutralize+1","Masterful Stab","Noxious Fumes+1","Leg Sweep","PiercingWail","Deadly Poison","Adrenaline","Poisoned Stab+1","Calculated Gamble+1","Riddle With Holes+1","Outmaneuver+1","Reflex","Crippling Poison+1","Acrobatics","Corpse Explosion","Well Laid Plans+1","Prepared+1","Madness","Madness"],"relics":["Ring of the Snake","Pantograph","Toy Ornithopter","Orichalcum","Astrolabe","Kunai","Letter Opener","NlothsMask","Sozu","Snake Skull","Red Mask"],"acts_visited":["Exordium","TheCity","TheBeyond"],"potions_floor_usage":[12,13,16,27,33,33,40],"damage_taken":[{"damage":7,"enemies":"Small Slimes","floor":1,"turns":5},{"damage":0,"enemies":"Cultist","floor":5,"turns":4},{"damage":0,"enemies":"Jaw Worm","floor":10,"turns":4},{"damage":19,"enemies":"3 Sentries","floor":12,"turns":7},{"damage":5,"enemies":"Large Slime","floor":13,"turns":5},{"damage":0,"enemies":"2 Fungi Beasts","floor":14,"turns":5},{"damage":13,"enemies":"The Guardian","floor":16,"turns":10},{"damage":6,"enemies":"Shell Parasite","floor":18,"turns":6},{"damage":1,"enemies":"3 Byrds","floor":24,"turns":5},{"damage":36,"enemies":"Slavers","floor":27,"turns":5},{"damage":5,"enemies":"Centurion and Healer","floor":28,"turns":7},{"damage":7,"enemies":"3 Cultists","floor":30,"turns":4},{"damage":0,"enemies":"Chosen and Byrds","floor":31,"turns":5},{"damage":70,"enemies":"Collector","floor":33,"turns":11},{"damage":20,"enemies":"3 Darklings","floor":35,"turns":3},{"damage":9,"enemies":"Orb Walker","floor":36,"turns":4},{"damage":27,"enemies":"Giant Head","floor":40,"turns":5}],"seed_played":"7577693056169491574","potions_obtained":[{"floor":1,"key":"Explosive Potion"},{"floor":3,"key":"CultistPotion"},{"floor":12,"key":"DistilledChaos"},{"floor":16,"key":"PowerPotion"},{"floor":24,"key":"SpeedPotion"},{"floor":28,"key":"LiquidMemories"},{"floor":33,"key":"AttackPotion"}],"is_trial":false,"path_per_floor":["M","?","?","$","M","R","$","R","T","M","?","E","M","M","R","B",null,"M","?","$","?","?","R","M","R","T","E","M","?","M","M","R","B",null,"M","M","$","?","?","E"],"character_chosen":"THE_SILENT","items_purchased":["Snake Skull"],"campfire_rested":3,"item_purchase_floors":[37],"current_hp_per_floor":[49,26,26,26,26,26,26,49,49,49,23,9,9,9,32,49,71,65,65,65,65,65,65,64,64,64,33,28,28,21,21,44,9,61,41,32,32,32,18,0,0],"gold":0,"neow_bonus":"TWENTY_PERCENT_HP_BONUS","is_daily":false,"chose_seed":false,"campfire_upgraded":3,"win_rate":0.0,"timestamp":1608185719,"path_taken":["M","?","?","$","?","R","?","R","T","?","?","E","M","M","R","BOSS","M","?","$","?","?","R","M","R","T","E","M","?","M","M","R","BOSS","M","M","?","?","?","E"],"items_purchased_type":["Relic"],"build_version":"2020-12-13","purchased_purges":2,"victory":false,"max_hp_per_floor":[78,78,78,78,78,78,78,78,78,78,78,78,78,78,78,78,78,78,78,78,78,78,78,78,78,78,78,78,78,78,78,78,78,78,78,78,78,78,78,78,78],"card_choices":[{"not_picked":["Dodge and Roll","Backflip"],"picked":"Masterful Stab","floor":1},{"not_picked":["Concentrate","Bane"],"picked":"Noxious Fumes","floor":5},{"not_picked":["Cloak And Dagger","Dagger Spray"],"picked":"Leg Sweep","floor":10},{"not_picked":["All Out Attack","Flying Knee","Choke"],"picked":"SKIP","floor":12},{"not_picked":["Underhanded Strike","Dash"],"picked":"PiercingWail","floor":13},{"not_picked":["Caltrops","Dodge and Roll"],"picked":"Deadly Poison","floor":14},{"not_picked":["Phantasmal Killer","Malaise"],"picked":"Adrenaline","floor":16},{"not_picked":["Deadly Poison","Dodge and Roll"],"picked":"Outmaneuver","floor":18},{"not_picked":["Cloak And Dagger","Dagger Throw"],"picked":"Crippling Poison","floor":24},{"not_picked":["Slice","Dagger Spray","Caltrops"],"picked":"SKIP","floor":27},{"not_picked":["Caltrops","Expertise","Endless Agony+1"],"picked":"SKIP","floor":28},{"not_picked":["Poisoned Stab","PiercingWail","Bane"],"picked":"SKIP","floor":30},{"not_picked":["Finisher+1","Outmaneuver"],"picked":"Acrobatics","floor":31},{"not_picked":["Tools of the Trade","After Image"],"picked":"Corpse Explosion","floor":33},{"not_picked":["Dagger Throw","Skewer+1"],"picked":"Well Laid Plans+1","floor":35},{"not_picked":["Bane","Quick Slash"],"picked":"Prepared+1","floor":36}],"player_experience":939613,"relics_obtained":[{"floor":9,"key":"Pantograph"},{"floor":12,"key":"Orichalcum"},{"floor":26,"key":"Kunai"},{"floor":27,"key":"Letter Opener"}],"event_choices":[{"damage_healed":0,"gold_gain":0,"player_choice":"Entered Light","damage_taken":23,"max_hp_gain":0,"max_hp_loss":0,"event_name":"Shining Light","floor":2,"gold_loss":0,"cards_upgraded":["Neutralize","Defend_G"]},{"damage_healed":0,"gold_gain":0,"player_choice":"Bought 3 Potions","damage_taken":0,"max_hp_gain":0,"max_hp_loss":0,"event_name":"The Woman in Blue","floor":3,"gold_loss":0},{"damage_healed":0,"gold_gain":0,"player_choice":"Success","damage_taken":26,"relics_obtained":["Toy Ornithopter"],"max_hp_gain":0,"max_hp_loss":0,"event_name":"Scrap Ooze","floor":11,"gold_loss":0},{"cards_removed":["Strike_G"],"damage_healed":0,"gold_gain":0,"player_choice":"Elegance","damage_taken":0,"max_hp_gain":0,"max_hp_loss":0,"event_name":"Back to Basics","floor":19,"gold_loss":0},{"damage_healed":0,"gold_gain":0,"player_choice":"Read","damage_taken":0,"max_hp_gain":0,"max_hp_loss":0,"event_name":"The Library","floor":21,"gold_loss":0,"cards_obtained":["Reflex"]},{"damage_healed":0,"gold_gain":0,"player_choice":"Ignored","damage_taken":0,"max_hp_gain":0,"max_hp_loss":0,"event_name":"Cursed Tome","floor":22,"gold_loss":0},{"damage_healed":0,"gold_gain":0,"player_choice":"Trade","damage_taken":0,"relics_obtained":["NlothsMask"],"max_hp_gain":0,"max_hp_loss":0,"event_name":"FaceTrader","floor":29,"gold_loss":0},{"damage_healed":0,"gold_gain":0,"player_choice":"Paid","damage_taken":0,"relics_obtained":["Red Mask"],"max_hp_gain":0,"max_hp_loss":0,"event_name":"Tomb of Lord Red Mask","floor":38,"gold_loss":103},{"damage_healed":0,"gold_gain":0,"player_choice":"Embrace Madness","damage_taken":14,"max_hp_gain":0,"max_hp_loss":0,"event_name":"Winding Halls","floor":39,"gold_loss":0,"cards_obtained":["Madness","Madness"]}],"is_beta":false,"boss_relics":[{"not_picked":["Calling Bell","Snecko Eye"],"picked":"Astrolabe"},{"not_picked":["Pandora\u0027s Box","Runic Pyramid"],"picked":"Sozu"}],"items_purged_floors":[4,20],"is_endless":false,"potions_floor_spawned":[1,5,12,16,24,28,33,35],"killed_by":"Giant Head","ascension_level":20}}