{"host":"jxajaf4sdikd2b60","time":1608183510,"event":{"mods":["AchievementEnabler","BaseMod","Better Match","Better Note","Better Skull","Better Third Choice","BetterRewards","Colored Powertips","Conspire","Custom Start","Downfall","Infinite Spire","Minty Spire (QoL Compilation)","Quick Restart","Random Character Button","Replay The Spire","Spicy Shops","StSLib","The Blue Laboratory"],"gold_per_floor":[119,194,194,212,223,241,261,66,90,124,124,96,114,14,14,115,115,125,125,50,50,119,119,193,193,193,193,243,260,310,85,85,190,190,201,251,270,270,320,320,75,75,146,164,227,257,292,356,356,356],"floor_reached":51,"playtime":2555,"items_purged":["Strike_B","Strike_B","Defend_B","Strike_B","Defend_B","Defend_B+1"],"score":914,"play_id":"9cf5348f-8d20-499f-bd18-df197df72d62","local_time":"20201217003830","is_ascension_mode":true,"campfire_choices":[{"floor":11.0,"key":"REST"},{"data":"Defragment","floor":15.0,"key":"SMITH"},{"data":"Fission","floor":23.0,"key":"SMITH"},{"data":"Capacitor","floor":25.0,"key":"SMITH"},{"data":"Blizzard","floor":27.0,"key":"SMITH"},{"data":"Zap","floor":32.0,"key":"PURGE"},{"data":"Coolheaded","floor":40,"key":"SMITH"},{"data":"Defragment","floor":42,"key":"SMITH"},{"data":"Glacier","floor":49,"key":"SMITH"}],"circlet_count":0,"master_deck":["Dualcast","Cold Snap","Capacitor+1","Coolheaded+1","Glacier+1","Cold Snap","Defragment+1","Fission+1","Blizzard+1","Coolheaded","Defragment+1"],"relics":["Cracked Core","NeowsBlessing","Oddly Smooth Stone","Potion Belt","SsserpentHead","Happy Flower","Kunai","Tiny House","Inserter","Ornamental Fan","DataDisk","Bronze Scales","Darkstone Periapt","Ginger"],"acts_visited":["TheCity","TheBeyond"],"potions_floor_usage":[50,50],"damage_taken":[{"damage":0.0,"enemies":"2 Louse","floor":1.0,"turns":1.0},{"damage":0.0,"enemies":"Cultist","floor":4.0,"turns":1.0},{"damage":0.0,"enemies":"Jaw Worm","floor":5.0,"turns":1.0},{"damage":9.0,"enemies":"Exordium Wildlife","floor":6.0,"turns":8.0},{"damage":2.0,"enemies":"Looter","floor":7.0,"turns":4.0},{"damage":26.0,"enemies":"Gremlin Nob","floor":10.0,"turns":6.0},{"damage":4.0,"enemies":"Exordium Thugs","floor":12.0,"turns":6.0},{"damage":0.0,"enemies":"Blue Slaver","floor":13.0,"turns":4.0},{"damage":5.0,"enemies":"Slime Boss","floor":16.0,"turns":25.0},{"damage":10.0,"enemies":"conspire:FuzzyDice","floor":18.0,"turns":13.0},{"damage":6.0,"enemies":"Shell Parasite","floor":22.0,"turns":8.0},{"damage":0.0,"enemies":"Cultist and Chosen","floor":29.0,"turns":7.0},{"damage":0.0,"enemies":"Collector","floor":33.0,"turns":11.0},{"damage":4.0,"enemies":"Orb Walker","floor":35.0,"turns":4.0},{"damage":0.0,"enemies":"3 Darklings","floor":37.0,"turns":5.0},{"damage":0,"enemies":"Maw","floor":44,"turns":8},{"damage":0,"enemies":"Spire Growth","floor":45,"turns":5},{"damage":0,"enemies":"Nightmare","floor":47,"turns":9},{"damage":0,"enemies":"Transient","floor":48,"turns":5},{"damage":0,"enemies":"Awakened One","floor":50,"turns":13}],"seed_played":"-6011483341610761771","potions_obtained":[{"floor":1.0,"key":"PotionOfCapacity"},{"floor":6.0,"key":"Fire Potion"},{"floor":7.0,"key":"FearPotion"},{"floor":10.0,"key":"LiquidMemories"},{"floor":22.0,"key":"blueLaboratory:SavagePotion"},{"floor":29.0,"key":"Flashbang"},{"floor":30.0,"key":"Regen Potion"},{"floor":33.0,"key":"blueLaboratory:ImpenetrablePotion"}],"is_trial":false,"path_per_floor":["M","?","?","M","M","M","M","$","T","E","R","M","M","$","R","B",null,"M","?","?","?","M","R","T","R","T","R","?","M","AVR","$","R","B",null,"M","?","M","AVR","?","R","$","R","T","M","M","?","NM","M","R","B",null],"character_chosen":"DEFECT","items_purchased":["Glacier","Cold Snap","Defragment","DataDisk","Bronze Scales"],"campfire_rested":1,"item_purchase_floors":[8,8,41,41,41],"current_hp_per_floor":[75,64,64,64,64,55,53,53,53,27,49,45,45,45,45,40,75,65,65,65,65,59,59,59,59,59,59,59,59,64,64,64,64,80,76,76,76,76,76,76,76,76,76,76,76,76,76,76,76,76],"gold":356,"neow_bonus":"THREE_ENEMY_KILL","is_daily":false,"chose_seed":false,"campfire_upgraded":7,"win_rate":0.0,"timestamp":1608183510,"path_taken":["M","?","?","M","M","M","?","$","T","E","R","?","M","$","R","BOSS","M","?","?","?","?","R","?","R","T","R","?","M","AVR","?","R","BOSS","M","?","M","AVR","?","R","?","R","T","M","?","?","NM","?","R","BOSS"],"items_purchased_type":["Card","Card","Card","Relic","Relic"],"build_version":"2020-12-13","purchased_purges":6,"victory":true,"max_hp_per_floor":[75,75,75,75,75,75,75,75,75,75,75,75,75,75,75,75,75,75,75,75,75,75,75,75,75,75,75,75,75,80,80,80,80,80,80,80,80,80,80,80,80,80,80,80,80,80,80,80,80,80],"card_choices":[{"not_picked":["Self Repair","Storm"],"picked":"Cold Snap","floor":1.0},{"not_picked":["Heatsinks","Auto Shields","Sweeping Beam"],"picked":"SKIP","floor":4.0},{"not_picked":["Loop","Streamline"],"picked":"Coolheaded","floor":5.0},{"not_picked":["Ball Lightning","Stack","Heatsinks"],"picked":"SKIP","floor":6.0},{"not_picked":["Redo","Genetic Algorithm","Ball Lightning"],"picked":"SKIP","floor":7.0},{"not_picked":["Core Surge","Undo","Heatsinks"],"picked":"SKIP","floor":10.0},{"not_picked":["Gash","Ball Lightning","Skim"],"picked":"SKIP","floor":12.0},{"not_picked":["Beam Cell","Force Field"],"picked":"Defragment","floor":13.0},{"not_picked":["Multi-Cast","Amplify"],"picked":"Fission","floor":16.0},{"not_picked":["White Noise","Stack"],"picked":"Blizzard","floor":18.0},{"not_picked":["Gash","ReplaySolidLightProjector","BasicCrystalCard"],"picked":"SKIP","floor":22.0},{"not_picked":["Beam Cell","Heatsinks"],"picked":"Coolheaded","floor":29.0},{"not_picked":["Barrage+1","Sweeping Beam","ReplaySolidLightProjector"],"picked":"SKIP","floor":35.0},{"not_picked":["Reinforced Body+1","conspire:SharedLibrary","Beam Cell"],"picked":"SKIP","floor":37.0},{"not_picked":["Streamline+1","Undo+1","Static Discharge+1"],"picked":"SKIP","floor":44},{"not_picked":["Hologram+1","Streamline+1","Conserve Battery+1"],"picked":"SKIP","floor":45},{"not_picked":["Loop","Barrage+1","Turbo"],"picked":"SKIP","floor":47},{"not_picked":["Cold Snap","Fission","BasicCrystalCard"],"picked":"SKIP","floor":48}],"player_experience":579645,"relics_obtained":[{"floor":9.0,"key":"Oddly Smooth Stone"},{"floor":10.0,"key":"Potion Belt"},{"floor":24.0,"key":"Happy Flower"},{"floor":26.0,"key":"Kunai"},{"floor":43,"key":"Darkstone Periapt"},{"floor":47,"key":"Ginger"}],"event_choices":[{"damage_healed":0.0,"max_hp_gain":0.0,"max_hp_loss":0.0,"gold_gain":75.0,"event_name":"World of Goop","player_choice":"Gather Gold","floor":2.0,"gold_loss":0.0,"damage_taken":11.0},{"damage_healed":0.0,"max_hp_gain":0.0,"max_hp_loss":0.0,"gold_gain":0.0,"event_name":"Match and Keep!","player_choice":"1 cards matched","floor":3.0,"gold_loss":0.0,"damage_taken":0.0,"cards_obtained":["Capacitor"]},{"cards_removed":["Defend_B"],"damage_healed":0.0,"max_hp_gain":0.0,"max_hp_loss":0.0,"gold_gain":0.0,"event_name":"betterThird:BetterWriting","player_choice":"Elegance","floor":19.0,"gold_loss":0.0,"damage_taken":0.0},{"cards_removed":["Strike_B"],"damage_healed":0.0,"max_hp_gain":0.0,"max_hp_loss":0.0,"gold_gain":0.0,"event_name":"Beggar","player_choice":"Gave Gold","floor":20.0,"gold_loss":75.0,"damage_taken":0.0},{"damage_healed":0.0,"max_hp_gain":0.0,"max_hp_loss":0.0,"gold_gain":0.0,"event_name":"FaceTrader","player_choice":"Trade","floor":21.0,"gold_loss":0.0,"damage_taken":0.0,"relics_obtained":["SsserpentHead"]},{"damage_healed":0.0,"max_hp_gain":0.0,"max_hp_loss":0.0,"gold_gain":0.0,"event_name":"Tomb of Lord Red Mask","player_choice":"Ignored","floor":36.0,"gold_loss":0.0,"damage_taken":0.0},{"damage_healed":0,"gold_gain":0,"player_choice":"Bought 1 Potion","damage_taken":0,"max_hp_gain":0,"max_hp_loss":0,"event_name":"The Woman in Blue","floor":46,"gold_loss":0}],"is_beta":false,"boss_relics":[{"not_picked":["Snecko Eye","Sozu","Calling Bell"]},{"not_picked":["Fusion Hammer","SacredBark"],"picked":"Inserter"}],"items_purged_floors":[8,14,30,31,31,38],"is_endless":false,"potions_floor_spawned":[1,6,7,10,22,29,33,35,37],"ascension_level":1}}