{"host":"flm17o2q7bfjyna6","time":1608218819,"event":{"mods":["2.2 Compatiblity","Act Like it!","BaseMod","Better Altar","Better Match","Better Note","Better Sensory Stone","Better Skull","Better Third Choice","Better Vampires","Colored Map","Colored Powertips","DeckTracker","Hermit","Minty Spire (QoL Compilation)","Quick Restart","Replay The Spire","Reworked Bosses","Spicy Shops","StSLib","Wandering Minibosses"],"gold_per_floor":[114,34,84,46,47,77,77,92,92,12,42,42,217,31,31,31,31],"floor_reached":16,"playtime":623,"items_purged":["Regret","Aggregate"],"score":104,"play_id":"735ec411-fcdb-4a9a-a827-6a6a4555d60f","local_time":"20201217102659","daily_mods":["Specialized","Flight","Lethality"],"is_ascension_mode":false,"campfire_choices":[{"data":"Chaos","floor":7,"key":"SMITH"},{"data":"Beam Cell","floor":12,"key":"SMITH"},{"data":"Defend_B","floor":15,"key":"SMITH"}],"circlet_count":0,"master_deck":["Strike_B","Strike_B","Strike_B","Strike_B","Defend_B","Defend_B","Defend_B","Defend_B+1","Zap","Dualcast","Aggregate","Aggregate","Aggregate","Chaos+1","ReplayTheSpireMod:IOU","ReplayTheSpireMod:IOU","Doom and Gloom","Sunder","Undo","Replay:Hysterical Blindness","Sunder","Beam Cell+1","Echo Form+1","Loop+1"],"relics":["Cracked Core","Counterbalance","ReplayTheSpireMod:Ring of Collecting","Ring of Greed","MawBank","Replay:Wax Seal","BargainBundle","Omamori","ReplayTheSpireMod:Ring of Exchange","The Courier","Golden Egg","Juzu Bracelet"],"acts_visited":["Exordium"],"potions_floor_usage":[6,16],"damage_taken":[{"damage":9,"enemies":"Cultist","floor":1,"turns":3},{"damage":11,"enemies":"3 Sentries","floor":6,"turns":5},{"damage":0,"enemies":"2 Louse","floor":8,"turns":1},{"damage":18,"enemies":"Replay:BlueRogue","floor":11,"turns":5},{"damage":50,"enemies":"Fading Forest","floor":16,"turns":7}],"seed_played":"-4230686447748436371","potions_obtained":[{"floor":8,"key":"Dexterity Potion"}],"is_trial":false,"path_per_floor":["M","$","?","?","$","E","R","M","T","$","E","R","?","$","R","B"],"character_chosen":"DEFECT","items_purchased":["Counterbalance","BargainBundle","Doom and Gloom","Sunder","Undo","Strength Potion","LifebloodPotion","Juzu Bracelet","Loop"],"campfire_rested":0,"item_purchase_floors":[2,5,5,5,5,5,5,14,14],"current_hp_per_floor":[66,66,66,66,66,55,55,55,55,55,37,37,37,37,37,0,0],"gold":31,"neow_bonus":"","is_daily":true,"chose_seed":false,"campfire_upgraded":3,"win_rate":0.0,"timestamp":1608218819,"path_taken":["M","$","?","?","$","E","R","M","T","?","E","R","?","$","R","BOSS"],"items_purchased_type":["Relic","Relic","Card","Card","Card","Potion","Potion","Relic","Card"],"build_version":"2020-12-13","purchased_purges":2,"victory":false,"max_hp_per_floor":[75,75,75,75,75,75,75,75,75,75,75,75,75,75,75,75,75],"card_choices":[{"not_picked":["BasicCrystalCard","Panic Button"],"picked":"Chaos","floor":1},{"not_picked":["Darkness","Streamline"],"picked":"Sunder","floor":6},{"not_picked":["Cold Snap","Barrage"],"picked":"Beam Cell","floor":8},{"not_picked":["Redo","Darkness"],"picked":"Echo Form","floor":11}],"player_experience":1583122,"relics_obtained":[{"floor":3,"key":"ReplayTheSpireMod:Ring of Collecting"},{"floor":3,"key":"Ring of Greed"},{"floor":3,"key":"MawBank"},{"floor":3,"key":"Replay:Wax Seal"},{"floor":6,"key":"Omamori"},{"floor":9,"key":"ReplayTheSpireMod:Ring of Exchange"},{"floor":9,"key":"The Courier"},{"floor":11,"key":"Golden Egg"}],"event_choices":[{"cards_removed":["Aggregate"],"damage_healed":0,"gold_gain":0,"player_choice":"Card Removal","damage_taken":0,"max_hp_gain":0,"max_hp_loss":0,"event_name":"The Cleric","floor":4,"gold_loss":50},{"damage_healed":0,"gold_gain":175,"player_choice":"AGREE","damage_taken":42,"max_hp_gain":0,"max_hp_loss":0,"event_name":"betterThird:BetterSerpent","floor":13,"gold_loss":0}],"is_beta":false,"boss_relics":[],"items_purged_floors":[5,10],"is_endless":false,"potions_floor_spawned":[8],"killed_by":"Fading Forest","ascension_level":0}}