{"host":"Rich","time":1608231456,"event":{"mods":["AchievementEnabler","BaseMod","Highlight Path","Minty Spire (QoL Compilation)","Relic Stats"],"gold_per_floor":[115,115,115,115,134,134,173,173,173,173,173],"floor_reached":10,"playtime":97,"items_purged":[],"score":178,"play_id":"ae76756e-246a-4862-906e-4a0c625e7c6a","local_time":"20201217135736","is_ascension_mode":true,"campfire_choices":[{"floor":6,"key":"REST"}],"circlet_count":0,"master_deck":["AscendersBane","Strike_G","Strike_G","Strike_G+1","Strike_G","Strike_G","Defend_G","Defend_G","Defend_G","Defend_G","Defend_G","Survivor+1","Neutralize","Backflip","Riddle With Holes","Caltrops"],"relics":["Ring of the Snake","NeowsBlessing","Golden Idol","Toxic Egg 2","The Courier","Bird Faced Urn","Question Card"],"acts_visited":["Exordium"],"potions_floor_usage":[],"damage_taken":[{"damage":0,"enemies":"Small Slimes","floor":1,"turns":1},{"damage":0,"enemies":"2 Louse","floor":5,"turns":1},{"damage":0,"enemies":"Gremlin Nob","floor":7,"turns":1},{"damage":20,"enemies":"3 Sentries","floor":10,"turns":4}],"seed_played":"3271153041312992756","potions_obtained":[{"floor":5,"key":"Ancient Potion"}],"is_trial":false,"path_per_floor":["M","?","?","T","M","R","E","?","T","E"],"character_chosen":"THE_SILENT","items_purchased":[],"campfire_rested":1,"item_purchase_floors":[],"current_hp_per_floor":[59,36,16,16,16,35,35,24,24,6,6],"gold":173,"neow_bonus":"THREE_ENEMY_KILL","is_daily":false,"chose_seed":false,"campfire_upgraded":0,"win_rate":0.0,"timestamp":1608231456,"path_taken":["M","?","?","?","M","R","E","?","T","E"],"items_purchased_type":[],"build_version":"2020-12-07","purchased_purges":0,"victory":false,"max_hp_per_floor":[66,66,66,66,66,66,66,66,66,66,66],"relic_stats":{"counters":[4,7],"Golden Idol":12,"Bird Faced Urn":[2],"Question Card":0,"obtain_stats":[{"NeowsBlessing":0,"Golden Idol":2,"Bird Faced Urn":8,"The Courier":7,"Toxic Egg 2":4,"Question Card":9,"Ring of the Snake":0},{"NeowsBlessing":0,"Golden Idol":1,"Bird Faced Urn":3,"The Courier":3,"Toxic Egg 2":1,"Question Card":3,"Ring of the Snake":0},{"NeowsBlessing":0,"Golden Idol":1,"Bird Faced Urn":3,"The Courier":3,"Toxic Egg 2":1,"Question Card":3,"Ring of the Snake":0}],"Ring of the Snake":[8]},"card_choices":[{"not_picked":["Acrobatics","Choke"],"picked":"Backflip","floor":1},{"not_picked":["Bane","Deflect+1"],"picked":"Riddle With Holes","floor":5},{"not_picked":["Bane","Outmaneuver+1"],"picked":"Caltrops","floor":7}],"player_experience":1910645,"relics_obtained":[{"floor":4,"key":"Toxic Egg 2"},{"floor":7,"key":"The Courier"},{"floor":9,"key":"Question Card"}],"event_choices":[{"damage_healed":0,"gold_gain":0,"player_choice":"Take Damage","damage_taken":23,"relics_obtained":["Golden Idol"],"max_hp_gain":0,"max_hp_loss":0,"event_name":"Golden Idol","floor":2,"gold_loss":0},{"damage_healed":0,"gold_gain":0,"player_choice":"Entered Light","damage_taken":20,"max_hp_gain":0,"max_hp_loss":0,"event_name":"Shining Light","floor":3,"gold_loss":0,"cards_upgraded":["Survivor","Strike_G"]},{"damage_healed":0,"gold_gain":0,"player_choice":"Success","damage_taken":11,"relics_obtained":["Bird Faced Urn"],"max_hp_gain":0,"max_hp_loss":0,"event_name":"Scrap Ooze","floor":8,"gold_loss":0}],"is_beta":true,"boss_relics":[],"items_purged_floors":[],"is_endless":false,"potions_floor_spawned":[5],"killed_by":"3 Sentries","ascension_level":20}}