{"host":"bxn2em57qlx5u4i0","time":1608179629,"event":{"mods":["BaseMod","Colored Map","Colored Powertips","Highlight Path","Minty Spire (QoL Compilation)","Random Character Button","Relic Sorter","Relic Stats","StSLib","SuperFastMode"],"gold_per_floor":[119,68,68,40,40,65,65,77,151,167,187,212,230,244,244,322,322,337,94,109,124,124,124,124,124],"floor_reached":24,"playtime":694,"items_purged":["Strike_G"],"score":491,"play_id":"41c3f36b-23b7-4d37-bfc3-21ff9b1d1900","local_time":"20201216233349","is_ascension_mode":true,"campfire_choices":[{"data":"Bane","floor":7.0,"key":"SMITH"},{"data":"After Image","floor":15.0,"key":"SMITH"}],"circlet_count":0,"master_deck":["AscendersBane","Strike_G","Strike_G","Strike_G","Strike_G","Defend_G","Defend_G","Defend_G","Defend_G","Defend_G","Survivor","Neutralize","Deadly Poison","Bane+1","Blur","After Image+1","Poisoned Stab","After Image","Leg Sweep"],"relics":["Ring of the Snake","NeowsBlessing","HornCleat","Singing Bowl","Bottled Lightning","Snecko Eye","Lee\u0027s Waffle"],"acts_visited":["Exordium","TheCity"],"potions_floor_usage":[24],"damage_taken":[{"damage":0.0,"enemies":"Jaw Worm","floor":1.0,"turns":1.0},{"damage":0.0,"enemies":"Lagavulin","floor":6.0,"turns":1.0},{"damage":0.0,"enemies":"Small Slimes","floor":8.0,"turns":1.0},{"damage":0.0,"enemies":"Cultist","floor":10.0,"turns":3.0},{"damage":0.0,"enemies":"Blue Slaver","floor":11.0,"turns":4.0},{"damage":41.0,"enemies":"Gremlin Nob","floor":12.0,"turns":5.0},{"damage":0.0,"enemies":"Large Slime","floor":13.0,"turns":6.0},{"damage":2.0,"enemies":"Red Slaver","floor":14.0,"turns":4.0},{"damage":10.0,"enemies":"Slime Boss","floor":16.0,"turns":10.0},{"damage":36,"enemies":"Chosen","floor":18,"turns":6},{"damage":21,"enemies":"Spheric Guardian","floor":20,"turns":8},{"damage":15,"enemies":"Centurion and Healer","floor":21,"turns":11},{"damage":27,"enemies":"Book of Stabbing","floor":24,"turns":5}],"seed_played":"-1475973207103335839","potions_obtained":[{"floor":5.0,"key":"SteroidPotion"},{"floor":5.0,"key":"EntropicBrew"},{"floor":6.0,"key":"SkillPotion"},{"floor":10.0,"key":"PowerPotion"},{"floor":13.0,"key":"Fire Potion"},{"floor":14.0,"key":"Fire Potion"},{"floor":21,"key":"LiquidBronze"}],"is_trial":false,"path_per_floor":["M","$","?","$","?","E","R","M","T","M","M","E","M","M","R","B",null,"M","$","M","M","M","?","E"],"character_chosen":"THE_SILENT","items_purchased":["Deadly Poison","Bane","Lee\u0027s Waffle"],"campfire_rested":0,"item_purchase_floors":[2,4,19],"current_hp_per_floor":[59,59,59,59,59,59,59,59,59,59,61,22,22,22,22,12,57,23,81,62,47,47,23,0,0],"gold":124,"neow_bonus":"THREE_ENEMY_KILL","is_daily":false,"chose_seed":false,"campfire_upgraded":2,"win_rate":0.0,"timestamp":1608179629,"path_taken":["M","$","?","$","?","E","R","M","T","M","?","E","M","M","R","BOSS","M","$","M","M","M","?","E"],"items_purchased_type":["Card","Card","Relic"],"build_version":"2020-12-13","purchased_purges":1,"victory":false,"max_hp_per_floor":[66,66,66,66,66,66,66,66,66,66,68,70,70,72,72,72,72,74,81,83,83,83,88,88,88],"relic_stats":{"Lee\u0027s Waffle":58,"Singing Bowl":10,"counters":[13,65],"Snecko Eye":[58,49,45,58],"obtain_stats":[{"Lee\u0027s Waffle":19,"HornCleat":6,"NeowsBlessing":0,"Singing Bowl":9,"Snecko Eye":17,"Bottled Lightning":12,"Ring of the Snake":0},{"Lee\u0027s Waffle":10,"HornCleat":2,"NeowsBlessing":0,"Singing Bowl":3,"Snecko Eye":9,"Bottled Lightning":6,"Ring of the Snake":0},{"Lee\u0027s Waffle":41,"HornCleat":2,"NeowsBlessing":0,"Singing Bowl":3,"Snecko Eye":35,"Bottled Lightning":15,"Ring of the Snake":0}],"Ring of the Snake":[26]},"card_choices":[{"not_picked":["Acrobatics","Bane","Outmaneuver"],"picked":"SKIP","floor":1.0},{"not_picked":["Flying Knee","Prepared","Outmaneuver"],"picked":"SKIP","floor":6.0},{"not_picked":["Acrobatics","Bouncing Flask"],"picked":"Blur","floor":8.0},{"not_picked":["Concentrate","Distraction"],"picked":"After Image","floor":10.0},{"not_picked":["Dagger Throw","Flying Knee","Quick Slash"],"picked":"Singing Bowl","floor":11.0},{"not_picked":["Choke","Deadly Poison","Deflect"],"picked":"Singing Bowl","floor":12.0},{"not_picked":["Slice","Deflect"],"picked":"Poisoned Stab","floor":13.0},{"not_picked":["Skewer","Poisoned Stab","Underhanded Strike"],"picked":"Singing Bowl","floor":14.0},{"not_picked":["Bullet Time","Envenom"],"picked":"After Image","floor":16.0},{"not_picked":["Poisoned Stab","Prepared","Distraction"],"picked":"Singing Bowl","floor":18},{"not_picked":["Flying Knee","Slice","Eviscerate"],"picked":"Singing Bowl","floor":20},{"not_picked":["Underhanded Strike","Prepared"],"picked":"Leg Sweep","floor":21}],"player_experience":2801125,"relics_obtained":[{"floor":6.0,"key":"HornCleat"},{"floor":9.0,"key":"Singing Bowl"},{"floor":12.0,"key":"Bottled Lightning"}],"event_choices":[{"damage_healed":0.0,"max_hp_gain":0.0,"max_hp_loss":0.0,"gold_gain":0.0,"event_name":"The Cleric","player_choice":"Leave","floor":3.0,"gold_loss":0.0,"damage_taken":0.0},{"damage_healed":0.0,"max_hp_gain":0.0,"max_hp_loss":0.0,"gold_gain":0.0,"event_name":"Lab","player_choice":"Got Potions","floor":5.0,"gold_loss":0.0,"damage_taken":0.0},{"damage_healed":0,"gold_gain":0,"player_choice":"Shed Blood","damage_taken":29,"max_hp_gain":5,"max_hp_loss":0,"event_name":"Forgotten Altar","floor":23,"gold_loss":0}],"is_beta":false,"boss_relics":[{"not_picked":["Tiny House","Astrolabe"],"picked":"Snecko Eye"}],"items_purged_floors":[19],"is_endless":false,"potions_floor_spawned":[6,10,13,14,21],"killed_by":"Book of Stabbing","ascension_level":20}}