{"host":"90zmhqhem9nbzoc6","time":1608185485,"event":{"mods":["AchievementEnabler","Aspiration","BaseMod","Better Note","Better Third Choice","BetterRewards","Colored Map","Colored Powertips","Conspire","Downfall","Energized Spire","Friendly Minions","GifTheSpireLib","Hermit","Hubris","Infinite Spire","Minty Spire (QoL Compilation)","Quick Restart","Replay The Spire","Spikes Relics","StSLib","Stuff the Spire","The Blue Laboratory","The Jungle"],"gold_per_floor":[114,134,169,169,169,185,185,202,227,255,267,267,283,300,300,404,404,416,3,18,18,28,28,28,28],"floor_reached":24,"playtime":1658,"items_purged":[],"score":200,"play_id":"749ba412-12f6-4c1c-9f10-5382c335bd4f","local_time":"20201216221125","is_ascension_mode":false,"campfire_choices":[{"data":"hermit:Maintenance","floor":7.0,"key":"SMITH"},{"floor":12.0,"key":"REST"},{"floor":15.0,"key":"REST"},{"floor":23,"key":"REST"}],"circlet_count":0,"master_deck":["hermit:Strike_Hermit","hermit:Strike_Hermit","hermit:Strike_Hermit","hermit:Strike_Hermit","hermit:Defend_Hermit","hermit:Defend_Hermit","hermit:Defend_Hermit","hermit:Defend_Hermit","hermit:Snapshot","hermit:Covet","hermit:Maintenance+1","hermit:Quickdraw","hermit:Horror","expansioncontent:Corrupt","Panacea","expansioncontent:QuickStudy+1","hermit:Coalescence","hermit:HeroicBravado","hermit:Brawl","hermit:Deadeye","hermit:Determination","hermit:BlackWind","hermit:Deadeye","hermit:LoneWolf+1"],"relics":["hermit:Momento","ReplayTheSpireMod:ShopPack","SpikesRelics:DaevaFist","conspire:GlowingRock","Lee\u0027s Waffle","conspire:DeflatedDodgeball","Medical Kit"],"acts_visited":["Exordium","TheCity"],"potions_floor_usage":[],"damage_taken":[{"damage":0.0,"enemies":"Small Slimes","floor":1.0,"turns":3.0},{"damage":3.0,"enemies":"Jaw Worm","floor":2.0,"turns":3.0},{"damage":0.0,"enemies":"conspire:MimicChest","floor":3.0,"turns":4.0},{"damage":9.0,"enemies":"2 Louse","floor":6.0,"turns":3.0},{"damage":25.0,"enemies":"Gremlin Gang","floor":8.0,"turns":5.0},{"damage":25.0,"enemies":"Gremlin Nob","floor":10.0,"turns":6.0},{"damage":4.0,"enemies":"Red Slaver","floor":11.0,"turns":3.0},{"damage":2.0,"enemies":"Looter","floor":13.0,"turns":3.0},{"damage":0.0,"enemies":"Exordium Wildlife","floor":14.0,"turns":6.0},{"damage":46.0,"enemies":"Hexaghost","floor":16.0,"turns":10.0},{"damage":17.0,"enemies":"2 Thieves","floor":18.0,"turns":4.0},{"damage":13.0,"enemies":"Shell Parasite","floor":20.0,"turns":7.0},{"damage":18.0,"enemies":"conspire:HollyBat","floor":22.0,"turns":8.0},{"damage":77,"enemies":"Cultist and Chosen","floor":24,"turns":10}],"seed_played":"-8557324328016390968","potions_obtained":[{"floor":3.0,"key":"Dexterity Potion"},{"floor":8.0,"key":"blueLaboratory:LouseDecoction"},{"floor":10.0,"key":"Regen Potion"},{"floor":14.0,"key":"CultistPotion"},{"floor":16.0,"key":"EssenceOfSteel"},{"floor":22,"key":"Cursed Concoction"}],"is_trial":false,"path_per_floor":["M","M","?","?","?","M","R","M","T","E","M","R","M","M","R","B",null,"M","$","M","AVR","M","R","M"],"character_chosen":"HERMIT","items_purchased":["hermit:Maintenance","hermit:Quickdraw","hermit:Horror","ReplayTheSpireMod:ShopPack","Lee\u0027s Waffle","conspire:DeflatedDodgeball"],"campfire_rested":3,"item_purchase_floors":[0,0,0,0,19,19],"current_hp_per_floor":[75,72,72,72,72,63,63,38,38,13,18,40,38,46,68,22,75,58,82,69,69,51,75,0,0],"gold":28,"neow_bonus":"","is_daily":false,"chose_seed":false,"campfire_upgraded":1,"win_rate":0.0,"timestamp":1608185485,"path_taken":["M","M","?","?","?","?","R","M","T","E","M","R","M","M","R","BOSS","M","$","M","AVR","M","R","M"],"items_purchased_type":["Card","Card","Card","Relic","Relic","Relic"],"build_version":"2020-12-13","purchased_purges":0,"victory":false,"max_hp_per_floor":[75,75,75,75,75,75,75,75,75,75,75,75,75,75,75,75,75,75,82,82,82,82,82,82,82],"card_choices":[{"not_picked":["expansioncontent:BronzeBeam","StuffTheSpire:PlasmaPunch"],"picked":"expansioncontent:Corrupt","floor":0.0},{"not_picked":["expansioncontent:TimeRipple","Madness"],"picked":"Panacea","floor":0.0},{"not_picked":["Midas Touch","ReplayTheSpireMod:Necrogeddon"],"picked":"expansioncontent:QuickStudy","floor":0.0},{"not_picked":["hermit:HighCaliber","hermit:LowProfile","hermit:TrackingShot"],"picked":"SKIP","floor":1.0},{"not_picked":["hermit:Dive","hermit:LuckOfTheDraw"],"picked":"hermit:Coalescence","floor":2.0},{"not_picked":["hermit:PistolWhip","hermit:TrackingShot"],"picked":"hermit:HeroicBravado","floor":3.0},{"not_picked":["hermit:BodyArmor","hermit:Spite","hermit:Feint"],"picked":"SKIP","floor":6.0},{"not_picked":["hermit:LowProfile","hermit:Ricochet","hermit:Misfire"],"picked":"SKIP","floor":8.0},{"not_picked":["hermit:Malice","hermit:Ricochet"],"picked":"hermit:Brawl","floor":10.0},{"not_picked":["hermit:BigShot","hermit:Manifest"],"picked":"hermit:Deadeye","floor":11.0},{"not_picked":["hermit:SprayPray","hermit:Combo"],"picked":"hermit:Determination","floor":13.0},{"not_picked":["hermit:Virtue","hermit:Quickdraw","hermit:WideOpen"],"picked":"SKIP","floor":14.0},{"not_picked":["hermit:Roughhouse","hermit:Adapt"],"picked":"hermit:BlackWind","floor":16.0},{"not_picked":["hermit:CalledShot+1","hermit:LowProfile","hermit:HoleUp"],"picked":"SKIP","floor":18.0},{"not_picked":["hermit:TrackingShot","hermit:Roulette"],"picked":"hermit:Deadeye","floor":20.0},{"not_picked":["hermit:Roulette+1","hermit:Dive"],"picked":"hermit:LoneWolf+1","floor":22}],"player_experience":210857,"relics_obtained":[{"floor":3.0,"key":"SpikesRelics:DaevaFist"},{"floor":10.0,"key":"conspire:GlowingRock"}],"event_choices":[{"damage_healed":0.0,"max_hp_gain":0.0,"max_hp_loss":0.0,"gold_gain":0.0,"event_name":"Purifier","player_choice":"Ignored","floor":5.0,"gold_loss":0.0,"damage_taken":0.0}],"is_beta":false,"boss_relics":[{"not_picked":["hubris:TerracottaHorce","Replay:Drink Me","Replay:Bronze Core"]}],"items_purged_floors":[],"is_endless":false,"potions_floor_spawned":[3,8,10,14,16,22],"killed_by":"Cultist and Chosen","ascension_level":0}}