{"host":"6gzy6nvr8uokwcne","time":1608177244,"event":{"mods":["2.2 Compatiblity","AchievementEnabler","BaseMod","Marisa????????","Minty Spire (QoL Compilation)","Quick Restart","StSLib","The Alterego","The Cursed","The Disciple","The Necromancer","The Servant 0.9.4"],"gold_per_floor":[109,120,45,45,61,61,86,98,121,121,135,145,145,163,163,268,268,288,308,157,168,186,186,204,50,131,145,164,164,44,64,64,162,162,180,200,220,220,63,63,63,80,103,103,103,117,150,167,167,167,167],"floor_reached":50,"playtime":5368,"items_purged":[],"score":632,"play_id":"1c25d072-050f-4dd8-af16-dad07957c1a9","local_time":"20201216205404","daily_mods":["Heirloom"],"is_ascension_mode":false,"campfire_choices":[{"floor":6.0,"key":"RECALL"},{"data":"TheCursedMod:CircleOfAmplification","floor":10.0,"key":"SMITH"},{"data":"TheCursedMod:NeowsMight","floor":15.0,"key":"SMITH"},{"data":"TheCursedMod:EmpowerCircles","floor":23.0,"key":"SMITH"},{"floor":29.0,"key":"REST"},{"floor":32.0,"key":"REST"},{"data":"TheCursedMod:SpitefulPray","floor":40,"key":"SMITH"},{"floor":45,"key":"REST"},{"data":"TheCursedMod:CleanUpWorkshop","floor":49,"key":"SMITH"}],"circlet_count":0,"master_deck":["TheCursedMod:CleanUpWorkshop+1","TheCursedMod:CursedAmulet","TheCursedMod:HellfireBreathing","TheCursedMod:HellfireBreathing","TheCursedMod:SpitefulPlan","TheCursedMod:LuckyCharm","TheCursedMod:CursedSpellbook","TheCursedMod:NeowsMight+1","TheCursedMod:ParallelWorld","TheCursedMod:CircleOfAmplification+1","TheCursedMod:CursedBlade","TheCursedMod:HellfireBreathing","TheCursedMod:ManaCirculation","TheCursedMod:RapidMovement","TheCursedMod:SurpriseAttack","TheCursedMod:CircleOfFlame","TheCursedMod:EmpowerCircles+1","Pain","TheCursedMod:CircleOfAbyss","TheCursedMod:CursedArmor","TheCursedMod:CircleOfFlame+1","TheCursedMod:SpitefulPray+1","TheCursedMod:CircleOfCorruption+1","TheCursedMod:HellsGateOpen","TheCursedMod:CircleOfWindfury+1","TheCursedMod:CollectTribute","TheCursedMod:SurpriseAttack+1"],"relics":["TheCursedMod:BlackMagicAdvanced","Turnip","Centennial Puzzle","WarpedTongs","Black Star","Happy Flower","White Beast Statue","Sozu","Regal Pillow","Smiling Mask","PreservedInsect","Bird Faced Urn"],"acts_visited":["Exordium","TheCity","TheBeyond"],"potions_floor_usage":[37],"damage_taken":[{"damage":1.0,"enemies":"Small Slimes","floor":1.0,"turns":2.0},{"damage":2.0,"enemies":"Cultist","floor":2.0,"turns":1.0},{"damage":0.0,"enemies":"Jaw Worm","floor":5.0,"turns":2.0},{"damage":1.0,"enemies":"Lagavulin","floor":7.0,"turns":5.0},{"damage":2.0,"enemies":"Red Slaver","floor":8.0,"turns":2.0},{"damage":0.0,"enemies":"Looter","floor":11.0,"turns":2.0},{"damage":0.0,"enemies":"Large Slime","floor":12.0,"turns":1.0},{"damage":5.0,"enemies":"Gremlin Gang","floor":14.0,"turns":3.0},{"damage":3.0,"enemies":"Hexaghost","floor":16.0,"turns":3.0},{"damage":2.0,"enemies":"Shell Parasite","floor":18.0,"turns":2.0},{"damage":1.0,"enemies":"Spheric Guardian","floor":19.0,"turns":3.0},{"damage":3.0,"enemies":"Snake Plant","floor":21.0,"turns":3.0},{"damage":5.0,"enemies":"Centurion and Healer","floor":22.0,"turns":2.0},{"damage":4.0,"enemies":"Snecko","floor":24.0,"turns":4.0},{"damage":23.0,"enemies":"Snake Plant","floor":27.0,"turns":3.0},{"damage":1.0,"enemies":"3 Cultists","floor":28.0,"turns":1.0},{"damage":1.0,"enemies":"Chosen and Byrds","floor":31.0,"turns":2.0},{"damage":5.0,"enemies":"Champ","floor":33.0,"turns":5.0},{"damage":42,"enemies":"3 Darklings","floor":35,"turns":4},{"damage":16,"enemies":"Orb Walker","floor":36,"turns":3},{"damage":10,"enemies":"4 Shapes","floor":37,"turns":6},{"damage":30,"enemies":"Writhing Mass","floor":42,"turns":3},{"damage":6,"enemies":"Jaw Worm Horde","floor":46,"turns":3},{"damage":21,"enemies":"Reptomancer","floor":47,"turns":3},{"damage":7,"enemies":"4 Shapes","floor":48,"turns":4},{"damage":67,"enemies":"Awakened One","floor":50,"turns":5}],"seed_played":"-4001684019578484813","potions_obtained":[{"floor":7.0,"key":"Swift Potion"},{"floor":8.0,"key":"Block Potion"},{"floor":14.0,"key":"Strength Potion"},{"floor":19.0,"key":"Swift Potion"},{"floor":27.0,"key":"Weak Potion"},{"floor":28.0,"key":"SkillPotion"},{"floor":31.0,"key":"Energy Potion"},{"floor":33.0,"key":"Fire Potion"}],"is_trial":true,"path_per_floor":["M","M","$","?","M","R","E","M","T","R","M","M","?","M","R","B",null,"M","M","$","M","M","R","M","$","T","M","M","R","$","M","R","B",null,"M","M","M","?","$","R","?","M","T","$","R","M","E","M","R","B"],"character_chosen":"THE_CURSED","items_purchased":["TheCursedMod:ManaCirculation","Happy Flower","TheCursedMod:HellsGateOpen","DistilledChaos","DuplicationPotion","PowerPotion","Regal Pillow"],"campfire_rested":3,"item_purchase_floors":[3,20,25,25,30,30,39],"current_hp_per_floor":[74,72,72,72,72,72,71,69,69,69,69,69,69,64,64,61,75,73,72,72,69,64,64,60,60,60,37,36,58,58,57,75,70,75,33,17,7,66,66,66,66,36,36,36,66,60,39,50,50,0,0],"gold":167,"neow_bonus":"","is_daily":false,"chose_seed":false,"campfire_upgraded":5,"win_rate":0.0,"timestamp":1608177244,"path_taken":["M","M","$","?","M","R","E","M","T","R","M","?","?","M","R","BOSS","M","M","$","M","M","R","M","?","T","M","M","R","$","M","R","BOSS","M","M","M","?","$","R","?","M","T","$","R","M","E","M","R","BOSS"],"items_purchased_type":["Card","Relic","Card","Potion","Potion","Potion","Relic"],"build_version":"2020-12-13","purchased_purges":0,"victory":false,"max_hp_per_floor":[75,75,75,75,75,75,75,75,75,75,75,75,75,75,75,75,75,75,75,75,75,75,75,75,75,75,75,75,75,75,75,75,75,75,75,75,75,66,66,66,66,66,66,66,66,66,66,66,66,66,66],"card_choices":[{"not_picked":["TheCursedMod:Wield","TheCursedMod:Stigma"],"picked":"TheCursedMod:CursedBlade","floor":1.0},{"not_picked":["TheCursedMod:TacticalStrike","TheCursedMod:SurpriseAttack"],"picked":"TheCursedMod:HellfireBreathing","floor":2.0},{"not_picked":["TheCursedMod:CursedAmulet","TheCursedMod:SoulCrush"],"picked":"TheCursedMod:RapidMovement","floor":5.0},{"not_picked":["TheCursedMod:Wield","TheCursedMod:SmokeScreen"],"picked":"TheCursedMod:SurpriseAttack","floor":7.0},{"not_picked":["TheCursedMod:Wield","TheCursedMod:PrepareRite"],"picked":"TheCursedMod:CircleOfFlame","floor":8.0},{"not_picked":["TheCursedMod:CircleOfCorruption","TheCursedMod:ManaBullet","TheCursedMod:CircleOfFocus"],"picked":"SKIP","floor":11.0},{"not_picked":["TheCursedMod:HellfireBreathing","TheCursedMod:SpitefulStrike"],"picked":"TheCursedMod:EmpowerCircles","floor":12.0},{"not_picked":["TheCursedMod:BloodBarrier","TheCursedMod:SpitefulStrike","TheCursedMod:SmokeScreen"],"picked":"SKIP","floor":14.0},{"not_picked":["TheCursedMod:ShockAndAwe","TheCursedMod:UltimatePain"],"picked":"TheCursedMod:CircleOfAbyss","floor":16.0},{"not_picked":["TheCursedMod:Wield","TheCursedMod:SpitefulStrike","TheCursedMod:SmokeScreen"],"picked":"SKIP","floor":18.0},{"not_picked":["TheCursedMod:RavingStaff","TheCursedMod:SpitefulPlan"],"picked":"TheCursedMod:CursedArmor","floor":19.0},{"not_picked":["TheCursedMod:CursedMace+1","TheCursedMod:CursedShiv"],"picked":"TheCursedMod:CircleOfFlame+1","floor":21.0},{"not_picked":["TheCursedMod:Wield+1","TheCursedMod:TacticalStrike"],"picked":"TheCursedMod:SpitefulPray","floor":22.0},{"not_picked":["TheCursedMod:DoubleShield+1","TheCursedMod:CursedMace+1"],"picked":"TheCursedMod:CircleOfCorruption+1","floor":24.0},{"not_picked":["TheCursedMod:SpreadPlague","TheCursedMod:AbyssShockwave"],"picked":"TheCursedMod:CircleOfWindfury+1","floor":27.0},{"not_picked":["TheCursedMod:FleshFromBone+1","TheCursedMod:CircleOfFlame","TheCursedMod:OutForBlood"],"picked":"SKIP","floor":28.0},{"not_picked":["TheCursedMod:DoubleShield","TheCursedMod:Stretching+1","TheCursedMod:CursedMace"],"picked":"SKIP","floor":31.0},{"not_picked":["TheCursedMod:UltimatePain","TheCursedMod:VoidForm"],"picked":"TheCursedMod:CollectTribute","floor":33.0},{"not_picked":["TheCursedMod:ReleasedKnowledge","TheCursedMod:Wield","TheCursedMod:SpreadPlague+1"],"picked":"SKIP","floor":35},{"not_picked":["TheCursedMod:CursedArmor","TheCursedMod:TacticalStrike"],"picked":"TheCursedMod:SurpriseAttack+1","floor":36},{"not_picked":["TheCursedMod:HellsGateOpen+1","TheCursedMod:ReleasedKnowledge+1","TheCursedMod:Stretching"],"picked":"SKIP","floor":37},{"not_picked":["TheCursedMod:RapidMovement+1","TheCursedMod:RavingStaff","TheCursedMod:Torture+1"],"picked":"SKIP","floor":42},{"not_picked":["TheCursedMod:LuckyCharm","TheCursedMod:TroublousMinions+1","TheCursedMod:CursedMace+1"],"picked":"SKIP","floor":46},{"not_picked":["TheCursedMod:CircleOfFlame+1","TheCursedMod:CircleOfCorruption+1","TheCursedMod:SpitefulStrike+1"],"picked":"SKIP","floor":47},{"not_picked":["TheCursedMod:Evocation+1","TheCursedMod:CursedShiv+1","TheCursedMod:SpreadPlague"],"picked":"SKIP","floor":48}],"player_experience":411052,"relics_obtained":[{"floor":7.0,"key":"Centennial Puzzle"},{"floor":26.0,"key":"White Beast Statue"},{"floor":43,"key":"Smiling Mask"},{"floor":47,"key":"PreservedInsect"},{"floor":47,"key":"Bird Faced Urn"}],"event_choices":[{"damage_healed":0.0,"max_hp_gain":0.0,"max_hp_loss":0.0,"gold_gain":0.0,"event_name":"WeMeetAgain","player_choice":"Ignored","floor":4.0,"gold_loss":0.0,"damage_taken":0.0},{"damage_healed":0.0,"max_hp_gain":0.0,"max_hp_loss":0.0,"gold_gain":0.0,"event_name":"Accursed Blacksmith","player_choice":"Rummage","floor":13.0,"gold_loss":0.0,"damage_taken":0.0,"relics_obtained":["WarpedTongs"],"cards_obtained":["Pain"]},{"damage_healed":66,"gold_gain":0,"player_choice":"Heal","damage_taken":0,"max_hp_gain":0,"max_hp_loss":9,"event_name":"The Moai Head","floor":38,"gold_loss":0},{"damage_healed":0,"gold_gain":0,"player_choice":"Ignored","damage_taken":0,"max_hp_gain":0,"max_hp_loss":0,"event_name":"Purifier","floor":41,"gold_loss":0}],"is_beta":false,"boss_relics":[{"not_picked":["Astrolabe","Runic Dome"],"picked":"Black Star"},{"not_picked":["Empty Cage","Philosopher\u0027s Stone"],"picked":"Sozu"}],"items_purged_floors":[],"is_endless":false,"potions_floor_spawned":[7,8,14,19,21,27,28,31,33,35,36,37,42,46,47,48],"killed_by":"Awakened One","ascension_level":0}}