{"host":"un97lkyah1pp4w16","time":1608238426,"event":{"mods":["BaseMod","Colored Map","Colored Powertips","Minty Spire (QoL Compilation)","StSLib","SuperFastMode"],"gold_per_floor":[110,110,35,35,53,53,63,73,73,73,73,84,94,94,94,199,199,213,226,114,124,141,141,141,141,166,12,0,17,17,17,17,113,113,132,1131,317,317,5,20,20,30,53,53,0,19,19,19,19,19,19],"floor_reached":50,"playtime":1263,"items_purged":["Strike_G","Normality","Normality"],"score":555,"play_id":"914a3369-7270-4b06-9eb8-8a7e77cba1f2","local_time":"20201218045346","is_ascension_mode":false,"campfire_choices":[{"data":"Accuracy","floor":6.0,"key":"SMITH"},{"data":"Infinite Blades","floor":15.0,"key":"SMITH"},{"floor":23.0,"key":"REST"},{"data":"Adrenaline","floor":25.0,"key":"SMITH"},{"floor":32.0,"key":"REST"},{"floor":41,"key":"RECALL"},{"floor":49,"key":"REST"}],"circlet_count":0,"master_deck":["Strike_G","Strike_G","Strike_G","Defend_G","Defend_G","Defend_G","Defend_G","Defend_G","Survivor","Neutralize","Outmaneuver","Accuracy+1","Adrenaline+1","Backflip","Blade Dance","Infinite Blades+1","Prepared","Grand Finale","Outmaneuver+1","Cloak And Dagger","Infinite Blades","Quick Slash","Accuracy","Finisher","Burst","After Image","Predator+1","Blade Dance","Well Laid Plans","Secret Weapon","Madness","Madness","Accuracy","Dagger Spray+1","PiercingWail","Dodge and Roll+1","Deep Breath","Deflect","Neutralize"],"relics":["WristBlade","Mercury Hourglass","Pear","Pocketwatch","Sozu","Juzu Bracelet","Toy Ornithopter","Empty Cage","Anchor","Letter Opener","ClockworkSouvenir"],"acts_visited":["Exordium","TheCity","TheBeyond"],"potions_floor_usage":[],"damage_taken":[{"damage":2.0,"enemies":"Small Slimes","floor":1.0,"turns":4.0},{"damage":6.0,"enemies":"2 Louse","floor":5.0,"turns":3.0},{"damage":2.0,"enemies":"Cultist","floor":7.0,"turns":3.0},{"damage":4.0,"enemies":"Looter","floor":8.0,"turns":4.0},{"damage":10.0,"enemies":"Lots of Slimes","floor":12.0,"turns":2.0},{"damage":1.0,"enemies":"Gremlin Gang","floor":13.0,"turns":3.0},{"damage":2.0,"enemies":"Slime Boss","floor":16.0,"turns":5.0},{"damage":0.0,"enemies":"Chosen","floor":18.0,"turns":4.0},{"damage":10.0,"enemies":"Shell Parasite","floor":19.0,"turns":4.0},{"damage":23.0,"enemies":"Sentry and Sphere","floor":21.0,"turns":4.0},{"damage":36.0,"enemies":"Snake Plant","floor":22.0,"turns":4.0},{"damage":15.0,"enemies":"Cultist and Chosen","floor":29.0,"turns":5.0},{"damage":30.0,"enemies":"Champ","floor":33.0,"turns":8.0},{"damage":7.0,"enemies":"Orb Walker","floor":35.0,"turns":3.0},{"damage":15,"enemies":"3 Darklings","floor":40,"turns":4},{"damage":15,"enemies":"Sphere and 2 Shapes","floor":42,"turns":4},{"damage":21,"enemies":"4 Shapes","floor":46,"turns":3},{"damage":42,"enemies":"Time Eater","floor":50,"turns":4}],"seed_played":"-1120649186328814719","potions_obtained":[{"floor":7.0,"key":"Weak Potion"},{"floor":13.0,"key":"SkillPotion"},{"floor":16.0,"key":"SteroidPotion"}],"is_trial":false,"path_per_floor":["M","?","$","?","M","R","M","M","T","?","$","M","M","?","R","B",null,"M","M","$","M","M","R","?","R","T","$","?","M","?","$","R","B",null,"M","?","$","?","$","M","R","M","T","?","$","M","?","?","R","B"],"character_chosen":"THE_SILENT","items_purchased":["Accuracy","Infinite Blades","Accuracy","Finisher","Blade Dance","Anchor","Letter Opener","Well Laid Plans","Secret Weapon","Accuracy","ClockworkSouvenir","PiercingWail"],"campfire_rested":3,"item_purchase_floors":[3,20,27,27,37,37,37,37,37,39,39,45],"current_hp_per_floor":[68,68,68,68,62,62,60,56,66,66,66,56,55,47,47,45,80,80,70,70,47,11,35,35,35,35,35,35,20,20,20,44,19,80,73,73,73,63,63,48,48,33,33,33,33,12,12,12,36,0,0],"gold":19,"neow_bonus":"BOSS_RELIC","is_daily":false,"chose_seed":false,"campfire_upgraded":3,"win_rate":0.0,"timestamp":1608238426,"path_taken":["M","?","$","?","M","R","M","M","T","?","$","?","M","?","R","BOSS","M","?","$","?","M","R","?","R","T","?","?","M","?","$","R","BOSS","M","?","$","?","$","M","R","M","T","?","?","M","?","?","R","BOSS"],"items_purchased_type":["Card","Card","Card","Card","Card","Relic","Relic","Card","Card","Card","Relic","Card"],"build_version":"2020-12-13","purchased_purges":3,"victory":false,"max_hp_per_floor":[70,70,70,70,70,70,70,70,80,80,80,80,80,80,80,80,80,80,80,80,80,80,80,80,80,80,80,80,80,80,80,80,80,80,80,80,80,80,80,80,80,80,80,80,80,80,80,80,80,80,80],"card_choices":[{"not_picked":["Flying Knee","Bane"],"picked":"Outmaneuver","floor":1.0},{"not_picked":["Underhanded Strike","Phantasmal Killer"],"picked":"Flying Knee","floor":5.0},{"not_picked":["Quick Slash","Flying Knee"],"picked":"Backflip","floor":7.0},{"not_picked":["Slice","Envenom"],"picked":"Blade Dance","floor":8.0},{"not_picked":["Prepared","Deflect"],"picked":"Infinite Blades","floor":12.0},{"not_picked":["Riddle With Holes","Slice"],"picked":"Prepared","floor":13.0},{"not_picked":["Malaise","Envenom"],"picked":"Grand Finale","floor":16.0},{"not_picked":["Flying Knee+1","Poisoned Stab"],"picked":"Outmaneuver+1","floor":18.0},{"not_picked":["Backflip","Quick Slash"],"picked":"Cloak And Dagger","floor":19.0},{"not_picked":["Dash","Dodge and Roll"],"picked":"Setup","floor":21.0},{"not_picked":["Deadly Poison","Outmaneuver"],"picked":"Quick Slash","floor":22.0},{"not_picked":["Dodge and Roll","Prepared"],"picked":"Burst","floor":29.0},{"not_picked":["Phantasmal Killer","Bullet Time"],"picked":"After Image","floor":33.0},{"not_picked":["Distraction+1","Prepared+1"],"picked":"Predator+1","floor":35.0},{"not_picked":["Catalyst","Poisoned Stab","All Out Attack"],"picked":"SKIP","floor":40},{"not_picked":["Deadly Poison","Dagger Throw"],"picked":"Dagger Spray+1","floor":42},{"not_picked":["Acrobatics","Slice"],"picked":"Dodge and Roll+1","floor":46},{"not_picked":["Blind","Dramatic Entrance"],"picked":"Deep Breath","floor":47}],"player_experience":98609,"relics_obtained":[{"floor":9.0,"key":"Pear"},{"floor":26.0,"key":"Juzu Bracelet"}],"event_choices":[{"damage_healed":0.0,"max_hp_gain":0.0,"max_hp_loss":0.0,"gold_gain":0.0,"event_name":"Big Fish","player_choice":"Box","floor":2.0,"gold_loss":0.0,"damage_taken":0.0,"relics_obtained":["Mercury Hourglass"],"cards_obtained":["Regret"]},{"damage_healed":0.0,"max_hp_gain":0.0,"max_hp_loss":0.0,"gold_gain":0.0,"cards_transformed":["Strike_G"],"event_name":"Living Wall","player_choice":"Change","floor":4.0,"gold_loss":0.0,"damage_taken":0.0,"cards_obtained":["Adrenaline"]},{"damage_healed":0.0,"max_hp_gain":0.0,"max_hp_loss":0.0,"gold_gain":0.0,"event_name":"WeMeetAgain","player_choice":"Gave Potion","floor":10.0,"gold_loss":0.0,"damage_taken":0.0,"relics_obtained":["Pocketwatch"]},{"damage_healed":0.0,"max_hp_gain":0.0,"max_hp_loss":0.0,"gold_gain":0.0,"event_name":"Wheel of Change","player_choice":"Damaged","floor":14.0,"gold_loss":0.0,"damage_taken":8.0},{"cards_removed":["Regret"],"damage_healed":0.0,"max_hp_gain":0.0,"max_hp_loss":0.0,"gold_gain":0.0,"event_name":"Fountain of Cleansing","player_choice":"Removed Curses","floor":24.0,"gold_loss":0.0,"damage_taken":0.0},{"damage_healed":0.0,"max_hp_gain":0.0,"max_hp_loss":0.0,"gold_gain":0.0,"event_name":"Masked Bandits","player_choice":"Paid Fearfully","floor":28.0,"gold_loss":12.0,"damage_taken":0.0},{"damage_healed":0.0,"max_hp_gain":0.0,"max_hp_loss":0.0,"gold_gain":0.0,"event_name":"The Mausoleum","player_choice":"Opened","floor":30.0,"gold_loss":0.0,"damage_taken":0.0,"relics_obtained":["Toy Ornithopter"],"cards_obtained":["Writhe"]},{"damage_healed":0.0,"max_hp_gain":0.0,"max_hp_loss":0.0,"gold_gain":999.0,"event_name":"MindBloom","player_choice":"Gold","floor":36.0,"gold_loss":0.0,"damage_taken":0.0,"cards_obtained":["Normality","Normality"]},{"damage_healed":0.0,"max_hp_gain":0.0,"max_hp_loss":0.0,"gold_gain":0.0,"event_name":"Winding Halls","player_choice":"Embrace Madness","floor":38.0,"gold_loss":0.0,"damage_taken":10.0,"cards_obtained":["Madness","Madness"]},{"cards_removed":["Flying Knee"],"damage_healed":0,"gold_gain":0,"player_choice":"Removed Attack","damage_taken":0,"max_hp_gain":0,"max_hp_loss":0,"event_name":"Falling","floor":44,"gold_loss":0},{"damage_healed":0,"gold_gain":0,"player_choice":"Memory 1","damage_taken":0,"max_hp_gain":0,"max_hp_loss":0,"event_name":"SensoryStone","floor":47,"gold_loss":0},{"damage_healed":0,"gold_gain":0,"player_choice":"2 cards matched","damage_taken":0,"max_hp_gain":0,"max_hp_loss":0,"event_name":"Match and Keep!","floor":48,"gold_loss":0,"cards_obtained":["Deflect","Neutralize"]}],"is_beta":false,"boss_relics":[{"not_picked":["Fusion Hammer","Ectoplasm"],"picked":"Sozu"},{"not_picked":["HoveringKite","Tiny House"],"picked":"Empty Cage"}],"items_purged_floors":[20,37,39],"is_endless":false,"potions_floor_spawned":[7,13,16,18,21,29,35,46],"killed_by":"Time Eater","ascension_level":0}}