{"host":"4ih4fq53sefgqhvb","time":1608185935,"event":{"mods":["AchievementEnabler","Aspiration","Bard","BaseMod","BetterRewards","Colored Map","Colored Powertips","Conspire","Downfall","Googly Eyes","Hermit","Highlight Path","Hubris","Infinite Spire","Jedi Mod","Jorbs\u0027s Wanderer Trilogy","Marisa????????","Mimic Mod","Minty Spire (QoL Compilation)","Quick Restart","Relic Stats","Replay The Spire","Shop Mod","StSLib","The Animator","The Cursed","The Jungle","The Runesmith"],"gold_per_floor":[99,99,119,119,20,35,74,108,135,148,158,30,50,50,62,62,62],"floor_reached":16,"playtime":1597,"items_purged":[],"score":102,"play_id":"8bea1479-4e79-4b60-a2df-a58751b90a12","local_time":"20201216221855","is_ascension_mode":false,"campfire_choices":[{"data":"Guardian:StasisStrike","floor":1,"key":"SMITH"},{"floor":4,"key":"RECALL"}],"circlet_count":0,"master_deck":["Guardian:Strike_Guardian","Guardian:Strike_Guardian","Guardian:Strike_Guardian","Guardian:Strike_Guardian","Guardian:Defend_Guardian","Guardian:Defend_Guardian","Guardian:Defend_Guardian","Guardian:Defend_Guardian","Guardian:CurlUp","Guardian:TwinSlam","Guardian:StasisStrike+1","Guardian:SphericShield","Guardian:Reroute+1","Guardian:Gem_Red","Guardian:Clone","Guardian:PrismaticBeam","Guardian:Preprogram","Guardian:Gem_Cyan","Guardian:Suspension","Guardian:Incinerate","Guardian:ChargeUp","Guardian:SentryBeam","Guardian:Gem_Purple","Guardian:Gem_Fragmented","Guardian:Gem_Synthetic","Guardian:Gem_Red","Guardian:ShieldCharger"],"relics":["Guardian:ModeShifter","Pet Ghost","Odd Mushroom"],"acts_visited":["Exordium"],"potions_floor_usage":[9,12,16,16],"damage_taken":[{"damage":0,"enemies":"Small Slimes","floor":3,"turns":5},{"damage":0,"enemies":"downfall:FleeingMerchant","floor":5,"turns":4},{"damage":2,"enemies":"Cultist","floor":6,"turns":3},{"damage":8,"enemies":"Jaw Worm","floor":7,"turns":9},{"damage":35,"enemies":"Gremlin Nob","floor":8,"turns":5},{"damage":3,"enemies":"The Mushroom Lair","floor":9,"turns":4},{"damage":4,"enemies":"Jaw Worm","floor":10,"turns":4},{"damage":0,"enemies":"Exordium Wildlife","floor":11,"turns":4},{"damage":9,"enemies":"downfall:FleeingMerchant","floor":12,"turns":4},{"damage":0,"enemies":"2 Fungi Beasts","floor":13,"turns":3},{"damage":9,"enemies":"Exordium Thugs","floor":15,"turns":3},{"damage":11,"enemies":"downfall:Silent","floor":16,"turns":2}],"seed_played":"-5213021450952016674","potions_obtained":[{"floor":3,"key":"LiquidMemories"},{"floor":6,"key":"DistilledChaos"},{"floor":9,"key":"DistilledChaos"},{"floor":10,"key":"Venom Potion"}],"is_trial":false,"path_per_floor":["R","?","M","R","$","M","MIM","E","?","M","M","$","M","?","M","B"],"character_chosen":"GUARDIAN","items_purchased":["Guardian:Reroute+1","Guardian:Gem_Red","Guardian:SentryBeam","Guardian:Gem_Purple"],"campfire_rested":0,"item_purchase_floors":[5,5,12,12],"current_hp_per_floor":[80,80,80,80,80,78,70,35,32,28,28,19,19,19,10,0,0],"gold":62,"neow_bonus":"ONE_RANDOM_RARE_CARD","is_daily":false,"chose_seed":false,"campfire_upgraded":1,"win_rate":0.0,"timestamp":1608185935,"path_taken":["R","?","?","R","$","M","MIM","E","?","M","M","?","M","?","M","BOSS"],"items_purchased_type":["Card","Card","Card","Card"],"build_version":"2020-12-13","purchased_purges":0,"victory":false,"max_hp_per_floor":[80,80,80,80,80,80,80,80,80,80,80,80,80,80,80,80,80],"relic_stats":{"counters":[12,50],"obtain_stats":[{"Guardian:ModeShifter":0,"Odd Mushroom":9,"Pet Ghost":8},{"Guardian:ModeShifter":0,"Odd Mushroom":6,"Pet Ghost":5},{"Guardian:ModeShifter":0,"Odd Mushroom":30,"Pet Ghost":26}]},"card_choices":[{"not_picked":["Guardian:Gem_Green","Guardian:CrystalBeam"],"picked":"Guardian:Gem_Purple","floor":3},{"not_picked":["Guardian:Reroute","Guardian:ChargeCore"],"picked":"Guardian:SphericShield","floor":5},{"not_picked":["Guardian:Recover","Guardian:VentSteam"],"picked":"Guardian:Clone","floor":6},{"not_picked":["Guardian:ChargeCore","Guardian:Gem_Cyan"],"picked":"Guardian:PrismaticBeam","floor":7},{"not_picked":["Guardian:TemporalStrike","Guardian:Emergency"],"picked":"Guardian:Preprogram","floor":8},{"not_picked":["Guardian:TemporalStrike","Guardian:Suspension"],"picked":"Guardian:Gem_Cyan","floor":9},{"not_picked":["Guardian:PiercingHide","Guardian:Harden"],"picked":"Guardian:Suspension","floor":10},{"not_picked":["Guardian:CrystalBeam","Guardian:ExploitGems"],"picked":"Guardian:Incinerate","floor":11},{"not_picked":["Guardian:Gem_Green","Guardian:Incinerate"],"picked":"Guardian:ChargeUp","floor":12},{"not_picked":["Guardian:SpikerProtocol","Guardian:RefractedBeam"],"picked":"Guardian:Gem_Fragmented","floor":13},{"not_picked":["Guardian:EvasiveProtocol","Guardian:TemporalShield"],"picked":"Guardian:ShieldCharger","floor":15}],"player_experience":850549,"relics_obtained":[{"floor":8,"key":"Pet Ghost"},{"floor":9,"key":"Odd Mushroom"}],"event_choices":[{"damage_healed":0,"gold_gain":0,"player_choice":"Fought Mushrooms","damage_taken":0,"max_hp_gain":0,"max_hp_loss":0,"event_name":"Mushrooms","floor":9,"gold_loss":0}],"is_beta":false,"boss_relics":[],"items_purged_floors":[],"is_endless":false,"potions_floor_spawned":[3,6,9,10],"killed_by":"downfall:Silent","ascension_level":0}}