{"host":"usewcu4ohw2wtmxk","time":1608195241,"event":{"mods":["AchievementEnabler","BaseMod","BetterRewards","Colored Powertips","Minty Spire (QoL Compilation)","Permanent Neow","Quick Restart","Relic Sorter","Relic Stats","Shop Mod","StSLib"],"gold_per_floor":[110,123,123,34,54,89,89,103,103,119,130,130,155,155,155,226,226,238,257,277,277,290,290,324,324,324,357,357,385,310,340,340,340,340],"floor_reached":33,"playtime":699,"items_purged":[],"score":730,"play_id":"98887f32-7288-471f-8a42-8f93b5ca41b7","local_time":"20201217165401","is_ascension_mode":true,"campfire_choices":[{"data":"Blade Dance","floor":7.0,"key":"SMITH"},{"data":"Neutralize","floor":12.0,"key":"SMITH"},{"data":"Noxious Fumes","floor":15.0,"key":"SMITH"},{"floor":23.0,"key":"REST"},{"floor":25.0,"key":"RECALL"},{"data":"Blade Dance","floor":28,"key":"SMITH"},{"data":"Accuracy","floor":32,"key":"SMITH"}],"circlet_count":0,"master_deck":["AscendersBane","Strike_G","Strike_G","Strike_G","Defend_G","Defend_G","Defend_G","Defend_G","Defend_G","Survivor","Neutralize+1","Blade Dance+1","Noxious Fumes+1","Masterful Stab","Slice","Corpse Explosion","Backstab","Reflex","Blade Dance+1","Accuracy+1"],"relics":["WristBlade","Snake Skull","Eternal Feather","Juzu Bracelet","Cursed Key","MutagenicStrength","Anchor","Happy Flower","Red Mask"],"acts_visited":["Exordium","TheCity"],"potions_floor_usage":[27,29],"damage_taken":[{"damage":1.0,"enemies":"2 Louse","floor":1.0,"turns":3.0},{"damage":0.0,"enemies":"Cultist","floor":2.0,"turns":3.0},{"damage":0.0,"enemies":"Small Slimes","floor":5.0,"turns":3.0},{"damage":22.0,"enemies":"3 Sentries","floor":6.0,"turns":8.0},{"damage":1.0,"enemies":"Looter","floor":8.0,"turns":4.0},{"damage":0.0,"enemies":"2 Fungi Beasts","floor":10.0,"turns":3.0},{"damage":3.0,"enemies":"3 Louse","floor":11.0,"turns":4.0},{"damage":2.0,"enemies":"Gremlin Nob","floor":13.0,"turns":3.0},{"damage":25.0,"enemies":"Slime Boss","floor":16.0,"turns":8.0},{"damage":6.0,"enemies":"Shell Parasite","floor":18.0,"turns":5.0},{"damage":0.0,"enemies":"Spheric Guardian","floor":19.0,"turns":3.0},{"damage":20.0,"enemies":"Snecko","floor":20.0,"turns":5.0},{"damage":24.0,"enemies":"Shelled Parasite and Fungi","floor":22.0,"turns":4.0},{"damage":0.0,"enemies":"Gremlin Leader","floor":24.0,"turns":7.0},{"damage":19,"enemies":"Book of Stabbing","floor":27,"turns":4},{"damage":3,"enemies":"Slavers","floor":29,"turns":2},{"damage":19,"enemies":"Masked Bandits","floor":31,"turns":3},{"damage":14,"enemies":"Champ","floor":33,"turns":5}],"seed_played":"7266854353781931916","potions_obtained":[{"floor":8.0,"key":"PowerPotion"},{"floor":10.0,"key":"Weak Potion"},{"floor":20.0,"key":"ColorlessPotion"},{"floor":22.0,"key":"Strength Potion"},{"floor":27,"key":"SteroidPotion"},{"floor":31,"key":"Explosive Potion"}],"is_trial":false,"path_per_floor":["M","M","?","$","M","E","R","M","T","M","M","R","E","?","R","B",null,"M","M","M","?","M","R","E","R","T","E","R","E","?","?","R","B"],"character_chosen":"THE_SILENT","items_purchased":["Noxious Fumes"],"campfire_rested":1,"item_purchase_floors":[4],"current_hp_per_floor":[58,58,58,58,58,36,45,44,44,44,41,50,48,41,50,25,56,50,50,30,30,6,34,34,43,43,24,36,33,33,14,26,12,12],"gold":340,"neow_bonus":"BOSS_RELIC","is_daily":false,"chose_seed":false,"campfire_upgraded":5,"win_rate":0.0,"timestamp":1608195241,"path_taken":["M","M","?","$","?","E","R","M","T","M","M","R","E","?","R","BOSS","M","M","M","?","M","R","E","R","T","E","R","E","?","?","R","BOSS"],"items_purchased_type":["Card"],"build_version":"2020-12-13","purchased_purges":0,"victory":false,"max_hp_per_floor":[66,66,66,66,66,66,66,66,66,66,66,66,66,66,66,66,66,66,66,66,66,66,66,66,66,66,66,66,66,66,66,66,66,66],"relic_stats":{"Happy Flower":[3],"counters":[18,77],"Eternal Feather":69,"Snake Skull":[54],"Juzu Bracelet":0,"Cursed Key":0,"obtain_stats":[{"Anchor":24,"WristBlade":0,"Happy Flower":27,"MutagenicStrength":21,"Eternal Feather":6,"Snake Skull":3,"Juzu Bracelet":13,"Red Mask":31,"Cursed Key":17,"Ring of the Snake":0},{"Anchor":14,"WristBlade":0,"Happy Flower":15,"MutagenicStrength":12,"Eternal Feather":4,"Snake Skull":2,"Juzu Bracelet":8,"Red Mask":17,"Cursed Key":9,"Ring of the Snake":0},{"Anchor":63,"WristBlade":0,"Happy Flower":67,"MutagenicStrength":52,"Eternal Feather":17,"Snake Skull":6,"Juzu Bracelet":31,"Red Mask":72,"Cursed Key":39,"Ring of the Snake":0}]},"card_choices":[{"not_picked":["Dodge and Roll","Outmaneuver"],"picked":"Blade Dance","floor":1.0},{"not_picked":["Bouncing Flask","PiercingWail"],"picked":"Prepared","floor":2.0},{"not_picked":["Quick Slash","Deflect","Acrobatics"],"picked":"SKIP","floor":5.0},{"not_picked":["Night Terror","Deflect"],"picked":"Masterful Stab","floor":6.0},{"not_picked":["Dodge and Roll","Deflect","PiercingWail"],"picked":"SKIP","floor":8.0},{"not_picked":["Backflip","Catalyst"],"picked":"Slice","floor":10.0},{"not_picked":["Deadly Poison","Underhanded Strike","Riddle With Holes"],"picked":"SKIP","floor":11.0},{"not_picked":["Blur","PiercingWail","Bane"],"picked":"SKIP","floor":13.0},{"not_picked":["Adrenaline","Grand Finale"],"picked":"Corpse Explosion","floor":16.0},{"not_picked":["Prepared","Deadly Poison","Bane"],"picked":"SKIP","floor":18.0},{"not_picked":["Well Laid Plans","Poisoned Stab","Quick Slash"],"picked":"SKIP","floor":19.0},{"not_picked":["All Out Attack+1","Crippling Poison","Deadly Poison"],"picked":"SKIP","floor":20.0},{"not_picked":["Setup","Dash"],"picked":"Backstab","floor":22.0},{"not_picked":["Dagger Throw","Expertise"],"picked":"Reflex","floor":24.0},{"not_picked":["Slice","Underhanded Strike"],"picked":"Blade Dance","floor":27},{"not_picked":["Outmaneuver","Quick Slash","Masterful Stab"],"picked":"SKIP","floor":29},{"not_picked":["Deflect","Dagger Throw"],"picked":"Accuracy","floor":31}],"player_experience":278150,"relics_obtained":[{"floor":6.0,"key":"Eternal Feather"},{"floor":13.0,"key":"Juzu Bracelet"},{"floor":24.0,"key":"Anchor"},{"floor":27,"key":"Happy Flower"},{"floor":31,"key":"Red Mask"}],"event_choices":[{"cards_removed":["Prepared"],"damage_healed":0.0,"max_hp_gain":0.0,"max_hp_loss":0.0,"gold_gain":0.0,"event_name":"WeMeetAgain","player_choice":"Gave Card","floor":3.0,"gold_loss":0.0,"damage_taken":0.0,"relics_obtained":["Snake Skull"]},{"cards_removed":["Strike_G"],"damage_healed":0.0,"max_hp_gain":0.0,"max_hp_loss":0.0,"gold_gain":0.0,"event_name":"Golden Wing","player_choice":"Card Removal","floor":14.0,"gold_loss":0.0,"damage_taken":7.0},{"damage_healed":0.0,"max_hp_gain":0.0,"max_hp_loss":0.0,"gold_gain":0.0,"event_name":"Drug Dealer","player_choice":"Inject Mutagens","floor":21.0,"gold_loss":0.0,"damage_taken":0.0,"relics_obtained":["MutagenicStrength"]},{"cards_removed":["Strike_G"],"damage_healed":0,"gold_gain":0,"player_choice":"Gave Gold","damage_taken":0,"max_hp_gain":0,"max_hp_loss":0,"event_name":"Beggar","floor":30,"gold_loss":75},{"damage_healed":0,"gold_gain":0,"player_choice":"Fought Bandits","damage_taken":0,"max_hp_gain":0,"max_hp_loss":0,"event_name":"Masked Bandits","floor":31,"gold_loss":0}],"is_beta":false,"boss_relics":[{"not_picked":["Busted Crown","Snecko Eye"],"picked":"Cursed Key"}],"items_purged_floors":[],"is_endless":false,"potions_floor_spawned":[8,10,11,20,22,27,31],"killed_by":"Champ","ascension_level":20}}