{"host":"69rply1jf2d1wbmp","time":1608244802,"event":{"mods":["BaseMod","Minty Spire (QoL Compilation)","Quick Restart"],"gold_per_floor":[114,39,54,54,229,262,281,281,351,368,400,400,419,419,419,516,516,535,550,111,127,48,78,78,107,107,107,107],"floor_reached":27,"playtime":858,"items_purged":["Strike_G","Grand Finale+1"],"score":261,"play_id":"1e7e7d23-2e8a-4ad2-be4d-2850597ee8a2","local_time":"20201217174002","is_ascension_mode":false,"campfire_choices":[{"floor":12,"key":"REST"},{"floor":15,"key":"REST"}],"circlet_count":0,"master_deck":["Strike_G","Strike_G","Strike_G","Defend_G","Defend_G","Defend_G","Survivor","Neutralize","Quick Slash+1","Slice","Bouncing Flask","Slice","Backstab","Deflect+1","Doppelganger+1","Dagger Spray","Mayhem","Slice+1","Caltrops","Bane"],"relics":["Potion Belt","Shuriken","Anchor","Astrolabe","Vajra","Snake Skull","Nloth\u0027s Gift","Strawberry","Ice Cream"],"acts_visited":["Exordium","TheCity"],"potions_floor_usage":[11,23,23,25],"damage_taken":[{"damage":1,"enemies":"2 Louse","floor":1,"turns":3},{"damage":0,"enemies":"Small Slimes","floor":3,"turns":3},{"damage":41,"enemies":"Lagavulin","floor":6,"turns":9},{"damage":1,"enemies":"Cultist","floor":7,"turns":3},{"damage":9,"enemies":"3 Louse","floor":10,"turns":4},{"damage":4,"enemies":"Gremlin Nob","floor":11,"turns":3},{"damage":9,"enemies":"Red Slaver","floor":13,"turns":4},{"damage":45,"enemies":"The Guardian","floor":16,"turns":8},{"damage":6,"enemies":"3 Byrds","floor":18,"turns":5},{"damage":2,"enemies":"2 Thieves","floor":19,"turns":4},{"damage":25,"enemies":"Snake Plant","floor":21,"turns":4},{"damage":11,"enemies":"Book of Stabbing","floor":23,"turns":4},{"damage":21,"enemies":"Slavers","floor":25,"turns":5},{"damage":21,"enemies":"Centurion and Healer","floor":27,"turns":4}],"seed_played":"-1458528672823982169","potions_obtained":[{"floor":6,"key":"LiquidMemories"},{"floor":11,"key":"Block Potion"},{"floor":16,"key":"ColorlessPotion"},{"floor":18,"key":"Strength Potion"},{"floor":25,"key":"Energy Potion"}],"is_trial":false,"path_per_floor":["M","$","M","?","?","E","M","?","T","M","E","R","M","?","R","B",null,"M","M","$","M","$","E","?","E","T","M"],"character_chosen":"THE_SILENT","items_purchased":["Vajra","Mayhem","Caltrops"],"campfire_rested":2,"item_purchase_floors":[20,20,22],"current_hp_per_floor":[76,76,76,76,76,35,34,34,34,25,21,44,35,35,58,13,77,71,69,69,44,44,33,33,19,19,0,0],"gold":107,"neow_bonus":"TEN_PERCENT_HP_BONUS","is_daily":false,"chose_seed":false,"campfire_upgraded":0,"win_rate":0.0,"timestamp":1608244802,"path_taken":["M","$","M","?","?","E","M","?","T","M","E","R","?","?","R","BOSS","M","M","$","M","$","E","?","E","T","?"],"items_purchased_type":["Relic","Card","Card"],"build_version":"2020-12-13","purchased_purges":2,"victory":false,"max_hp_per_floor":[77,77,77,77,77,77,77,77,77,77,77,77,77,77,77,77,77,77,77,77,77,77,77,77,84,84,84,84],"card_choices":[{"not_picked":["Sucker Punch","Dagger Throw"],"picked":"Quick Slash","floor":1},{"not_picked":["Dagger Spray","Setup"],"picked":"Slice","floor":3},{"not_picked":["Flying Knee","Phantasmal Killer"],"picked":"Bouncing Flask","floor":6},{"not_picked":["Acrobatics","Poisoned Stab","Catalyst"],"picked":"SKIP","floor":7},{"not_picked":["Underhanded Strike","Setup"],"picked":"Slice","floor":10},{"not_picked":["Concentrate","Prepared","Sucker Punch"],"picked":"SKIP","floor":11},{"not_picked":["Backflip","Doppelganger"],"picked":"Backstab","floor":13},{"not_picked":["Prepared","Heel Hook+1"],"picked":"Dagger Spray","floor":18},{"not_picked":["Reflex+1","Calculated Gamble+1","Quick Slash"],"picked":"SKIP","floor":19},{"not_picked":["Quick Slash","Endless Agony"],"picked":"Slice+1","floor":21},{"not_picked":["Leg Sweep","Cloak And Dagger"],"picked":"Bane","floor":23},{"not_picked":["Tools of the Trade","Flying Knee+1","Blade Dance"],"picked":"SKIP","floor":25}],"player_experience":351278,"relics_obtained":[{"floor":6,"key":"Potion Belt"},{"floor":9,"key":"Shuriken"},{"floor":11,"key":"Anchor"},{"floor":23,"key":"Snake Skull"},{"floor":25,"key":"Strawberry"},{"floor":26,"key":"Ice Cream"}],"event_choices":[{"damage_healed":0,"gold_gain":0,"player_choice":"Grow","damage_taken":0,"max_hp_gain":0,"max_hp_loss":0,"event_name":"Living Wall","floor":4,"gold_loss":0,"cards_upgraded":["Quick Slash"]},{"damage_healed":0,"gold_gain":175,"player_choice":"AGREE","damage_taken":0,"max_hp_gain":0,"max_hp_loss":0,"event_name":"Liars Game","floor":5,"gold_loss":0,"cards_obtained":["Doubt"]},{"damage_healed":0,"gold_gain":0,"player_choice":"Cursed","damage_taken":0,"max_hp_gain":0,"max_hp_loss":0,"event_name":"Wheel of Change","floor":8,"gold_loss":0,"cards_obtained":["Decay"]},{"cards_removed":["Decay","Doubt"],"damage_healed":0,"gold_gain":0,"player_choice":"Removed Curses","damage_taken":0,"max_hp_gain":0,"max_hp_loss":0,"event_name":"Fountain of Cleansing","floor":14,"gold_loss":0},{"damage_healed":0,"gold_gain":0,"player_choice":"Traded Relic","damage_taken":0,"relics_obtained":["Nloth\u0027s Gift"],"max_hp_gain":0,"max_hp_loss":0,"event_name":"N\u0027loth","floor":24,"relics_lost":["Ring of the Snake"],"gold_loss":0}],"is_beta":false,"boss_relics":[{"not_picked":["Fusion Hammer","Calling Bell"],"picked":"Astrolabe"}],"items_purged_floors":[2,20],"is_endless":false,"potions_floor_spawned":[6,11,16,18,25],"killed_by":"Centurion and Healer","ascension_level":0}}