{"host":"r3d3rfw8zyydmocx","time":1608169103,"event":{"mods":["Aspiration","BaseMod","Colored Powertips","Conspire","Downfall","Hermit","Highlight Path","Hubris","Minty Spire (QoL Compilation)","Replay The Spire","StSLib"],"gold_per_floor":[99,124,124,124,124,144,171,188,201,233,333,345,52,52,64,163,163,163,192,192,192,207,207,207,207,207,237,252,279,294,314,314,331,342,440,440,440,460,460,477,477,477,556,556,588,513,513,523,542,83,100,100],"floor_reached":53,"playtime":4348,"items_purged":["Slimebound:Strike_Slimebound","Slimebound:Strike_Slimebound","Slimebound:Strike_Slimebound"],"score":1037,"play_id":"87427404-5421-4549-840f-1adae93eee58","local_time":"20201216173823","is_ascension_mode":false,"campfire_choices":[{"data":"Slimebound:Split","floor":1.0,"key":"SMITH"},{"data":"Slimebound:MegaLick","floor":4.0,"key":"SMITH"},{"data":"Slimebound:RainOfGoop","floor":18.0,"key":"SMITH"},{"data":"Slimebound:TagTeam","floor":21.0,"key":"SMITH"},{"data":"Slimebound:RainOfGoop","floor":25.0,"key":"SMITH"},{"floor":37,"key":"DIG"},{"data":"Slimebound:Gluttony","floor":39,"key":"SMITH"},{"floor":41,"key":"REST"},{"floor":46,"key":"RECALL"}],"circlet_count":0,"master_deck":["Slimebound:Tackle+1","Slimebound:Defend_Slimebound","Slimebound:Defend_Slimebound","Slimebound:Defend_Slimebound","Slimebound:Defend_Slimebound","Slimebound:Split+1","Slimebound:CorrosiveSpit","Slimebound:Gluttony+1","Slimebound:MegaLick+1","Slimebound:LeechEnergy+1","Slimebound:SplitSpecialist","Slimebound:RainOfGoop+1","Slimebound:PressTheAttack","Slimebound:TongueLash","Sadistic Nature+1","Slimebound:TagTeam+1","Slimebound:Darklings","Slimebound:Replication+1","Slimebound:RainOfGoop+1","Slimebound:RainOfGoop","Slimebound:LeadByExample","Slimebound:MinionMaster","Slimebound:SplitMire+1","Slimebound:Overexert","Slimebound:SpikyOuterGoop","Slimebound:LevelUp","Slimebound:RainOfGoop","Slimebound:RainOfGoop","Slimebound:SamplingLick+1"],"relics":["Slimebound:AbsorbEndCombat","downfall:HeartsMalice","aspiration:StickyExplosives_weak","Blood Vial","Whetstone","downfall:GremlinWheel","Membership Card","conspire:RunicOctahedron","CaptainsWheel","Regal Pillow","hubris:BottledRain","PreservedInsect","hubris:MysteriousPyramids","hubris:Metronome","Slimebound:TarBlob","Gremlin Food","hubris:Icosahedron","ReplayTheSpireMod:TigerMarble","downfall:HeartBlessingBlue","StrikeDummy","Mummified Hand","aspiration:Nostalgia","Guardian:ModeShifter","hubris:TinFlute"],"acts_visited":["Exordium","TheCity","TheBeyond"],"potions_floor_usage":[51],"damage_taken":[{"damage":0.0,"enemies":"Lagavulin","floor":2.0,"turns":1.0},{"damage":0.0,"enemies":"2 Louse","floor":3.0,"turns":1.0},{"damage":0.0,"enemies":"Cultist","floor":5.0,"turns":1.0},{"damage":11.0,"enemies":"conspire:RoseBush","floor":6.0,"turns":3.0},{"damage":34.0,"enemies":"Exordium Thugs","floor":8.0,"turns":4.0},{"damage":17.0,"enemies":"2 Fungi Beasts","floor":9.0,"turns":3.0},{"damage":15.0,"enemies":"Gremlin Nob","floor":10.0,"turns":3.0},{"damage":51.0,"enemies":"Gremlin Nob","floor":11.0,"turns":5.0},{"damage":12.0,"enemies":"Large Slime","floor":12.0,"turns":4.0},{"damage":22.0,"enemies":"downfall:FleeingMerchant","floor":13.0,"turns":4.0},{"damage":21.0,"enemies":"Blue Slaver","floor":15.0,"turns":3.0},{"damage":39.0,"enemies":"downfall:Ironclad","floor":16.0,"turns":4.0},{"damage":41.0,"enemies":"Gremlin Leader","floor":19.0,"turns":4.0},{"damage":25.0,"enemies":"Chosen","floor":22.0,"turns":3.0},{"damage":20.0,"enemies":"downfall:FleeingMerchant","floor":27.0,"turns":4.0},{"damage":23,"enemies":"Centurion and Healer","floor":28,"turns":3},{"damage":8,"enemies":"conspire:SneckoGhost","floor":29,"turns":1},{"damage":20,"enemies":"Cultist and Chosen","floor":30,"turns":3},{"damage":17,"enemies":"conspire:HollyBat","floor":31,"turns":4},{"damage":19,"enemies":"Snecko","floor":33,"turns":4},{"damage":0,"enemies":"Centurion and Healer","floor":34,"turns":2},{"damage":19,"enemies":"downfall:Defect","floor":35,"turns":5},{"damage":35,"enemies":"3 Shapes","floor":38,"turns":2},{"damage":10,"enemies":"Orb Walker","floor":40,"turns":2},{"damage":12,"enemies":"Nemesis","floor":45,"turns":1},{"damage":6,"enemies":"Spire Growth","floor":48,"turns":1},{"damage":30,"enemies":"Transient","floor":49,"turns":5},{"damage":0,"enemies":"3 Darklings","floor":51,"turns":1},{"damage":36,"enemies":"downfall:Silent","floor":52,"turns":3}],"seed_played":"2898939877928229278","potions_obtained":[{"floor":2.0,"key":"ColorlessPotion"},{"floor":6.0,"key":"Adrenaline Potion"},{"floor":8.0,"key":"champ:CounterPotion"},{"floor":12.0,"key":"PowerPotion"},{"floor":16.0,"key":"CultistPotion"},{"floor":22.0,"key":"PowerPotion"},{"floor":34,"key":"Adrenaline Potion"},{"floor":51,"key":"Fruit Juice"}],"is_trial":false,"path_per_floor":["R","E","M","R","M","M","T","M","M","E","?","M","$","?","M","B",null,"R","E","?","R","M","PTL","PTL","R","T","$","M","E","M","M","?","M","M","B",null,"R","M","R","M","R","?","T","?","E","R","?","M","M","$","M","B",null],"character_chosen":"SLIMEBOUND","items_purchased":["Membership Card","Sadistic Nature","PreservedInsect","Slimebound:RainOfGoop","hubris:MysteriousPyramids","Mummified Hand","aspiration:Nostalgia","hubris:TinFlute","Slimebound:LevelUp","Slimebound:RainOfGoop"],"campfire_rested":1,"item_purchase_floors":[13,13,27,27,27,50,50,50,50,50],"current_hp_per_floor":[60,60,60,60,60,60,60,40,49,56,27,53,60,60,51,38,60,60,43,43,43,44,44,44,44,44,46,41,47,45,46,36,43,49,56,65,65,50,50,46,65,65,65,65,65,75,75,75,75,75,80,58],"gold":100,"neow_bonus":"THREE_ENEMY_KILL","is_daily":false,"chose_seed":false,"campfire_upgraded":6,"win_rate":0.0,"timestamp":1608169103,"path_taken":["R","E","M","R","M","M","T","M","M","E","?","?","?","?","M","BOSS","R","E","?","R","M","PTL","PTL","R","T","$","M","E","M","M","?","M","M","BOSS","R","M","R","M","R","?","T","?","E","R","?","M","M","$","M","BOSS"],"items_purchased_type":["Relic","Card","Relic","Card","Relic","Relic","Relic","Relic","Card","Card"],"build_version":"2020-12-13","purchased_purges":3,"victory":true,"max_hp_per_floor":[60,60,60,60,60,60,60,60,60,60,60,60,60,60,60,60,60,60,60,60,60,60,60,60,60,60,60,60,60,60,60,65,65,65,65,65,65,65,65,65,65,65,65,65,65,75,75,75,75,75,80,80],"card_choices":[{"not_picked":["Slimebound:GoopTackle","Slimebound:RejuvenatingLick"],"picked":"Slimebound:Gluttony","floor":2.0},{"not_picked":["Slimebound:HungryTackle","Slimebound:ServeAndProtect"],"picked":"Slimebound:MegaLick","floor":3.0},{"not_picked":["Slimebound:HauntingLick","Slimebound:SlimeBrawl","Slimebound:ServeAndProtect"],"picked":"SKIP","floor":5.0},{"not_picked":["Slimebound:SplitLeeching","Slimebound:GoopSpray"],"picked":"Slimebound:LeechEnergy","floor":6.0},{"not_picked":["Slimebound:FlameTackle","Slimebound:ServeAndProtect"],"picked":"Slimebound:SplitSpecialist","floor":8.0},{"not_picked":["Slimebound:SlimeSpikes","Slimebound:GrowthPunch","Slimebound:GoopSpray"],"picked":"SKIP","floor":9.0},{"not_picked":["Slimebound:SlimeSpikes","Slimebound:Recollect"],"picked":"Slimebound:RainOfGoop","floor":10.0},{"not_picked":["Slimebound:Repurpose","Slimebound:SplitAcid"],"picked":"Slimebound:PressTheAttack","floor":12.0},{"not_picked":["Slimebound:LeechingTouch","Slimebound:SplitSpecialist"],"picked":"Slimebound:TongueLash","floor":13.0},{"not_picked":["Slimebound:Recollect","Slimebound:Nibble"],"picked":"Slimebound:TagTeam","floor":15.0},{"not_picked":["Slimebound:CheckThePlaybook","Slimebound:MassRepurpose"],"picked":"Slimebound:Darklings","floor":16.0},{"not_picked":["Slimebound:ServeAndProtect","Slimebound:PressTheAttack"],"picked":"Slimebound:Replication+1","floor":19.0},{"not_picked":["Slimebound:GrowthPunch","Slimebound:SplitLeeching"],"picked":"Slimebound:RainOfGoop","floor":22.0},{"not_picked":["Slimebound:ViciousTackle","Slimebound:PressTheAttack","Slimebound:FormOfPuddle"],"picked":"SKIP","floor":28},{"not_picked":["Slimebound:DouseInSlime","Slimebound:FinishingTackle","Slimebound:Dissolve+1"],"picked":"SKIP","floor":29},{"not_picked":["Slimebound:TongueLash","Slimebound:SamplingLick","Slimebound:SplitLeeching"],"picked":"SKIP","floor":30},{"not_picked":["Slimebound:ComboTackle","Slimebound:SlimeSpikes","Slimebound:LeechEnergy+1"],"picked":"SKIP","floor":31},{"not_picked":["Slimebound:GoopSpray","Slimebound:MegaLick","Slimebound:LeechEnergy"],"picked":"SKIP","floor":33},{"not_picked":["Slimebound:GrowthPunch","Slimebound:LeechEnergy+1"],"picked":"Slimebound:LeadByExample","floor":34},{"not_picked":["Slimebound:LeechLife","Slimebound:Overexert"],"picked":"Slimebound:MinionMaster","floor":35},{"not_picked":["Slimebound:HauntingLick","Slimebound:SlimeBrawl+1","Slimebound:SlimeSpikes+1"],"picked":"SKIP","floor":38},{"not_picked":["Slimebound:SpikyOuterGoop+1","Slimebound:LeechEnergy"],"picked":"Slimebound:SplitMire","floor":40},{"not_picked":["Slimebound:LeechingTouch+1","Slimebound:SamplingLick+1"],"picked":"Slimebound:Overexert","floor":45},{"not_picked":["Slimebound:Repurpose","Slimebound:GrowthPunch+1"],"picked":"Slimebound:SpikyOuterGoop","floor":48},{"not_picked":["Slimebound:FinishingTackle","Slimebound:SlimeBarrage+1","Slimebound:GoopSpray"],"picked":"SKIP","floor":49},{"not_picked":["Slimebound:ServeAndProtect+1","Slimebound:Dissolve"],"picked":"Slimebound:SamplingLick+1","floor":51}],"player_experience":466243,"relics_obtained":[{"floor":2.0,"key":"aspiration:StickyExplosives_weak"},{"floor":7.0,"key":"Blood Vial"},{"floor":10.0,"key":"Whetstone"},{"floor":11.0,"key":"downfall:GremlinWheel"},{"floor":18.0,"key":"CaptainsWheel"},{"floor":19.0,"key":"Regal Pillow"},{"floor":26.0,"key":"hubris:BottledRain"},{"floor":29,"key":"hubris:Metronome"},{"floor":37,"key":"Gremlin Food"},{"floor":45,"key":"ReplayTheSpireMod:TigerMarble"},{"floor":47,"key":"StrikeDummy"}],"event_choices":[{"damage_healed":0.0,"max_hp_gain":0.0,"max_hp_loss":0.0,"gold_gain":0.0,"event_name":"Accursed Blacksmith","player_choice":"Forge","floor":14.0,"gold_loss":0.0,"damage_taken":0.0,"cards_upgraded":["Sadistic Nature"]},{"damage_healed":0.0,"max_hp_gain":0.0,"max_hp_loss":0.0,"gold_gain":0.0,"event_name":"Wheel of Change","player_choice":"Relic","floor":18.0,"gold_loss":0.0,"damage_taken":0.0},{"damage_healed":0.0,"max_hp_gain":0.0,"max_hp_loss":0.0,"gold_gain":0.0,"event_name":"conspire:Investor","player_choice":"Leave","floor":20.0,"gold_loss":0.0,"damage_taken":0.0}],"is_beta":false,"boss_relics":[{"not_picked":["conspire:SlowCooker","hubris:BlackHole"],"picked":"conspire:RunicOctahedron"},{"not_picked":["SacredBark","Replay:Ancient Bell"],"picked":"Slimebound:TarBlob"}],"items_purged_floors":[13,27,50],"is_endless":false,"potions_floor_spawned":[2,6,8,12,16,22,30,31,34,45,51],"ascension_level":0}}