{"host":"gu5bom8l9zwjg25u","time":1608209399,"event":{"mods":["AchievementEnabler","BaseMod","Better Altar","Better Match","Better Note","Better Sensory Stone","Better Skull","Better Third Choice","Better Vampires","Challenge The Spire","Colored Map","Colored Powertips","Conspire","Curses Come First","Downfall","Emptier Cage","Energized Spire","GifTheSpireLib","GungeonMod","Hubris","Infinite Spire","Mad Scientist","Marked Mod","Minty Spire (QoL Compilation)","Rare Cards Sparkle","Relic Sorter","Replay The Spire","Say the Spire","Shop Mod","Spicy Shops","StSLib","The Blackbeard","The Blue Laboratory","The Bug Knight","The Cursed","The Death Knight","The Hierophant","The Runesmith","The Servant 0.9.4","The Valiant","Uncapped"],"gold_per_floor":[99,129,39,54,54,54,54,69,84,114,129,14,29,44,359,459,459,459,474,489,489,339,354,354,354,384,384,399,414,414,429,444,544,594,653,340,355,355,370,370,370,15,15,45,60,110,110,110,125,125],"floor_reached":51,"playtime":3340,"items_purged":["MadScienceMod:Strike_MadScience","MadScienceMod:Strike_MadScience","MadScienceMod:Strike_MadScience","MadScienceMod:Strike_MadScience"],"score":811,"play_id":"1d098237-7487-43bd-966e-3de0780ff3b7","local_time":"20201217144959","daily_mods":["Specialized","Vintage","downfall:WorldOfGoo"],"is_ascension_mode":false,"campfire_choices":[{"data":"MadScienceMod:HideBehindJunk","floor":1,"key":"SMITH"},{"floor":18,"key":"DIG"},{"data":"MadScienceMod:AssemblyLine","floor":21,"key":"SMITH"},{"data":"MadScienceMod:Tinker","floor":25,"key":"SMITH"},{"data":"MadScienceMod:Tinker","floor":27,"key":"SMITH"},{"data":"MadScienceMod:Tinker","floor":38,"key":"SMITH"},{"data":"MadScienceMod:Sprocket","floor":40,"key":"SMITH"},{"data":"Ghostly","floor":43,"key":"SMITH"}],"circlet_count":0,"master_deck":["MadScienceMod:Defend_MadScience","MadScienceMod:Defend_MadScience","MadScienceMod:Defend_MadScience","MadScienceMod:PoweredStrike+1","MadScienceMod:HideBehindJunk+1","MadScienceMod:SelfDestruct","MadScienceMod:SelfDestruct","MadScienceMod:SelfDestruct+1","MadScienceMod:SelfDestruct+1","MadScienceMod:SelfDestruct","MadScienceMod:MindControlBeam+1","MadScienceMod:Tinker+1","MadScienceMod:AssemblyLine+1","MadScienceMod:Tinker+1","Ghostly+1","MadScienceMod:Sprocket+1","MadScienceMod:Strafe+1","MadScienceMod:Sprocket+1","MadScienceMod:Tinker+1","MadScienceMod:RecyclingStation"],"relics":["MadScienceMod:FuelTank","DemoMod:BigBoy","hubris:Metronome","DemoMod:GlassGuonStoneRelic","Nunchaku","Pen Nib","Replay:Baseball","Chameleon Ring","hubris:Towel","Gremlin Food","Bottled Flame","ReplayTheSpireMod:Shallot","Bottled Lightning","Simple Rune","DemoMod:WaxWing","Vajra","Toy Ornithopter","Replay:Wax Seal","Guardian:PocketSentry","Bottled Tornado","PreservedInsect","MadScienceMod:PolishingWheel","infinitespire:Golems Mask","Pantograph","MerchantsRug","MadScienceMod:ExhaustVents","ReplayTheSpireMod:TigerMarble","hexamod:BolsterEngine","infinitespire:Lychee Nut","Iron Hammer","DemoMod:ClearGuonStone","champ:DeflectingBracers","DemoMod:WhiteGuonStone"],"acts_visited":["Exordium","TheCity","TheBeyond"],"potions_floor_usage":[16,33,44],"damage_taken":[{"damage":5,"enemies":"3 Sentries","floor":2,"turns":3},{"damage":2,"enemies":"downfall:FleeingMerchant","floor":3,"turns":4},{"damage":2,"enemies":"Cultist","floor":4,"turns":2},{"damage":1,"enemies":"2 Louse","floor":8,"turns":1},{"damage":6,"enemies":"Jaw Worm","floor":9,"turns":1},{"damage":17,"enemies":"Gremlin Nob","floor":10,"turns":3},{"damage":0,"enemies":"2 Fungi Beasts","floor":11,"turns":2},{"damage":6,"enemies":"downfall:FleeingMerchant","floor":12,"turns":4},{"damage":0,"enemies":"3 Louse","floor":13,"turns":1},{"damage":5,"enemies":"Large Slime","floor":14,"turns":2},{"damage":0,"enemies":"Lots of Slimes","floor":15,"turns":1},{"damage":23,"enemies":"downfall:Watcher","floor":16,"turns":4},{"damage":3,"enemies":"3 Byrds","floor":19,"turns":1},{"damage":0,"enemies":"Chosen","floor":20,"turns":3},{"damage":7,"enemies":"Centurion and Healer","floor":23,"turns":2},{"damage":1,"enemies":"Slavers","floor":26,"turns":1},{"damage":1,"enemies":"Sentry and Sphere","floor":28,"turns":2},{"damage":2,"enemies":"Snake Plant","floor":29,"turns":2},{"damage":2,"enemies":"Centurion and Healer","floor":31,"turns":3},{"damage":6,"enemies":"3 Cultists","floor":32,"turns":2},{"damage":64,"enemies":"downfall:Silent","floor":33,"turns":6},{"damage":0,"enemies":"downfall:FleeingMerchant","floor":36,"turns":4},{"damage":0,"enemies":"3 Shapes","floor":37,"turns":2},{"damage":6,"enemies":"3 Darklings","floor":39,"turns":2},{"damage":12,"enemies":"downfall:FleeingMerchant","floor":42,"turns":3},{"damage":0,"enemies":"Giant Head","floor":44,"turns":3},{"damage":6,"enemies":"Jaw Worm Horde","floor":45,"turns":2},{"damage":0,"enemies":"Mind Bloom Boss Battle","floor":46,"turns":3},{"damage":4,"enemies":"4 Shapes","floor":49,"turns":1},{"damage":1,"enemies":"downfall:Defect","floor":50,"turns":6}],"seed_played":"-4230686447748436371","potions_obtained":[{"floor":8,"key":"blueLaboratory:HorrorPotion"},{"floor":9,"key":"Fire Potion"},{"floor":11,"key":"Milkshake"},{"floor":14,"key":"blueLaboratory:PolymorphPotion"},{"floor":15,"key":"blueLaboratory:SavagePotion"},{"floor":16,"key":"SteroidPotion"},{"floor":19,"key":"GamblersBrew"},{"floor":26,"key":"Fire Potion"},{"floor":33,"key":"DemoMod:LeadSkinPotion"},{"floor":37,"key":"blueLaboratory:AbyssPotion"},{"floor":39,"key":"DemoMod:LeadSkinPotion"},{"floor":45,"key":"DeathKnight:BottledBloodEchoes"},{"floor":49,"key":"Explosive Potion"}],"is_trial":false,"path_per_floor":["R","E","$","M","?","?","T","M","M","E","M","$","M","M","M","B",null,"R_BF","M","M","R","?","M","T","R","E","R","M","M","?","M","M","B",null,"R_BF","$","M","R","M","R","T","$","R","E","M","?","?","?","M","B",null],"character_chosen":"MAD_SCIENTIST","items_purchased":["MadScienceMod:Tinker","MerchantsRug","infinitespire:Lychee Nut","Iron Hammer","DemoMod:ClearGuonStone"],"campfire_rested":0,"item_purchase_floors":[36,36,42,42,42],"current_hp_per_floor":[75,70,68,66,66,66,66,65,59,42,42,36,36,31,31,8,75,75,72,72,72,72,65,65,65,64,64,63,61,61,59,53,11,80,80,80,80,80,74,74,74,60,60,60,54,60,60,54,50,57],"gold":125,"neow_bonus":"","is_daily":true,"chose_seed":false,"campfire_upgraded":7,"win_rate":0.0,"timestamp":1608209399,"path_taken":["R","E","$","M","?","?","T","M","M","E","M","?","M","M","M","BOSS","R_BF","M","M","R","?","M","T","R","E","R","M","M","?","M","M","BOSS","R_BF","?","M","R","M","R","T","$","R","E","M","?","?","?","M","BOSS"],"items_purchased_type":["Card","Relic","Relic","Relic","Relic"],"build_version":"2020-12-13","purchased_purges":4,"victory":true,"max_hp_per_floor":[75,75,75,75,75,75,75,75,75,75,75,75,75,75,75,75,75,75,75,75,75,75,75,75,75,75,75,75,75,75,75,75,75,80,80,80,80,80,80,80,80,60,60,60,60,60,60,60,60,58],"card_choices":[{"not_picked":["MadScienceMod:EnergyBarrier","MadScienceMod:FumeBlast","MadScienceMod:AntimatterBomb"],"picked":"SKIP","floor":2},{"not_picked":["MadScienceMod:SoftenUp","MadScienceMod:SelfDestruct"],"picked":"MadScienceMod:MindControlBeam","floor":3},{"not_picked":["MadScienceMod:MinatureWeapons","MadScienceMod:MakeOrBreak"],"picked":"MadScienceMod:Tinker","floor":10},{"not_picked":["MadScienceMod:MakeOrBreak","MadScienceMod:RecyclingStation"],"picked":"MadScienceMod:AssemblyLine","floor":12},{"not_picked":["MadScienceMod:GatherParts","MadScienceMod:Automate"],"picked":"MadScienceMod:Tinker","floor":16},{"not_picked":["MadScienceMod:MechanicalSnecko","MadScienceMod:FlameThrower"],"picked":"MadScienceMod:Sprocket+1","floor":26},{"not_picked":["MadScienceMod:Detonate","MadScienceMod:Refuel"],"picked":"MadScienceMod:Strafe+1","floor":34},{"not_picked":["MadScienceMod:CaptureMomentum","MadScienceMod:GattlingGun"],"picked":"MadScienceMod:Sprocket","floor":36},{"not_picked":["MadScienceMod:LightOnFire+1","MadScienceMod:GoldenGun","MadScienceMod:SelfDestruct"],"picked":"SKIP","floor":42},{"not_picked":["MadScienceMod:AntimatterBomb","MadScienceMod:Retarget+1","MadScienceMod:FumeBlast+1"],"picked":"SKIP","floor":44},{"not_picked":["MadScienceMod:BoxOfScraps","MadScienceMod:FlexibleSpear"],"picked":"MadScienceMod:RecyclingStation","floor":46}],"player_experience":323114,"relics_obtained":[{"floor":2,"key":"Replay:Baseball"},{"floor":4,"key":"Chameleon Ring"},{"floor":7,"key":"Gremlin Food"},{"floor":8,"key":"Bottled Flame"},{"floor":9,"key":"ReplayTheSpireMod:Shallot"},{"floor":10,"key":"hubris:Metronome"},{"floor":11,"key":"Whetstone"},{"floor":13,"key":"Bottled Lightning"},{"floor":14,"key":"Simple Rune"},{"floor":15,"key":"Old Coin"},{"floor":18,"key":"Vajra"},{"floor":19,"key":"DemoMod:LamentConfigurum"},{"floor":20,"key":"Toy Ornithopter"},{"floor":23,"key":"Replay:Wax Seal"},{"floor":24,"key":"Guardian:PocketSentry"},{"floor":26,"key":"DemoMod:BigBoy"},{"floor":28,"key":"Bottled Tornado"},{"floor":29,"key":"PreservedInsect"},{"floor":31,"key":"infinitespire:Golems Mask"},{"floor":32,"key":"Pantograph"},{"floor":37,"key":"MadScienceMod:ExhaustVents"},{"floor":39,"key":"ReplayTheSpireMod:TigerMarble"},{"floor":41,"key":"hexamod:BolsterEngine"},{"floor":44,"key":"Pen Nib"},{"floor":45,"key":"Nunchaku"},{"floor":46,"key":"champ:DeflectingBracers"},{"floor":49,"key":"DemoMod:WhiteGuonStone"}],"event_choices":[{"cards_removed":["MadScienceMod:Defend_MadScience"],"damage_healed":0,"gold_gain":0,"player_choice":"Card Removal","damage_taken":0,"max_hp_gain":0,"max_hp_loss":0,"event_name":"Wheel of Change","floor":30,"gold_loss":0},{"damage_healed":0,"gold_gain":0,"player_choice":"Damaged","damage_taken":6,"max_hp_gain":0,"max_hp_loss":0,"event_name":"Wheel of Change","floor":48,"gold_loss":0}],"is_beta":false,"boss_relics":[{"not_picked":["hubris:VirtuousBlindfold","conspire:SeveredTorchhead"],"picked":"DemoMod:WaxWing"},{"not_picked":["conspire:RunicOctahedron","Painkiller Herb"],"picked":"Tiny House"}],"items_purged_floors":[3,12,36,42],"is_endless":false,"potions_floor_spawned":[8,9,11,14,15,16,19,20,26,31,32,33,37,39,45,46,49],"ascension_level":0}}