{"host":"y9jgkjnf95sujozk","time":1608164224,"event":{"mods":["2.2 Compatiblity","AchievementEnabler","BaseMod","Block Reminder","Colored Map","Colored Powertips","Downfall","Friendly Minions","GifTheSpireLib","Hermit","Highlight Path","MarisaÅiñ∂âJÅ@ñÇóùçπÅj","Minty Spire (QoL Compilation)","Random Character Button","Rare Cards Sparkle","Replay The Spire","StSLib","SuperFastMode","The Animator","The Bug Knight","The Cursed","The Servant 0.9.4"],"gold_per_floor":[109,109,129,209,59,59,134,134,160,188,253,253,300,300,300,310,310],"floor_reached":16,"playtime":379,"items_purged":[],"score":96,"play_id":"11619b62-481c-4d1c-ba84-eba34acabc30","local_time":"20201217011704","is_ascension_mode":false,"campfire_choices":[{"data":"hexamod:AdvancingGuard","floor":6,"key":"SMITH"},{"floor":8,"key":"REST"},{"data":"hexamod:FastForward","floor":12,"key":"SMITH"},{"floor":15,"key":"REST"}],"circlet_count":0,"master_deck":["hexamod:Strike","hexamod:Strike","hexamod:Strike","hexamod:Strike","hexamod:Defend","hexamod:Defend","hexamod:Defend","hexamod:Defend","hexamod:Sear","hexamod:Float+1","hexamod:GhostLash","Injury","hexamod:AdvancingGuard+1","hexamod:NightmareGuise","ReplayTheSpireMod:Splinters","hexamod:HeatShield","hexamod:FastForward+1","hexamod:Hexaguard"],"relics":["hexamod:SpiritBrand","Golden Idol","HandDrill","Replay:Bandana","Molten Egg 2","Toy Ornithopter"],"acts_visited":["Exordium"],"potions_floor_usage":[13,16,16,16],"damage_taken":[{"damage":0.0,"enemies":"2 Louse","floor":1.0,"turns":3.0},{"damage":0.0,"enemies":"Small Slimes","floor":3.0,"turns":3.0},{"damage":0,"enemies":"Cultist","floor":10,"turns":4},{"damage":44,"enemies":"Gremlin Nob","floor":13,"turns":5},{"damage":98,"enemies":"Fading Forest","floor":16,"turns":8}],"seed_played":"-1731712256533612929","potions_obtained":[{"floor":3.0,"key":"Adrenaline Potion"},{"floor":14,"key":"BlessingOfTheForge"},{"floor":14,"key":"LiquidBronze"},{"floor":14,"key":"Adrenaline Potion"}],"is_trial":false,"path_per_floor":["M","?","M","?","$","R","?","R","T","M","?","R","E","?","R","B"],"character_chosen":"THE_SPIRIT","items_purchased":["HandDrill"],"campfire_rested":2,"item_purchase_floors":[5],"current_hp_per_floor":[70,70,70,70,70,70,59,70,70,70,70,70,26,26,47,0,0],"gold":310,"neow_bonus":"RANDOM_EVENT","is_daily":false,"chose_seed":false,"campfire_upgraded":2,"win_rate":0.0,"timestamp":1608164224,"path_taken":["M","?","M","?","$","R","?","R","T","M","?","R","E","?","R","BOSS"],"items_purchased_type":["Relic"],"build_version":"2020-12-13","purchased_purges":0,"victory":false,"max_hp_per_floor":[70,70,70,70,70,70,70,70,70,70,70,70,70,70,70,70,70],"card_choices":[{"not_picked":["hexamod:HauntingEcho","hexamod:Firestarter"],"picked":"hexamod:GhostLash","floor":1.0},{"not_picked":["hexamod:SpectralAdrenaline","hexamod:InspiringFlames"],"picked":"hexamod:AdvancingGuard","floor":3.0},{"not_picked":["hexamod:SwordOfDarkness","hexamod:NightmareStrike"],"picked":"hexamod:NightmareGuise","floor":10},{"not_picked":["hexamod:PhantomCloak","hexamod:Incineration+1"],"picked":"hexamod:HeatShield","floor":11},{"not_picked":["hexamod:WildfireWeapon","hexamod:RadiantFlame"],"picked":"hexamod:FastForward","floor":11},{"not_picked":["hexamod:AdvancingGuard","hexamod:GhostOfSpirePast"],"picked":"hexamod:Hexaguard","floor":13}],"player_experience":101167,"relics_obtained":[{"floor":9,"key":"Replay:Bandana"},{"floor":11,"key":"Molten Egg 2"},{"floor":13,"key":"Toy Ornithopter"}],"event_choices":[{"damage_healed":0.0,"max_hp_gain":0.0,"max_hp_loss":0.0,"gold_gain":0.0,"event_name":"Living Wall","player_choice":"Grow","floor":0.0,"gold_loss":0.0,"damage_taken":0.0,"cards_upgraded":["hexamod:Float"]},{"damage_healed":0.0,"max_hp_gain":0.0,"max_hp_loss":0.0,"gold_gain":0.0,"event_name":"Golden Idol","player_choice":"Take Wound","floor":2.0,"gold_loss":0.0,"damage_taken":0.0,"relics_obtained":["Golden Idol"],"cards_obtained":["Injury"]},{"damage_healed":0,"gold_gain":75,"player_choice":"Gather Gold","damage_taken":11,"max_hp_gain":0,"max_hp_loss":0,"event_name":"World of Goop","floor":7,"gold_loss":0},{"damage_healed":0,"gold_gain":0,"player_choice":"Got Potions","damage_taken":0,"max_hp_gain":0,"max_hp_loss":0,"event_name":"Lab","floor":14,"gold_loss":0}],"is_beta":false,"boss_relics":[],"items_purged_floors":[],"is_endless":false,"potions_floor_spawned":[3],"killed_by":"Fading Forest","ascension_level":0}}