{"host":"o3b7ow6d1xe49css","time":1608207836,"event":{"mods":["2.2 Compatiblity","Act Like it!","Aspiration","BaseMod","Bestiary","Better Altar","Better Match","Better Note","Better Sensory Stone","Better Skull","Better Third Choice","Colored Powertips","Conspire","Downfall","Elementarium","Energized Spire","Force Act Four","GifTheSpireLib","Halation","Hermit","Hubris","Infinite Spire","Minty Spire (QoL Compilation)","Quick Restart","Replay The Spire","Spicy Shops","Spikes Relics","StSLib","Stuff the Spire","The Blue Laboratory","The Jungle","Wandering Minibosses","vexMod"],"gold_per_floor":[111,121,131,131,145,145,145,163,187,187,212,246,101,131,131,227,227,238,250,250,250,261,261,291,318,343,343,372,372,180,180,180,294,294,332,374,374,374,169,212,254,304,327,327,327],"floor_reached":44,"playtime":2088,"items_purged":["Strike_G","Strike_G","Strike_G","Strike_G","Slice"],"score":1056,"play_id":"76657f34-a8d9-49fb-a70a-c4f767acebc1","local_time":"20201217032356","daily_mods":["Heirloom","Flight"],"is_ascension_mode":true,"campfire_choices":[{"data":"conspire:DoublingDagger","floor":6,"key":"SMITH"},{"data":"Deflect","floor":7,"key":"SMITH"},{"floor":10,"key":"RECALL"},{"data":"Infinite Blades","floor":15,"key":"SMITH"},{"data":"Backstab","floor":23,"key":"SMITH"},{"floor":27,"key":"REST"},{"floor":29,"key":"REST"},{"data":"Dash","floor":32,"key":"SMITH"}],"circlet_count":0,"master_deck":["Defend_G","Defend_G","Defend_G","Defend_G","Defend_G","Survivor","Neutralize+1","Flying Knee","Deflect+1","conspire:DoublingDagger+1","StuffTheSpire:Injection","All Out Attack","Backstab+1","Infinite Blades+1","Setup","Corpse Explosion","Blade Dance","Crippling Poison+1","Quick Slash+1","StuffTheSpire:DoubleShiv+1","Hidden Blade","Backflip","Blade Dance+1","Dash+1","infinitespire:Collect","Adrenaline","hubris:Wrath","infinitespire:Menacing","Deflect+1","Leg Sweep","Bullet Time","Blade Dance+1"],"relics":["Ring of the Snake","Ring of Chaos","Thread and Needle","Blood Vial","Replay:Bottled Flurry","StuffTheSpire:Barrel","Snack Pack","energizedSpire:RedRose","infinitespire:Lychee Nut","hexamod:BolsterEngine","Paper Crane","BrokenLever","BargainBundle","Replay:Lucky Slots","infinitespire:EvilPickle","vexMod:MysteryBossChallenge","ReplayTheSpireMod:SealedPack","hubris:Reverence","champ:DuelingGlove","Gremlin Horn","Lantern","StuffTheSpire:WitherSkull","ReplayTheSpireMod:Lightbulb"],"acts_visited":["Exordium","TheCity","TheBeyond"],"potions_floor_usage":[12,14,16,16,16,16,24,24,25,33,33,33,44],"damage_taken":[{"damage":0,"enemies":"2 Louse","floor":1,"turns":3},{"damage":0,"enemies":"Cultist","floor":2,"turns":3},{"damage":0,"enemies":"Small Slimes","floor":3,"turns":4},{"damage":6,"enemies":"Red Slaver","floor":5,"turns":5},{"damage":2,"enemies":"Blue Slaver","floor":8,"turns":5},{"damage":3,"enemies":"Gremlin Nob","floor":11,"turns":4},{"damage":0,"enemies":"Lagavulin","floor":12,"turns":8},{"damage":0,"enemies":"Gremlin Nob","floor":14,"turns":3},{"damage":0,"enemies":"Slime Boss","floor":16,"turns":6},{"damage":24,"enemies":"2 Thieves","floor":18,"turns":6},{"damage":2,"enemies":"Spheric Guardian","floor":19,"turns":3},{"damage":21,"enemies":"Snake Plant","floor":22,"turns":4},{"damage":4,"enemies":"Slavers","floor":24,"turns":1},{"damage":32,"enemies":"Book of Stabbing","floor":25,"turns":5},{"damage":33,"enemies":"Nightmare","floor":28,"turns":9},{"damage":71,"enemies":"Pondfish","floor":33,"turns":12},{"damage":1,"enemies":"Orb Walker","floor":35,"turns":3},{"damage":4,"enemies":"3 Shapes","floor":36,"turns":3},{"damage":9,"enemies":"R_Hoarder","floor":40,"turns":6},{"damage":1,"enemies":"Nemesis","floor":41,"turns":5},{"damage":1,"enemies":"R_Hoarder","floor":42,"turns":4},{"damage":61,"enemies":"Nightmare","floor":44,"turns":9}],"seed_played":"5071509191473692518","potions_obtained":[{"floor":3,"key":"blueLaboratory:TrueEctoplasm"},{"floor":8,"key":"blueLaboratory:BottleOfVodka"},{"floor":11,"key":"EntropicBrew"},{"floor":12,"key":"sneckomod:MuddlingPotion"},{"floor":14,"key":"Toxic Potion"},{"floor":19,"key":"Slimebound:ThreeZeroPotion"},{"floor":22,"key":"champ:CounterPotion"},{"floor":28,"key":"Guardian:BlockOnCardUsePotion"},{"floor":35,"key":"Elixir"},{"floor":40,"key":"Weak Potion"},{"floor":42,"key":"champ:CounterPotion"}],"is_trial":true,"path_per_floor":["M","M","M","?","M","R","R","M","T","R","E","E","$","E","R","B",null,"M","M","?","?","M","R","E","E","T","R","NM","R","$","AVR","R","B",null,"M","M","T","AVR","$","E","E","E","T","NM"],"character_chosen":"THE_SILENT","items_purchased":["Infinite Blades","BargainBundle","Backflip","Blade Dance+1","SteroidPotion","Regen Potion","Dash","Leg Sweep"],"campfire_rested":2,"item_purchase_floors":[13,30,30,30,30,30,30,39],"current_hp_per_floor":[70,70,70,70,64,64,64,62,62,62,61,63,63,65,65,70,70,51,53,53,52,38,38,41,23,23,38,27,42,42,42,42,8,41,51,51,51,51,51,51,52,52,52,0,0],"gold":327,"neow_bonus":"","is_daily":false,"chose_seed":false,"campfire_upgraded":5,"win_rate":0.0,"timestamp":1608207836,"path_taken":["M","M","M","?","M","R","R","M","T","R","E","E","$","E","R","BOSS","M","M","?","?","M","R","E","E","T","R","NM","R","$","AVR","R","BOSS","M","M","?","AVR","$","E","E","E","T","NM"],"items_purchased_type":["Card","Relic","Card","Card","Potion","Potion","Card","Card"],"build_version":"2020-12-13","purchased_purges":5,"victory":false,"max_hp_per_floor":[70,70,70,70,70,70,70,70,70,70,70,70,70,70,70,70,70,70,70,70,52,52,52,52,52,52,52,52,52,52,52,52,52,52,52,52,52,52,52,52,52,52,52,52,52],"card_choices":[{"not_picked":["StuffTheSpire:Python","StuffTheSpire:Shiver"],"picked":"Flying Knee","floor":1},{"not_picked":["Dodge and Roll","StuffTheSpire:Python"],"picked":"Deflect","floor":2},{"not_picked":["Deflect","Concentrate"],"picked":"Slice","floor":3},{"not_picked":["ReplayTheSpireMod:Scrap Shanks","Quick Slash"],"picked":"conspire:DoublingDagger","floor":5},{"not_picked":["Dagger Throw","StuffTheSpire:BumpUp"],"picked":"StuffTheSpire:Injection","floor":8},{"not_picked":["Deflect","StuffTheSpire:Incantation"],"picked":"All Out Attack","floor":11},{"not_picked":["Prepared","Venomology"],"picked":"Backstab","floor":12},{"not_picked":["ReplayTheSpireMod:Exploit Weakness","Dagger Throw"],"picked":"Setup","floor":14},{"not_picked":["Night Terror","Wraith Form v2"],"picked":"Corpse Explosion","floor":16},{"not_picked":["Predator","Riddle With Holes"],"picked":"Blade Dance","floor":18},{"not_picked":["StuffTheSpire:Python","Dagger Throw"],"picked":"Crippling Poison+1","floor":19},{"not_picked":["Dagger Spray","StuffTheSpire:ReptileScales+1"],"picked":"Quick Slash+1","floor":22},{"not_picked":["Dodge and Roll","Dagger Throw","Fluid Movement"],"picked":"SKIP","floor":24},{"not_picked":["StuffTheSpire:BumpUp","Endless Agony+1"],"picked":"StuffTheSpire:DoubleShiv+1","floor":25},{"not_picked":["ReplayTheSpireMod:Exploit Weakness+1","StuffTheSpire:BumpUp"],"picked":"Hidden Blade","floor":28},{"not_picked":["infinitespire:Neurotoxin","Envenom"],"picked":"Adrenaline","floor":33},{"not_picked":["infinitespire:Oblivion","infinitespire:UltimateForm"],"picked":"infinitespire:Menacing","floor":34},{"not_picked":["StuffTheSpire:Injection","Dodge and Roll"],"picked":"Deflect+1","floor":35},{"not_picked":["Dash+1","Outmaneuver+1","Catalyst"],"picked":"SKIP","floor":36},{"not_picked":["Endless Agony","StuffTheSpire:DoubleShiv+1"],"picked":"Bullet Time","floor":40},{"not_picked":["Dodge and Roll+1","Underhanded Strike+1","hubris:SlightOfHand"],"picked":"SKIP","floor":41},{"not_picked":["StuffTheSpire:Fury+1","Deflect"],"picked":"Blade Dance+1","floor":42}],"player_experience":1723222,"relics_obtained":[{"floor":9,"key":"Blood Vial"},{"floor":11,"key":"Replay:Bottled Flurry"},{"floor":12,"key":"StuffTheSpire:Barrel"},{"floor":14,"key":"Snack Pack"},{"floor":24,"key":"hexamod:BolsterEngine"},{"floor":25,"key":"Paper Crane"},{"floor":28,"key":"BrokenLever"},{"floor":37,"key":"hubris:Reverence"},{"floor":40,"key":"Gremlin Horn"},{"floor":41,"key":"Lantern"},{"floor":42,"key":"StuffTheSpire:WitherSkull"},{"floor":43,"key":"ReplayTheSpireMod:Lightbulb"}],"event_choices":[{"damage_healed":0,"gold_gain":0,"player_choice":"Upgraded","damage_taken":0,"max_hp_gain":0,"max_hp_loss":0,"event_name":"Upgrade Shrine","floor":4,"gold_loss":0,"cards_upgraded":["Neutralize"]},{"cards_removed":["Strike_G"],"damage_healed":0,"gold_gain":0,"player_choice":"Give","damage_taken":0,"max_hp_gain":0,"max_hp_loss":0,"event_name":"betterNote:BetterNote","floor":20,"gold_loss":0,"cards_obtained":["Strike_R"]},{"damage_healed":0,"gold_gain":0,"player_choice":"Gave Potion","damage_taken":0,"relics_obtained":["infinitespire:Lychee Nut"],"max_hp_gain":0,"max_hp_loss":0,"event_name":"WeMeetAgain","floor":21,"gold_loss":0}],"is_beta":false,"boss_relics":[{"not_picked":["conspire:RoyalGoblet","Kintsugi"],"picked":"energizedSpire:RedRose"},{"not_picked":["ReplayTheSpireMod:SealedPack","Runic Dome"],"picked":"vexMod:MysteryBossChallenge"}],"items_purged_floors":[13,30,31,38,39],"is_endless":false,"potions_floor_spawned":[3,8,11,12,14,19,22,28,35,40,42],"killed_by":"Nightmare","ascension_level":5}}