{"host":"hfvpa4llnnjpeawn","time":1608209651,"event":{"mods":["2.2 Compatiblity","AchievementEnabler","Act Like it!","Aspiration","Bard","BaseMod","Beaked The Cultist","Better Skull","Better Third Choice","BetterRewards","CapriCore","Conspire","Downfall","Elementarium","Energized Spire","Hermit","Hubris","Jorbs\u0027s Wanderer Trilogy","Koishi","Lobotomy","Minty Spire (QoL Compilation)","Replay The Spire","Shade Mod","Spicy Shops","StSLib","The Bladedancer","The Factory","The Gatherer","The Jungle","Waifu the Spire","Wandering Minibosses"],"gold_per_floor":[118,152,171,26,40,40,66,66,66,92,92,92,108,24,24,24,24],"floor_reached":16,"playtime":669,"items_purged":[],"score":124,"play_id":"ae0ef816-1434-4141-a3a0-0042686e5023","local_time":"20201217075411","is_ascension_mode":true,"campfire_choices":[{"data":"Thunderclap","floor":6.0,"key":"SMITH"},{"floor":8.0,"key":"REST"},{"floor":11.0,"key":"RECALL"},{"data":"Spot Weakness","floor":15.0,"key":"SMITH"}],"circlet_count":0,"master_deck":["Strike_R","Strike_R","Strike_R","Strike_R","Strike_R","Defend_R","Defend_R","Defend_R","Defend_R","Bash","Shrug It Off","Power Through","Thunderclap+1","Injury","Spot Weakness+1"],"relics":["Burning Blood","aspiration:Nostalgia","m_CorellonBlood","hubris:IronBody","Membership Card","King of Hearts","Meat on the Bone","aspiration:HummingbirdHeart","Golden Idol","Singing Bowl"],"acts_visited":["Exordium"],"potions_floor_usage":[],"damage_taken":[{"damage":0.0,"enemies":"2 Louse","floor":1.0,"turns":3.0},{"damage":16.0,"enemies":"conspire:MimicChest","floor":2.0,"turns":6.0},{"damage":1.0,"enemies":"Jaw Worm","floor":3.0,"turns":4.0},{"damage":0.0,"enemies":"Cultist","floor":5.0,"turns":3.0},{"damage":44.0,"enemies":"Lagavulin","floor":7.0,"turns":11.0},{"damage":18.0,"enemies":"3 Sentries","floor":10.0,"turns":8.0},{"damage":0.0,"enemies":"2 Fungi Beasts","floor":13.0,"turns":3.0},{"damage":68,"enemies":"Fading Forest","floor":16,"turns":7}],"seed_played":"-953621890917538780","potions_obtained":[{"floor":3.0,"key":"Dexterity Potion"},{"floor":7.0,"key":"ColorlessPotion"}],"is_trial":false,"path_per_floor":["M","?","M","$","M","R","E","R","T","E","R","?","M","?","R","B"],"character_chosen":"IRONCLAD","items_purchased":["Membership Card"],"campfire_rested":1,"item_purchase_floors":[4],"current_hp_per_floor":[80,70,75,75,80,80,42,66,66,54,54,54,60,60,60,0,0],"gold":24,"neow_bonus":"NOSTALGIA","is_daily":false,"chose_seed":false,"campfire_upgraded":2,"win_rate":0.0,"timestamp":1608209651,"path_taken":["M","?","M","$","?","R","E","R","T","E","R","?","M","?","R","BOSS"],"items_purchased_type":["Relic"],"build_version":"2020-12-13","purchased_purges":0,"victory":false,"max_hp_per_floor":[80,80,80,80,80,80,80,80,80,80,80,80,80,80,80,80,80],"card_choices":[{"not_picked":["conspire:ExplosiveBarrier","Combust"],"picked":"Shrug It Off","floor":1.0},{"not_picked":["hubris:ReadiedAction","ReplayTheSpireMod:LeadingStrike"],"picked":"Power Through","floor":2.0},{"not_picked":["Havoc","Perfected Strike","Flex"],"picked":"SKIP","floor":3.0},{"not_picked":["Heavy Blade","Body Slam"],"picked":"Thunderclap","floor":5.0},{"not_picked":["Heavy Blade","Pommel Strike","Carnage"],"picked":"SKIP","floor":7.0},{"not_picked":["Thunderclap","Iron Wave","Wild Strike"],"picked":"SKIP","floor":10.0},{"not_picked":["Thunderclap","Demonic Infusion"],"picked":"Spot Weakness","floor":13.0}],"player_experience":246912,"relics_obtained":[{"floor":2.0,"key":"hubris:IronBody"},{"floor":7.0,"key":"King of Hearts"},{"floor":9.0,"key":"Meat on the Bone"},{"floor":10.0,"key":"aspiration:HummingbirdHeart"}],"event_choices":[{"damage_healed":0.0,"max_hp_gain":0.0,"max_hp_loss":0.0,"gold_gain":0.0,"event_name":"Golden Idol","player_choice":"Take Wound","floor":12.0,"gold_loss":0.0,"damage_taken":0.0,"relics_obtained":["Golden Idol"],"cards_obtained":["Injury"]},{"damage_healed":0.0,"max_hp_gain":0.0,"max_hp_loss":0.0,"gold_gain":0.0,"event_name":"WeMeetAgain","player_choice":"Paid Gold","floor":14.0,"gold_loss":84.0,"damage_taken":0.0,"relics_obtained":["Singing Bowl"]}],"is_beta":false,"boss_relics":[],"items_purged_floors":[],"is_endless":false,"potions_floor_spawned":[3,7],"killed_by":"Fading Forest","ascension_level":3}}