{"host":"hfxp6ue4pvwo3fit","time":1608244149,"event":{"mods":["AchievementEnabler","BaseMod","Colored Map","Colored Powertips","Highlight Path","Minty Spire (QoL Compilation)","StSLib","SuperFastMode"],"gold_per_floor":[115,125,105,124,135,135,191,218,293,303,303,303,61,78,78,152,152,168,178,178,93,7,7,7,7],"floor_reached":24,"playtime":639,"items_purged":[],"score":396,"play_id":"eb01e331-8f98-4447-bb23-cec1f236e05f","local_time":"20201217162909","is_ascension_mode":true,"campfire_choices":[{"data":"Clothesline","floor":6,"key":"SMITH"},{"data":"Demon Form","floor":11,"key":"SMITH"},{"data":"Spot Weakness","floor":15,"key":"SMITH"},{"data":"True Grit","floor":23,"key":"SMITH"}],"circlet_count":0,"master_deck":["AscendersBane","Strike_R","Strike_R","Strike_R","Strike_R","Strike_R","Defend_R","Defend_R","Defend_R","Defend_R","Bash","Twin Strike","Thunderclap","Clothesline+1","Armaments+1","Cleave","Havoc","Demon Form+1","Feel No Pain","Spot Weakness+1","Feed","True Grit+1","Second Wind"],"relics":["Coffee Dripper","Charon\u0027s Ashes","Anchor","Blue Candle","Philosopher\u0027s Stone","Regal Pillow"],"acts_visited":["Exordium","TheCity"],"potions_floor_usage":[7,16,16,19,20,24],"damage_taken":[{"damage":1,"enemies":"Cultist","floor":1,"turns":3},{"damage":7,"enemies":"Jaw Worm","floor":2,"turns":2},{"damage":1,"enemies":"2 Louse","floor":4,"turns":3},{"damage":2,"enemies":"Exordium Wildlife","floor":5,"turns":3},{"damage":26,"enemies":"Lagavulin Event","floor":7,"turns":5},{"damage":15,"enemies":"3 Sentries","floor":8,"turns":5},{"damage":0,"enemies":"Looter","floor":10,"turns":2},{"damage":0,"enemies":"3 Louse","floor":14,"turns":2},{"damage":15,"enemies":"Slime Boss","floor":16,"turns":8},{"damage":39,"enemies":"Spheric Guardian","floor":18,"turns":6},{"damage":11,"enemies":"Chosen","floor":19,"turns":5},{"damage":0,"enemies":"Snecko","floor":20,"turns":1},{"damage":24,"enemies":"Snake Plant","floor":24,"turns":4}],"seed_played":"5682384652895782481","potions_obtained":[{"floor":2,"key":"AttackPotion"},{"floor":3,"key":"SkillPotion"},{"floor":7,"key":"GamblersBrew"},{"floor":16,"key":"GamblersBrew"},{"floor":18,"key":"SmokeBomb"}],"is_trial":false,"path_per_floor":["M","M","?","M","M","R","?","E","T","M","R","?","$","M","R","B",null,"M","M","M","?","$","R","M"],"character_chosen":"IRONCLAD","items_purchased":["Feel No Pain","Spot Weakness","Regen Potion","Regen Potion"],"campfire_rested":0,"item_purchase_floors":[13,13,13,22],"current_hp_per_floor":[67,60,60,59,57,57,31,16,16,16,16,16,16,16,16,16,60,21,10,10,10,10,10,0,0],"gold":7,"neow_bonus":"BOSS_RELIC","is_daily":false,"chose_seed":false,"campfire_upgraded":4,"win_rate":0.0,"timestamp":1608244149,"path_taken":["M","M","?","M","?","R","?","E","T","M","R","?","?","M","R","BOSS","M","M","M","?","$","R","M"],"items_purchased_type":["Card","Card","Potion","Potion"],"build_version":"2020-12-13","purchased_purges":0,"victory":false,"max_hp_per_floor":[75,75,75,75,75,75,75,75,75,75,75,75,75,75,75,75,75,75,75,75,75,75,75,75,75],"card_choices":[{"not_picked":["Warcry","Wild Strike"],"picked":"Twin Strike","floor":1},{"not_picked":["Power Through","Shrug It Off"],"picked":"Thunderclap","floor":2},{"not_picked":["Perfected Strike","Sever Soul"],"picked":"Clothesline","floor":4},{"not_picked":["Body Slam","Iron Wave"],"picked":"Armaments","floor":5},{"not_picked":["Sever Soul","Fire Breathing"],"picked":"Cleave","floor":7},{"not_picked":["Evolve","Headbutt"],"picked":"Havoc","floor":8},{"not_picked":["Sentinel","Sword Boomerang"],"picked":"Demon Form","floor":10},{"not_picked":["Iron Wave","Body Slam","Ghostly Armor"],"picked":"SKIP","floor":14},{"not_picked":["Juggernaut","Offering"],"picked":"Feed","floor":16},{"not_picked":["Warcry","Whirlwind"],"picked":"True Grit","floor":18},{"not_picked":["Wild Strike","Perfected Strike"],"picked":"Second Wind","floor":19}],"player_experience":386980,"relics_obtained":[{"floor":7,"key":"Charon\u0027s Ashes"},{"floor":8,"key":"Anchor"},{"floor":9,"key":"Blue Candle"}],"event_choices":[{"damage_healed":0,"gold_gain":0,"player_choice":"Bought 1 Potion","damage_taken":0,"max_hp_gain":0,"max_hp_loss":0,"event_name":"The Woman in Blue","floor":3,"gold_loss":0},{"damage_healed":0,"gold_gain":0,"player_choice":"Searched \u00272\u0027 times","damage_taken":0,"max_hp_gain":0,"max_hp_loss":0,"event_name":"Dead Adventurer","floor":7,"gold_loss":0},{"damage_healed":0,"gold_gain":0,"player_choice":"Grow","damage_taken":0,"max_hp_gain":0,"max_hp_loss":0,"event_name":"Living Wall","floor":12,"gold_loss":0,"cards_upgraded":["Armaments"]},{"damage_healed":0,"gold_gain":0,"player_choice":"Obtained Relic","damage_taken":0,"relics_obtained":["Regal Pillow"],"max_hp_gain":0,"max_hp_loss":0,"event_name":"Addict","floor":21,"gold_loss":85}],"is_beta":false,"boss_relics":[{"not_picked":["Velvet Choker","Ectoplasm"],"picked":"Philosopher\u0027s Stone"}],"items_purged_floors":[],"is_endless":false,"potions_floor_spawned":[2,5,7,14,16,18],"killed_by":"Snake Plant","ascension_level":20}}