{"host":"o7j6aatxjwpw1421","time":1608218019,"event":{"mods":["2.2 Compatiblity","BaseMod","Colored Map","DeckTracker","Highlight Path","Keyboard Shortcuts","Minty Spire (QoL Compilation)","Permanent Neow","Quick Restart","StSLib","SuperFastMode","everything is the same but u backflip on backflip"],"gold_per_floor":[114,125,200,200,16,48,48,81,81,31,45,45,45,45,45,140,140,150,150,167,266,38,38,38,38,38],"floor_reached":25,"playtime":699,"items_purged":[],"score":265,"play_id":"88e65913-ec7b-4e09-8599-848497986d11","local_time":"20201218001339","is_ascension_mode":true,"campfire_choices":[{"data":"Perfected Strike","floor":7.0,"key":"SMITH"},{"data":"Pommel Strike","floor":12.0,"key":"SMITH"},{"data":"Bash","floor":15.0,"key":"SMITH"},{"data":"Berserk","floor":23,"key":"SMITH"}],"circlet_count":0,"master_deck":["Strike_R","Strike_R","Strike_R","Strike_R","Strike_R","Defend_R","Defend_R","Defend_R","Bash+1","Thunderclap+1","Twin Strike","Pommel Strike+1","Perfected Strike+1","Flame Barrier+1","Berserk+1","Twin Strike","Flex+1","Perfected Strike","Armaments+1"],"relics":["Burning Blood","NeowsBlessing","Sling","Strawberry","Juzu Bracelet","Toxic Egg 2","SacredBark","Enchiridion","Lantern"],"acts_visited":["Exordium","TheCity"],"potions_floor_usage":[],"damage_taken":[{"damage":0.0,"enemies":"Small Slimes","floor":1.0,"turns":1.0},{"damage":0.0,"enemies":"2 Louse","floor":2.0,"turns":1.0},{"damage":0.0,"enemies":"Gremlin Nob","floor":6.0,"turns":1.0},{"damage":25.0,"enemies":"3 Sentries","floor":8.0,"turns":5.0},{"damage":0.0,"enemies":"Cultist","floor":11.0,"turns":2.0},{"damage":59.0,"enemies":"Slime Boss","floor":16.0,"turns":8.0},{"damage":47.0,"enemies":"2 Thieves","floor":18.0,"turns":4.0},{"damage":9,"enemies":"3 Byrds","floor":20,"turns":4},{"damage":0,"enemies":"Book of Stabbing","floor":25,"turns":1}],"seed_played":"7119775357571306668","potions_obtained":[{"floor":1.0,"key":"SneckoOil"},{"floor":6.0,"key":"SneckoOil"},{"floor":16.0,"key":"ColorlessPotion"},{"floor":18.0,"key":"GamblersBrew"}],"is_trial":false,"path_per_floor":["M","M","?","?","$","E","R","E","T","?","M","R","?","$","R","B",null,"M","?","M","?","$","R","?","E"],"character_chosen":"IRONCLAD","items_purchased":["Sling","Pommel Strike","Perfected Strike","Lantern","Armaments+1"],"campfire_rested":0,"item_purchase_floors":[5,5,22,22,22],"current_hp_per_floor":[80,80,69,61,61,74,74,55,55,55,61,61,61,61,61,8,87,46,30,27,27,27,27,10,10,10],"gold":38,"neow_bonus":"THREE_ENEMY_KILL","is_daily":false,"chose_seed":false,"campfire_upgraded":4,"win_rate":0.0,"timestamp":1608218019,"path_taken":["M","M","?","?","$","E","R","E","T","?","M","R","?","?","R","BOSS","M","?","M","?","$","R","?","E"],"items_purchased_type":["Relic","Card","Card","Relic","Card"],"build_version":"2020-12-13","purchased_purges":0,"victory":false,"max_hp_per_floor":[80,80,80,80,80,87,87,87,87,87,87,87,87,87,87,87,87,87,87,87,87,87,87,92,92,92],"card_choices":[{"not_picked":["Shockwave","Bloodletting"],"picked":"Thunderclap","floor":1.0},{"not_picked":["Wild Strike","Sword Boomerang"],"picked":"Twin Strike","floor":2.0},{"not_picked":["Havoc","Warcry"],"picked":"Perfected Strike","floor":6.0},{"not_picked":["Pummel","Power Through","Havoc"],"picked":"SKIP","floor":8.0},{"not_picked":["True Grit+1","Burning Pact+1"],"picked":"Flame Barrier+1","floor":11.0},{"not_picked":["Immolate","Impervious+1"],"picked":"Berserk","floor":16.0},{"not_picked":["Disarm+1","Anger"],"picked":"Twin Strike","floor":18.0},{"not_picked":["Entrench+1","True Grit+1"],"picked":"Flex+1","floor":20}],"player_experience":256154,"relics_obtained":[{"floor":6.0,"key":"Strawberry"},{"floor":8.0,"key":"Juzu Bracelet"},{"floor":9.0,"key":"Toxic Egg 2"},{"floor":19.0,"key":"Enchiridion"}],"event_choices":[{"damage_healed":0.0,"max_hp_gain":0.0,"max_hp_loss":0.0,"gold_gain":75.0,"event_name":"World of Goop","player_choice":"Gather Gold","floor":3.0,"gold_loss":0.0,"damage_taken":11.0},{"damage_healed":0.0,"max_hp_gain":0.0,"max_hp_loss":0.0,"gold_gain":0.0,"event_name":"Wheel of Change","player_choice":"Damaged","floor":4.0,"gold_loss":0.0,"damage_taken":8.0},{"cards_removed":["Defend_R"],"damage_healed":0.0,"max_hp_gain":0.0,"max_hp_loss":0.0,"gold_gain":0.0,"event_name":"The Cleric","player_choice":"Card Removal","floor":10.0,"gold_loss":50.0,"damage_taken":0.0},{"damage_healed":0.0,"max_hp_gain":0.0,"max_hp_loss":0.0,"gold_gain":0.0,"event_name":"Living Wall","player_choice":"Grow","floor":13.0,"gold_loss":0.0,"damage_taken":0.0,"cards_upgraded":["Thunderclap"]},{"damage_healed":0.0,"max_hp_gain":0.0,"max_hp_loss":0.0,"gold_gain":0.0,"event_name":"Cursed Tome","player_choice":"Obtained Book","floor":19.0,"gold_loss":0.0,"damage_taken":16.0},{"damage_healed":0,"gold_gain":99,"player_choice":"Stole From Cult","damage_taken":0,"max_hp_gain":0,"max_hp_loss":0,"event_name":"Nest","floor":21,"gold_loss":0},{"damage_healed":0,"gold_gain":0,"player_choice":"Shed Blood","damage_taken":22,"max_hp_gain":5,"max_hp_loss":0,"event_name":"Forgotten Altar","floor":24,"gold_loss":0}],"is_beta":false,"boss_relics":[{"not_picked":["Fusion Hammer","Runic Dome"],"picked":"SacredBark"}],"items_purged_floors":[],"is_endless":false,"potions_floor_spawned":[1,6,16,18],"killed_by":"Book of Stabbing","ascension_level":3}}