{"host":"0uumfqrc8aynrssa","time":1608237677,"event":{"mods":["AchievementEnabler","Act Like it!","AlwaysNeverKeys","Aspiration","Astrologer","BaseMod","Better Altar","Better Match","Better Note","Better Sensory Stone","Better Skull","Better Third Choice","Better Vampires","CapriCore","Colored Map","Colored Powertips","Conspire","Downfall","Energized Spire","Friendly Minions","Gensokyo","GifTheSpireLib","Hallownest","Hermit","Highlight Path","Hubris","Infinite Spire","Jorbs\u0027s Wanderer Trilogy","Koishi","Luminous","Marisa????????","Marked Mod","Minty Spire (QoL Compilation)","Pale of the Ancients","Permanent Neow","Potionbrewer","RNG Fix","Random Character Button","Rare Cards Sparkle","Reimu??????","Relic Sorter","Remilia??????","Replay The Spire","Robot Space Explorer","Shop Mod","Somnambulant","Spicy Shops","Spikes Relics","StSLib","Stuff the Spire","The Animator","The Awakened One except there are too many feathers","The Bug Knight","The Cursed","The Hayseed","The Hierophant","The Immortal","The IronCluck","The Mystic","The Problem Sleuth","The Runesmith","The Servant 0.9.4","TheBandit","TheFirefly","Trackpad","Wandering Minibosses","egg","everything is the same but u backflip on backflip","slay the spire mod where everything is the same but ironclad has a cowboy hat","vexMod"],"gold_per_floor":[117,131,159,183,220,220,244,244,81,101,119,12,12,35,35,139,139,159,179,205,232,252,279,306,231,270,270,292,292,292,311,311,423,423,444,464,480,538,538,538,538,531,487,487,487,502,524,109,133,133],"floor_reached":51,"playtime":5951,"items_purged":["hexamod:Strike","hexamod:Strike","hexamod:Strike","hexamod:Strike","hexamod:Defend","hexamod:Defend","hexamod:Defend"],"score":720,"play_id":"c3f5ed5d-d51d-4162-a9d5-8c15d845fc52","local_time":"20201217154117","is_ascension_mode":false,"campfire_choices":[{"floor":6.0,"key":"REST"},{"data":"hexamod:Firestarter","floor":13.0,"key":"SMITH"},{"data":"hexamod:ThermalTransfer","floor":15.0,"key":"SMITH"},{"data":"hexamod:Float","floor":25.0,"key":"SMITH"},{"data":"hexamod:ThermalTransfer","floor":27.0,"key":"SMITH"},{"data":"infinitespire:Fortify","floor":32.0,"key":"SMITH"},{"floor":44.0,"key":"RECALL"}],"circlet_count":0,"master_deck":["hexamod:Defend","hexamod:Sear","hexamod:Float+1","hexamod:TimeOfNeed","hexamod:SpectersWail","hexamod:SecondSeal","hexamod:FirstSeal","hexamod:Firestarter+1","hexamod:HeatMetal","hexamod:RainOfEmbers","hexamod:NightmareGuise","hexamod:ThermalTransfer+1","hexamod:NightmareStrike","hexamod:ThermalTransfer","hexamod:TimeOfNeed","hexamod:Firestarter+1","hexamod:FirstSeal","hexamod:ThermalTransfer+1","hexamod:BurningTouch+1","hexamod:BurningTouch","hexamod:RainOfEmbers","infinitespire:Fortify+1","hexamod:SearingWound","hexamod:HeatCrush+1","hexamod:Hexaguard+1","infinitespire:SevenWalls","hexamod:WildfireWeapon","hexamod:ExtraCrispy","hexamod:BurningTouch","hexamod:FirstSeal","hexamod:HeatCrush+1"],"relics":["hexamod:SpiritBrand","hubris:BundleOfHerbs","HornCleat","Philosopher\u0027s Stone","Runesmith:Nanobots","trackpad:CultistFigurine","downfall:HeartBlessingBlue","ScarletDevilRocket","StuffTheSpire:Nightcore","hubris:Backtick","hubris:MysteriousPyramids","vexMod:CardConverter","Frozen Eye","hubris:Towel","Replay:Ringing Soul","trackpad:GuardianSpirit"],"acts_visited":["Exordium","TheCity","TheBeyond"],"potions_floor_usage":[],"damage_taken":[{"damage":1.0,"enemies":"2 Louse","floor":1.0,"turns":3.0},{"damage":5.0,"enemies":"Jaw Worm","floor":2.0,"turns":3.0},{"damage":6.0,"enemies":"Cultist","floor":3.0,"turns":3.0},{"damage":8.0,"enemies":"Blue Slaver","floor":4.0,"turns":5.0},{"damage":37.0,"enemies":"Lagavulin","floor":5.0,"turns":8.0},{"damage":0.0,"enemies":"downfall:FleeingMerchant","floor":9.0,"turns":4.0},{"damage":7.0,"enemies":"3 Louse","floor":10.0,"turns":3.0},{"damage":7.0,"enemies":"Blue Slaver","floor":11.0,"turns":3.0},{"damage":1.0,"enemies":"downfall:FleeingMerchant","floor":12.0,"turns":4.0},{"damage":3.0,"enemies":"Gremlin Gang","floor":14.0,"turns":3.0},{"damage":23.0,"enemies":"downfall:Silent","floor":16.0,"turns":8.0},{"damage":12.0,"enemies":"conspire:FuzzyDice","floor":18.0,"turns":5.0},{"damage":9.0,"enemies":"Shell Parasite","floor":19.0,"turns":5.0},{"damage":32.0,"enemies":"3 Cultists","floor":20.0,"turns":6.0},{"damage":16.0,"enemies":"Snake Plant","floor":21.0,"turns":4.0},{"damage":2.0,"enemies":"Centurion and Healer","floor":22.0,"turns":6.0},{"damage":6.0,"enemies":"Replay:Snechameleon","floor":23.0,"turns":7.0},{"damage":18.0,"enemies":"Book of Stabbing","floor":26.0,"turns":5.0},{"damage":3.0,"enemies":"conspire:HollyBat","floor":28.0,"turns":5.0},{"damage":1.0,"enemies":"Chosen and Byrds","floor":31.0,"turns":4.0},{"damage":71.0,"enemies":"downfall:Watcher","floor":33.0,"turns":8.0},{"damage":22.0,"enemies":"3 Shapes","floor":35.0,"turns":5.0},{"damage":4.0,"enemies":"Orb Walker","floor":36.0,"turns":3.0},{"damage":4.0,"enemies":"Spire Growth","floor":37.0,"turns":4.0},{"damage":42.0,"enemies":"Mind Bloom Boss Battle","floor":38.0,"turns":5.0},{"damage":0.0,"enemies":"downfall:FleeingMerchant","floor":42.0,"turns":4.0},{"damage":21.0,"enemies":"downfall:FleeingMerchant","floor":43.0,"turns":3.0},{"damage":24.0,"enemies":"Writhing Mass","floor":46.0,"turns":4.0},{"damage":10.0,"enemies":"Spire Growth","floor":47.0,"turns":3.0},{"damage":32.0,"enemies":"Transient","floor":49.0,"turns":5.0},{"damage":57,"enemies":"downfall:Defect","floor":50,"turns":9}],"seed_played":"-4624770337800570476","potions_obtained":[{"floor":1.0,"key":"ColorlessPotion"},{"floor":5.0,"key":"potionbrewer:InfectionPotion"},{"floor":11.0,"key":"LifebloodPotion"},{"floor":16.0,"key":"Block Potion"},{"floor":20.0,"key":"Regen Potion"},{"floor":22.0,"key":"sneckomod:MuddlingPotion"},{"floor":28.0,"key":"potionbrewer:StunPotion"},{"floor":37.0,"key":"Toxic Potion"},{"floor":46.0,"key":"Elixir"},{"floor":47.0,"key":"Ancient Potion"}],"is_trial":false,"path_per_floor":["M","M","M","M","E","R","T","T","$","M","M","$","R","M","R","B",null,"M","M","M","M","M","E","T","R","E","R","M","?","AVR","M","R","B",null,"R_BF","M","M","?","AVR","?","T","$","$","R","?","M","M","$","M","B",null],"character_chosen":"THE_SPIRIT","items_purchased":["hexamod:RainOfEmbers","hexamod:ExtraCrispy","hexamod:BurningTouch","trackpad:GuardianSpirit"],"campfire_rested":1,"item_purchase_floors":[9,43,43,48],"current_hp_per_floor":[69,64,58,57,20,41,41,41,48,48,48,54,54,58,58,35,70,65,63,31,29,53,61,61,71,67,67,78,78,78,80,80,23,80,72,80,80,54,56,56,56,63,51,51,49,39,43,43,30,6],"gold":133,"neow_bonus":"ONE_RANDOM_RARE_CARD","is_daily":false,"chose_seed":false,"campfire_upgraded":5,"win_rate":0.0,"timestamp":1608237677,"path_taken":["M","M","M","?","E","R","T","?","$","M","M","?","R","?","R","BOSS","M","M","?","M","?","E","T","R","E","R","M","?","AVR","M","R","BOSS","R_BF","M","M","?","AVR","?","T","?","?","R","?","M","M","$","M","BOSS"],"items_purchased_type":["Card","Card","Card","Relic"],"build_version":"2020-12-13","purchased_purges":7,"victory":true,"max_hp_per_floor":[70,70,70,70,70,70,70,70,70,70,70,70,70,70,70,70,70,70,70,70,70,70,70,70,80,80,80,80,80,80,80,80,80,80,80,80,80,82,84,84,84,84,93,93,98,98,98,98,103,103],"card_choices":[{"not_picked":["hexamod:SecondSeal","hexamod:HauntingEcho"],"picked":"hexamod:SpectersWail","floor":1.0},{"not_picked":["hexamod:ChargedBarrage","hexamod:SwordOfDarkness"],"picked":"hexamod:SecondSeal","floor":2.0},{"not_picked":["hexamod:PhantomCloak","hexamod:EtherealExpedition"],"picked":"hexamod:FirstSeal","floor":3.0},{"not_picked":["hexamod:ChargedBarrage","hexamod:SwordOfDarkness"],"picked":"hexamod:Firestarter","floor":4.0},{"not_picked":["hexamod:ParanormalForm","hexamod:SwordOfDarkness"],"picked":"hexamod:HeatMetal","floor":5.0},{"not_picked":["hexamod:Rewind","hexamod:ShieldOfDarkness","hexamod:SpectralAdrenaline"],"picked":"SKIP","floor":9.0},{"not_picked":["hexamod:RetreatToShadows","hexamod:HauntingEcho"],"picked":"hexamod:NightmareGuise","floor":10.0},{"not_picked":["hexamod:NightmareStrike","hexamod:RetreatToShadows"],"picked":"hexamod:ThermalTransfer","floor":11.0},{"not_picked":["hexamod:SpectersWail","hexamod:PhantomCloak"],"picked":"hexamod:NightmareStrike","floor":12.0},{"not_picked":["hexamod:FastForward","hexamod:HauntingEcho"],"picked":"hexamod:ThermalTransfer","floor":14.0},{"not_picked":["hexamod:UnleashSpirits","hexamod:CrushingStance"],"picked":"hexamod:TimeOfNeed","floor":16.0},{"not_picked":["hexamod:FastForward","hexamod:InspiringFlames","hexamod:RainOfEmbers"],"picked":"SKIP","floor":18.0},{"not_picked":["hexamod:RecurringNightmare","hexamod:SkipABeat+1"],"picked":"hexamod:Firestarter+1","floor":19.0},{"not_picked":["hexamod:AdvancingGuard","hexamod:GhostOfSpireFuture"],"picked":"hexamod:FirstSeal","floor":20.0},{"not_picked":["hexamod:SwordOfDarkness","hexamod:HeatMetal"],"picked":"hexamod:ThermalTransfer","floor":21.0},{"not_picked":["hexamod:EmpoweredFlame","hexamod:SuperheatedStrike"],"picked":"hexamod:BurningTouch+1","floor":22.0},{"not_picked":["hexamod:TurnItUp","hexamod:GhostLash"],"picked":"hexamod:BurningTouch","floor":23.0},{"not_picked":["hexamod:AdvancingGuard","hexamod:PhantomFireball+1"],"picked":"hexamod:RainOfEmbers","floor":26.0},{"not_picked":["hexamod:ShieldOfDarkness+1","hexamod:CatchUp","hexamod:AdvancingGuard"],"picked":"SKIP","floor":28.0},{"not_picked":["hexamod:HauntingEcho","hexamod:InspiringFlames","hexamod:Again"],"picked":"SKIP","floor":31.0},{"not_picked":["hexamod:HexaLevel","hexamod:FifthSeal"],"picked":"hexamod:SearingWound","floor":33.0},{"not_picked":["hexamod:FastForward","hexamod:BacktrackSmack+1"],"picked":"hexamod:HeatCrush+1","floor":35.0},{"not_picked":["hexamod:SpectersWail+1","hexamod:HauntingEcho","hexamod:SkipABeat"],"picked":"SKIP","floor":36.0},{"not_picked":["hexamod:NightmareGuise+1","hexamod:NightmareStrike+1","hexamod:Haunt+1"],"picked":"SKIP","floor":37.0},{"not_picked":["hexamod:NightmareGuise","hexamod:HauntingEcho+1"],"picked":"hexamod:Hexaguard+1","floor":38.0},{"not_picked":["hexamod:NightmareGuise+1","hexamod:ChargedBarrage+1","hexamod:ThermalTransfer+1"],"picked":"SKIP","floor":42.0},{"not_picked":["hexamod:GhostLash","hexamod:BurningTouch+1"],"picked":"hexamod:WildfireWeapon","floor":43.0},{"not_picked":["hexamod:FourthSeal","hexamod:RainOfEmbers","hexamod:InspiringFlames"],"picked":"SKIP","floor":46.0},{"not_picked":["hexamod:HeatMetal","hexamod:Hexaguard+1","hexamod:NightmareStrike"],"picked":"SKIP","floor":47.0},{"not_picked":["hexamod:ThermalTransfer","hexamod:InspiringFlames+1"],"picked":"hexamod:HeatCrush+1","floor":49.0}],"player_experience":858945,"relics_obtained":[{"floor":5.0,"key":"hubris:BundleOfHerbs"},{"floor":8.0,"key":"HornCleat"},{"floor":23.0,"key":"Runesmith:Nanobots"},{"floor":24.0,"key":"trackpad:CultistFigurine"},{"floor":26.0,"key":"ScarletDevilRocket"},{"floor":38.0,"key":"vexMod:CardConverter"},{"floor":41.0,"key":"Replay:Ringing Soul"}],"event_choices":[],"is_beta":false,"boss_relics":[{"not_picked":["aspiration:FutureDiary","Tiny House"],"picked":"Philosopher\u0027s Stone"},{"not_picked":["aspiration:RunesmithSkillbook","hubris:GrandSneckoEye"],"picked":"hubris:Backtick"}],"items_purged_floors":[9,12,30,39,43,43,48],"is_endless":false,"potions_floor_spawned":[1,5,11,16,19,20,21,22,28,31,37,46,47,49],"ascension_level":0}}