{"host":"5gc11emcm5chfr5t","time":1608249536,"event":{"mods":["2.2 Compatiblity","AchievementEnabler","BaseMod","Bestiary","Better Note","Colored Map","Colored Powertips","Downfall","Googly Eyes","Minty Spire (QoL Compilation)","Rare Cards Sparkle","StSLib"],"gold_per_floor":[99,127,577,603,52,76,76,61,88,13,113,130,142,270,285,285,285],"floor_reached":16,"playtime":614,"items_purged":[],"score":360,"play_id":"d93d04fc-9c4f-4e17-8349-856343ce845c","local_time":"20201217185856","is_ascension_mode":true,"campfire_choices":[{"floor":1,"key":"RECALL"},{"data":"Panache","floor":10,"key":"SMITH"}],"circlet_count":0,"master_deck":["AscendersBane","sneckomod:Strike","sneckomod:Defend","sneckomod:Defend","sneckomod:Defend","sneckomod:TailWhip","sneckomod:SnekBite","sneckomod:Unknown","sneckomod:Unknown","sneckomod:UnknownUncommonAttack","Slimebound:Icky","Slimebound:Icky","Slimebound:Icky","sneckomod:DiceBoulder","sneckomod:SoulRoll","Panache+1","sneckomod:Transmogrify","sneckomod:UnknownColorless+1","sneckomod:SnakeSap","sneckomod:WideSting","sneckomod:UnknownRareAttack","sneckomod:SerpentIdol","sneckomod:QuickBite","Regret","hexamod:EmpoweredFlame","Madness","sneckomod:SerpentIdol","sneckomod:UnknownStrike","sneckomod:UnknownClassGREEN","sneckomod:UnknownRareSkill","sneckomod:UnknownUncommonAttack"],"relics":["sneckomod:SneckoSoul","downfall:HeartsMalice","Ancient Tea Set","Ginger","sneckomod:ConfusingCodex","Pantograph","Mummified Hand","downfall:HeartBlessingRed","downfall:GremlinSack"],"acts_visited":["Exordium"],"potions_floor_usage":[2,6,6,9,14,14,14,16],"damage_taken":[{"damage":0,"enemies":"Gremlin Nob","floor":2,"turns":1},{"damage":0,"enemies":"Lagavulin","floor":4,"turns":1},{"damage":0,"enemies":"downfall:FleeingMerchant","floor":5,"turns":1},{"damage":4,"enemies":"Small Slimes","floor":6,"turns":3},{"damage":5,"enemies":"downfall:FleeingMerchant","floor":8,"turns":4},{"damage":33,"enemies":"3 Sentries","floor":9,"turns":5},{"damage":21,"enemies":"3 Sentries","floor":11,"turns":4},{"damage":2,"enemies":"Cultist","floor":12,"turns":3},{"damage":0,"enemies":"2 Louse","floor":13,"turns":1},{"damage":14,"enemies":"downfall:Heads","floor":14,"turns":4},{"damage":7,"enemies":"Large Slime","floor":15,"turns":2},{"damage":38,"enemies":"downfall:Silent","floor":16,"turns":4}],"seed_played":"8259819775254778478","potions_obtained":[{"floor":2,"key":"EntropicBrew"},{"floor":6,"key":"Swift Potion"},{"floor":11,"key":"SkillPotion"},{"floor":12,"key":"Slimebound:ThreeZeroPotion"},{"floor":13,"key":"champ:CounterPotion"},{"floor":15,"key":"Strength Potion"}],"is_trial":false,"path_per_floor":["R","E","?","E","$","M","T","$","E","R","?","M","M","?","M","B"],"character_chosen":"THE_SNECKO","items_purchased":["Ginger","Panache","sneckomod:Transmogrify"],"campfire_rested":0,"item_purchase_floors":[5,5,5],"current_hp_per_floor":[81,82,82,82,82,79,79,74,41,41,21,20,21,9,2,0,0],"gold":285,"neow_bonus":"THREE_ENEMY_KILL","is_daily":false,"chose_seed":false,"campfire_upgraded":1,"win_rate":0.0,"timestamp":1608249536,"path_taken":["R","E","?","E","$","M","T","$","E","R","?","M","?","?","M","BOSS"],"items_purchased_type":["Relic","Card","Card"],"build_version":"2020-12-13","purchased_purges":0,"victory":false,"max_hp_per_floor":[90,91,91,91,91,92,92,92,92,92,93,94,95,97,97,97,97],"card_choices":[{"not_picked":["sneckomod:UnknownX","sneckomod:DiceBlock"],"picked":"sneckomod:UnknownUncommonAttack","floor":2},{"not_picked":["sneckomod:Unknown1Cost","sneckomod:MasterEye"],"picked":"sneckomod:DiceBoulder","floor":4},{"not_picked":["sneckomod:RainOfDice","sneckomod:UnknownWeak"],"picked":"sneckomod:SoulRoll","floor":5},{"not_picked":["sneckomod:SoulCleanse","sneckomod:IronFang"],"picked":"sneckomod:UnknownColorless","floor":6},{"not_picked":["sneckomod:UnknownClassPURPLE","sneckomod:ImprovisedGuard"],"picked":"sneckomod:SnakeSap","floor":8},{"not_picked":["sneckomod:Rotation","sneckomod:SnakeSap"],"picked":"sneckomod:WideSting","floor":9},{"not_picked":["sneckomod:UnknownWeak","sneckomod:WideSting"],"picked":"sneckomod:SerpentIdol","floor":11},{"not_picked":["sneckomod:Nope","sneckomod:UnknownBlock"],"picked":"sneckomod:UnknownStrike","floor":12},{"not_picked":["sneckomod:IronFang","sneckomod:WideSting"],"picked":"sneckomod:UnknownClassGREEN","floor":13},{"not_picked":["sneckomod:UnknownCommonSkill","sneckomod:QuickBite"],"picked":"sneckomod:UnknownUncommonAttack","floor":14},{"not_picked":["sneckomod:UnknownEthereal","sneckomod:UnknownDexterity","sneckomod:DiceBlock"],"picked":"SKIP","floor":15}],"player_experience":413210,"relics_obtained":[{"floor":2,"key":"InkBottle"},{"floor":4,"key":"Ancient Tea Set"},{"floor":6,"key":"Pantograph"},{"floor":7,"key":"sneckomod:ConfusingCodex"},{"floor":8,"key":"Pantograph"},{"floor":9,"key":"Mummified Hand"},{"floor":11,"key":"downfall:GremlinSack"}],"event_choices":[],"is_beta":false,"boss_relics":[],"items_purged_floors":[],"is_endless":false,"potions_floor_spawned":[2,6,11,12,13,15],"killed_by":"downfall:Silent","ascension_level":11}}