{"host":"3a1ypf1irl30q4k8","time":1608240289,"event":{"mods":["AchievementEnabler","BaseMod","Bestiary","Colored Map","Minty Spire (QoL Compilation)","Relic Stats"],"gold_per_floor":[364,378,453,47,62,89,89,89,113,124,135,135,135,214,214,214,214],"floor_reached":16,"playtime":583,"items_purged":["Strike_R"],"score":175,"play_id":"b489e6c6-e378-438c-a799-fa935d6791c9","local_time":"20201217212449","is_ascension_mode":true,"campfire_choices":[{"floor":7.0,"key":"REST"},{"floor":12.0,"key":"REST"},{"data":"Evolve","floor":15,"key":"SMITH"}],"circlet_count":0,"master_deck":["AscendersBane","Strike_R","Strike_R","Strike_R","Strike_R","Defend_R","Defend_R","Defend_R","Defend_R","Bash","Fire Breathing","Clothesline","Evolve+1","Pommel Strike","Cleave","Pommel Strike","Infernal Blade"],"relics":["Burning Blood","Kunai","Nunchaku","Smiling Mask"],"acts_visited":["Exordium"],"potions_floor_usage":[],"damage_taken":[{"damage":7.0,"enemies":"2 Louse","floor":1.0,"turns":3.0},{"damage":4.0,"enemies":"Jaw Worm","floor":2.0,"turns":3.0},{"damage":4.0,"enemies":"Small Slimes","floor":5.0,"turns":4.0},{"damage":22.0,"enemies":"3 Sentries","floor":6.0,"turns":5.0},{"damage":7.0,"enemies":"3 Louse","floor":10.0,"turns":3.0},{"damage":18.0,"enemies":"Large Slime","floor":11.0,"turns":5.0},{"damage":59,"enemies":"Hexaghost","floor":16,"turns":9}],"seed_played":"7173922549389179179","potions_obtained":[{"floor":1.0,"key":"SteroidPotion"},{"floor":2.0,"key":"AttackPotion"}],"is_trial":false,"path_per_floor":["M","M","?","$","M","E","R","?","T","M","M","R","?","?","R","B"],"character_chosen":"IRONCLAD","items_purchased":["Evolve","Kunai"],"campfire_rested":2,"item_purchase_floors":[4,4],"current_hp_per_floor":[49,51,40,40,42,26,48,48,48,47,35,57,57,57,57,0,0],"gold":214,"neow_bonus":"TWO_FIFTY_GOLD","is_daily":false,"chose_seed":false,"campfire_upgraded":1,"win_rate":0.0,"timestamp":1608240289,"path_taken":["M","M","?","$","M","E","R","?","T","M","M","R","?","?","R","BOSS"],"items_purchased_type":["Card","Relic"],"build_version":"2020-12-13","purchased_purges":1,"victory":false,"max_hp_per_floor":[75,75,75,75,75,75,75,75,75,75,75,75,75,75,75,75,75],"relic_stats":{"Nunchaku":[3],"counters":[7,32],"Kunai":[7],"Smiling Mask":0,"obtain_stats":[{"Nunchaku":6,"Kunai":4,"Smiling Mask":9,"Burning Blood":0},{"Nunchaku":4,"Kunai":2,"Smiling Mask":4,"Burning Blood":0},{"Nunchaku":15,"Kunai":6,"Smiling Mask":15,"Burning Blood":0}],"Burning Blood":36},"card_choices":[{"not_picked":["Sword Boomerang","Spot Weakness"],"picked":"Fire Breathing","floor":1.0},{"not_picked":["Spot Weakness","Thunderclap"],"picked":"Clothesline","floor":2.0},{"not_picked":["Headbutt","Cleave"],"picked":"Pommel Strike","floor":5.0},{"not_picked":["Clothesline","Sever Soul"],"picked":"Cleave","floor":6.0},{"not_picked":["Armaments","Havoc"],"picked":"Pommel Strike","floor":10.0},{"not_picked":["Clothesline","Anger"],"picked":"Infernal Blade","floor":11.0}],"player_experience":853088,"relics_obtained":[{"floor":6.0,"key":"Nunchaku"},{"floor":9.0,"key":"Smiling Mask"}],"event_choices":[{"damage_healed":0.0,"max_hp_gain":0.0,"max_hp_loss":0.0,"gold_gain":75.0,"event_name":"World of Goop","player_choice":"Gather Gold","floor":3.0,"gold_loss":0.0,"damage_taken":11.0},{"damage_healed":0.0,"max_hp_gain":0.0,"max_hp_loss":0.0,"gold_gain":0.0,"event_name":"Shining Light","player_choice":"Ignored","floor":8.0,"gold_loss":0.0,"damage_taken":0.0},{"damage_healed":0.0,"max_hp_gain":0.0,"max_hp_loss":0.0,"gold_gain":0.0,"event_name":"Scrap Ooze","player_choice":"Fled","floor":13.0,"gold_loss":0.0,"damage_taken":0.0},{"damage_healed":0.0,"max_hp_gain":0.0,"max_hp_loss":0.0,"gold_gain":79.0,"event_name":"Golden Wing","player_choice":"Gained Gold","floor":14.0,"gold_loss":0.0,"damage_taken":0.0}],"is_beta":false,"boss_relics":[],"items_purged_floors":[4],"is_endless":false,"potions_floor_spawned":[1,2],"killed_by":"Hexaghost","ascension_level":15}}