{"host":"aunmuzt9j70r7vun","time":1608167530,"event":{"mods":["BaseMod","Better Altar","Better Third Choice","BetterRewards","Clockwork Mod","Curses Come First","Downfall","Infinite Spire","LagranYue(???·?)","Mad Scientist","Marisa????????","Minty Spire (QoL Compilation)","Rare Cards Sparkle","Relic Sorter","Say the Spire","Shop Mod","Spicy Shops","StSLib","The Cursed","The Disciple","The Edgeheg","The Mystic","The Servant 0.9.4"],"gold_per_floor":[115,190,48,63,80,80,113,113,137,137,169,344,344,344,344,448,448,463,498,498,498,498],"floor_reached":21,"playtime":1006,"items_purged":[],"score":238,"play_id":"5a235cc4-1b81-4e2a-b95e-1cc6e354d3aa","local_time":"20201216211210","is_ascension_mode":true,"campfire_choices":[{"data":"Defragment","floor":6,"key":"SMITH"},{"floor":8,"key":"REST"},{"floor":10,"key":"REST"},{"data":"Creative AI","floor":15,"key":"SMITH"}],"circlet_count":0,"master_deck":["Strike_B","Strike_B","Strike_B","Strike_B","Defend_B","Defend_B","Defend_B","Defend_B","Zap","Dualcast","hexamod:Haunted","Creative AI+1","Defragment+1","Ball Lightning","Double Energy","Doubt","Electrodynamics","CurseOfTheBell","Zap"],"relics":["Cracked Core","LagranYue:RandomDrawCardRelic","Juzu Bracelet","Art of War","Gremlin Horn","Boot","Calling Bell","Ancient Tea Set","InkBottle","Thread and Needle","Red Mask"],"acts_visited":["Exordium","TheCity"],"potions_floor_usage":[7,16,19],"damage_taken":[{"damage":0,"enemies":"Small Slimes","floor":1,"turns":4},{"damage":2,"enemies":"Jaw Worm","floor":4,"turns":3},{"damage":6,"enemies":"Cultist","floor":5,"turns":3},{"damage":27,"enemies":"3 Sentries","floor":7,"turns":4},{"damage":30,"enemies":"Lagavulin","floor":11,"turns":6},{"damage":43,"enemies":"The Guardian","floor":16,"turns":7},{"damage":7,"enemies":"Spheric Guardian","floor":18,"turns":3},{"damage":50,"enemies":"Masked Bandits","floor":19,"turns":4},{"damage":1,"enemies":"3 Byrds","floor":21,"turns":2}],"seed_played":"4756298873475789126","potions_obtained":[{"floor":5,"key":"EssenceOfSteel"},{"floor":7,"key":"EssenceOfSteel"},{"floor":18,"key":"LiquidMemories"}],"is_trial":false,"path_per_floor":["M","?","$","M","M","R","E","R","T","R","E","?","?","?","R","B",null,"M","?","?","M"],"character_chosen":"DEFECT","items_purchased":["Defragment"],"campfire_rested":2,"item_purchase_floors":[3],"current_hp_per_floor":[68,57,57,55,49,49,22,44,44,66,36,36,24,49,49,6,58,51,1,1,0,0],"gold":498,"neow_bonus":"THREE_RARE_CARDS","is_daily":false,"chose_seed":false,"campfire_upgraded":2,"win_rate":0.0,"timestamp":1608167530,"path_taken":["M","?","$","M","M","R","E","R","T","R","E","?","?","?","R","BOSS","M","?","?","M"],"items_purchased_type":["Card"],"build_version":"2020-12-13","purchased_purges":0,"victory":false,"max_hp_per_floor":[75,75,75,75,75,75,75,75,75,75,75,75,75,75,75,75,75,75,75,75,75,75],"card_choices":[{"not_picked":["Multi-Cast","Hyperbeam"],"picked":"Creative AI","floor":0},{"not_picked":["Steam","Doom and Gloom","Blizzard"],"picked":"SKIP","floor":1},{"not_picked":["Scrape","Barrage"],"picked":"Ball Lightning","floor":4},{"not_picked":["Scrape","Darkness","Turbo"],"picked":"SKIP","floor":5},{"not_picked":["Blizzard","Gash"],"picked":"Double Energy","floor":7},{"not_picked":["Streamline","Go for the Eyes","Undo"],"picked":"SKIP","floor":11},{"not_picked":["Reboot","All For One"],"picked":"Electrodynamics","floor":16},{"not_picked":["Aggregate","Melter","Stack"],"picked":"SKIP","floor":18}],"player_experience":741179,"relics_obtained":[{"floor":7,"key":"Juzu Bracelet"},{"floor":9,"key":"Art of War"},{"floor":11,"key":"Gremlin Horn"},{"floor":17,"key":"Ancient Tea Set"},{"floor":17,"key":"InkBottle"},{"floor":17,"key":"Thread and Needle"},{"floor":19,"key":"Red Mask"}],"event_choices":[{"damage_healed":0,"gold_gain":75,"player_choice":"Gold","damage_taken":11,"max_hp_gain":0,"max_hp_loss":0,"event_name":"betterThird:BetterGoop","floor":2,"gold_loss":0},{"damage_healed":0,"gold_gain":175,"player_choice":"AGREE","damage_taken":169,"max_hp_gain":0,"max_hp_loss":0,"event_name":"betterThird:BetterSerpent","floor":12,"gold_loss":0},{"damage_healed":0,"gold_gain":0,"player_choice":"Relic ","damage_taken":12,"max_hp_gain":0,"max_hp_loss":0,"event_name":"betterThird:BetterScrap","floor":13,"gold_loss":0,"cards_obtained":["Ghostly Armor"]},{"damage_healed":25,"gold_gain":0,"player_choice":"Banana","damage_taken":0,"max_hp_gain":0,"max_hp_loss":0,"event_name":"Big Fish","floor":14,"gold_loss":0},{"damage_healed":0,"gold_gain":0,"player_choice":"Fought Bandits","damage_taken":0,"max_hp_gain":0,"max_hp_loss":0,"event_name":"Masked Bandits","floor":19,"gold_loss":0},{"damage_healed":0,"gold_gain":0,"player_choice":"1 cards matched","damage_taken":0,"max_hp_gain":0,"max_hp_loss":0,"event_name":"Match and Keep!","floor":20,"gold_loss":0,"cards_obtained":["Zap"]}],"is_beta":false,"boss_relics":[{"not_picked":["Astrolabe","LagranYue:SoulBurningRelic"],"picked":"Calling Bell"}],"items_purged_floors":[],"is_endless":false,"potions_floor_spawned":[5,7,18],"killed_by":"3 Byrds","ascension_level":6}}