{"host":"vumwfieg2b2mnrfl","time":1608232326,"event":{"mods":["AchievementEnabler","BaseMod","Minty Spire (QoL Compilation)","Rare Cards Sparkle","Relic Stats"],"gold_per_floor":[116,116,116,131,151,176,127,127,127,73,73,73,73,91,91,193,193,204,216,216,230,246,246,246],"floor_reached":23,"playtime":734,"items_purged":[],"score":248,"play_id":"45b6052b-22a7-448c-a05e-d34e559837c6","local_time":"20201217131206","is_ascension_mode":true,"campfire_choices":[{"floor":11,"key":"REST"},{"data":"Redo","floor":13,"key":"SMITH"},{"data":"Ball Lightning","floor":15,"key":"SMITH"}],"circlet_count":0,"master_deck":["Strike_B","Strike_B","Strike_B","Defend_B","Defend_B","Defend_B","Defend_B","Zap","Dualcast","Beam Cell","Redo+1","Doom and Gloom","Genetic Algorithm","Go for the Eyes","Cold Snap","Ball Lightning+1","Blizzard","Multi-Cast+1","Ball Lightning+1","Ball Lightning","BootSequence"],"relics":["Cracked Core","StrikeDummy","Symbiotic Virus","Bird Faced Urn","Black Star"],"acts_visited":["Exordium","TheCity"],"potions_floor_usage":[16,19,22,23],"damage_taken":[{"damage":4,"enemies":"Small Slimes","floor":1,"turns":3},{"damage":8,"enemies":"Jaw Worm","floor":4,"turns":4},{"damage":6,"enemies":"Cultist","floor":5,"turns":3},{"damage":39,"enemies":"3 Sentries","floor":6,"turns":6},{"damage":1,"enemies":"Blue Slaver","floor":14,"turns":2},{"damage":17,"enemies":"Slime Boss","floor":16,"turns":7},{"damage":2,"enemies":"Chosen","floor":18,"turns":4},{"damage":14,"enemies":"3 Byrds","floor":19,"turns":4},{"damage":22,"enemies":"Centurion and Healer","floor":21,"turns":7},{"damage":21,"enemies":"Sentry and Sphere","floor":22,"turns":4},{"damage":10,"enemies":"Gremlin Leader","floor":23,"turns":4}],"seed_played":"7027134443198761950","potions_obtained":[{"floor":4,"key":"PotionOfCapacity"},{"floor":6,"key":"AttackPotion"},{"floor":8,"key":"Dexterity Potion"},{"floor":8,"key":"PowerPotion"},{"floor":16,"key":"AttackPotion"}],"is_trial":false,"path_per_floor":["M","?","?","M","M","E","$","?","T","$","R","T","R","M","R","B",null,"M","M","?","M","M","E"],"character_chosen":"DEFECT","items_purchased":["Cold Snap","Ball Lightning"],"campfire_rested":1,"item_purchase_floors":[7,10],"current_hp_per_floor":[64,64,64,56,50,11,11,11,11,11,33,33,33,32,32,15,60,58,44,44,22,3,0,0],"gold":246,"neow_bonus":"THREE_CARDS","is_daily":false,"chose_seed":false,"campfire_upgraded":2,"win_rate":0.0,"timestamp":1608232326,"path_taken":["M","?","?","M","?","E","$","?","T","?","R","?","R","M","R","BOSS","M","M","?","M","?","E"],"items_purchased_type":["Card","Card"],"build_version":"2020-12-13","purchased_purges":0,"victory":false,"max_hp_per_floor":[75,75,75,75,75,75,75,75,75,75,75,75,75,75,75,75,75,75,75,75,75,75,75,75],"relic_stats":{"counters":[11,48],"Bird Faced Urn":[2],"Black Star":0,"obtain_stats":[{"Bird Faced Urn":12,"Black Star":17,"Cracked Core":0,"StrikeDummy":6,"Symbiotic Virus":9},{"Bird Faced Urn":4,"Black Star":6,"Cracked Core":0,"StrikeDummy":4,"Symbiotic Virus":4},{"Bird Faced Urn":16,"Black Star":25,"Cracked Core":0,"StrikeDummy":16,"Symbiotic Virus":16}]},"card_choices":[{"not_picked":["Heatsinks","Steam"],"picked":"Beam Cell","floor":0},{"not_picked":["Go for the Eyes","Heatsinks"],"picked":"Redo","floor":1},{"not_picked":["Aggregate","Coolheaded"],"picked":"Doom and Gloom","floor":4},{"not_picked":["Stack","Sunder"],"picked":"Genetic Algorithm","floor":5},{"not_picked":["Force Field","Biased Cognition"],"picked":"Go for the Eyes","floor":6},{"not_picked":["Redo","White Noise"],"picked":"Blizzard","floor":14},{"not_picked":["Thunder Strike","Meteor Strike"],"picked":"Multi-Cast","floor":16},{"not_picked":["BootSequence","Redo"],"picked":"Ball Lightning+1","floor":18},{"not_picked":["Stack","Gash"],"picked":"Ball Lightning","floor":19},{"not_picked":["Gash+1","Barrage"],"picked":"BootSequence","floor":21},{"not_picked":["Barrage","Stack","Redo+1"],"picked":"SKIP","floor":22}],"player_experience":232064,"relics_obtained":[{"floor":6,"key":"StrikeDummy"},{"floor":9,"key":"Symbiotic Virus"},{"floor":12,"key":"Bird Faced Urn"}],"event_choices":[{"damage_healed":0,"gold_gain":0,"player_choice":"Leave","damage_taken":0,"max_hp_gain":0,"max_hp_loss":0,"event_name":"The Cleric","floor":2,"gold_loss":0},{"cards_removed":["Strike_B"],"damage_healed":0,"gold_gain":0,"player_choice":"Purged","damage_taken":0,"max_hp_gain":0,"max_hp_loss":0,"event_name":"Purifier","floor":3,"gold_loss":0},{"damage_healed":0,"gold_gain":0,"player_choice":"Got Potions","damage_taken":0,"max_hp_gain":0,"max_hp_loss":0,"event_name":"Lab","floor":8,"gold_loss":0},{"damage_healed":0,"gold_gain":0,"player_choice":"Upgraded","damage_taken":0,"max_hp_gain":0,"max_hp_loss":0,"event_name":"Upgrade Shrine","floor":20,"gold_loss":0,"cards_upgraded":["Multi-Cast"]}],"is_beta":false,"boss_relics":[{"not_picked":["Nuclear Battery","Tiny House"],"picked":"Black Star"}],"items_purged_floors":[],"is_endless":false,"potions_floor_spawned":[4,6,14,16],"killed_by":"Gremlin Leader","ascension_level":6}}