{"host":"0fm1w3v00gid44jl","time":1608224245,"event":{"mods":["AchievementEnabler","BaseMod","Colored Map","Colored Powertips","Displayed Cursed Tome","Googly Eyes","Highlight Path","Minty Spire (QoL Compilation)","Permanent Neow","Relic Stats","StSLib","SuperFastMode","slay the spire mod where everything is the same but ironclad has a cowboy hat"],"gold_per_floor":[114,132,132,152,0,0,75,109,109,140,140,140,215,248,248,348,348,361,276,292,33,33,68,68,96,96,120,152,152,171,110,110,211,211,228,243,243,243,253,253,284,158,158,188,188,215,215,242,242,242,242],"floor_reached":50,"playtime":80662,"items_purged":["Parasite"],"score":737,"play_id":"9c67b1a7-12f5-4a81-b9a2-306757fd9830","local_time":"20201217105725","is_ascension_mode":true,"campfire_choices":[{"data":"Noxious Fumes","floor":6,"key":"SMITH"},{"data":"Distraction","floor":11,"key":"SMITH"},{"data":"Footwork","floor":15,"key":"SMITH"},{"data":"Calculated Gamble","floor":29,"key":"SMITH"},{"floor":32,"key":"REST"},{"data":"Crippling Poison","floor":40,"key":"SMITH"},{"data":"Catalyst","floor":45,"key":"SMITH"},{"data":"Noxious Fumes","floor":49,"key":"SMITH"}],"circlet_count":0,"master_deck":["Defend_G","Defend_G","Defend_G","Survivor","Neutralize","PiercingWail","Sucker Punch","Terror","Noxious Fumes+1","Distraction+1","Footwork+1","Dagger Spray","After Image","Noxious Fumes+1","Bane","Catalyst+1","A Thousand Cuts","Heel Hook","Calculated Gamble+1","Blur","Choke+1","Backstab+1","Catalyst+1","Crippling Poison+1","Backflip+1","Distraction","Backflip","Bandage Up"],"relics":["Ring of the Snake","TwistedFunnel","CaptainsWheel","Blue Candle","Juzu Bracelet","Pear","Philosopher\u0027s Stone","Bronze Scales","Eternal Feather","StoneCalendar","Boot","Smiling Mask","MealTicket","Mummified Hand","Astrolabe","Singing Bowl","HornCleat","Bag of Marbles","Orichalcum","Shuriken"],"acts_visited":["Exordium","TheCity","TheBeyond"],"potions_floor_usage":[14,33,44,50,50,50],"damage_taken":[{"damage":0,"enemies":"Jaw Worm","floor":1,"turns":6},{"damage":1,"enemies":"Small Slimes","floor":2,"turns":5},{"damage":1,"enemies":"Cultist","floor":4,"turns":4},{"damage":18,"enemies":"Lagavulin","floor":8,"turns":6},{"damage":36,"enemies":"Gremlin Nob","floor":10,"turns":5},{"damage":10,"enemies":"Lagavulin","floor":14,"turns":6},{"damage":10,"enemies":"Hexaghost","floor":16,"turns":10},{"damage":2,"enemies":"3 Byrds","floor":18,"turns":5},{"damage":11,"enemies":"2 Thieves","floor":20,"turns":4},{"damage":7,"enemies":"Gremlin Leader","floor":23,"turns":6},{"damage":25,"enemies":"Book of Stabbing","floor":25,"turns":5},{"damage":0,"enemies":"Gremlin Leader","floor":28,"turns":5},{"damage":7,"enemies":"Snecko","floor":30,"turns":4},{"damage":25,"enemies":"Automaton","floor":33,"turns":8},{"damage":3,"enemies":"3 Darklings","floor":35,"turns":4},{"damage":9,"enemies":"3 Shapes","floor":36,"turns":2},{"damage":7,"enemies":"Jaw Worm Horde","floor":39,"turns":3},{"damage":55,"enemies":"Reptomancer","floor":41,"turns":5},{"damage":11,"enemies":"Nemesis","floor":44,"turns":5},{"damage":10,"enemies":"Giant Head","floor":46,"turns":5},{"damage":3,"enemies":"Nemesis","floor":48,"turns":5},{"damage":76,"enemies":"Awakened One","floor":50,"turns":7}],"seed_played":"-8420061396237790665","potions_obtained":[{"floor":1,"key":"Explosive Potion"},{"floor":10,"key":"Strength Potion"},{"floor":23,"key":"Weak Potion"},{"floor":25,"key":"AttackPotion"},{"floor":39,"key":"Fire Potion"},{"floor":46,"key":"CunningPotion"}],"is_trial":false,"path_per_floor":["M","M","?","M","$","R","?","E","T","E","R","?","?","E","R","B",null,"M","?","M","$","?","E","?","E","T","T","E","R","M","?","R","B",null,"M","M","?","?","M","R","E","$","T","E","R","E","?","E","R","B"],"character_chosen":"THE_SILENT","items_purchased":["TwistedFunnel","Eternal Feather","Distraction"],"campfire_rested":1,"item_purchase_floors":[5,21,42],"current_hp_per_floor":[70,69,70,69,69,69,62,44,44,8,8,25,14,14,14,4,80,78,78,67,67,52,45,45,20,20,20,20,32,25,25,65,40,85,82,73,73,73,66,81,28,43,43,34,49,39,39,42,57,0,0],"gold":242,"neow_bonus":"TRANSFORM_CARD","is_daily":false,"chose_seed":false,"campfire_upgraded":7,"win_rate":0.0,"timestamp":1608224245,"path_taken":["M","M","?","M","$","R","?","E","T","E","R","?","?","E","R","BOSS","M","?","M","$","?","E","?","E","T","?","E","R","M","?","R","BOSS","M","M","?","?","M","R","E","$","T","E","R","E","?","E","R","BOSS"],"items_purchased_type":["Relic","Relic","Card"],"build_version":"2020-12-13","purchased_purges":1,"victory":false,"max_hp_per_floor":[70,70,70,70,70,70,70,70,70,70,70,70,70,80,80,80,80,80,80,80,80,85,85,85,85,85,85,85,85,85,85,85,85,85,85,85,85,85,85,85,87,84,84,86,86,86,86,88,88,88,88],"relic_stats":{"Singing Bowl":6,"counters":[22,115],"Blue Candle":[2],"Astrolabe":["Choke","Backstab","Catalyst"],"Eternal Feather":72,"StoneCalendar":[104],"Juzu Bracelet":2,"Orichalcum":[6],"Boot":[79],"Smiling Mask":25,"Mummified Hand":[35],"Shuriken":[2],"Bronze Scales":[219],"MealTicket":15,"obtain_stats":[{"TwistedFunnel":5,"Pear":14,"Singing Bowl":41,"Blue Candle":9,"Astrolabe":34,"Eternal Feather":21,"StoneCalendar":23,"Juzu Bracelet":10,"Orichalcum":46,"Boot":25,"Smiling Mask":27,"CaptainsWheel":8,"HornCleat":43,"Mummified Hand":31,"Shuriken":48,"Bronze Scales":19,"Philosopher\u0027s Stone":17,"MealTicket":28,"Bag of Marbles":44,"Ring of the Snake":0},{"TwistedFunnel":3,"Pear":6,"Singing Bowl":18,"Blue Candle":4,"Astrolabe":14,"Eternal Feather":9,"StoneCalendar":10,"Juzu Bracelet":5,"Orichalcum":20,"Boot":11,"Smiling Mask":11,"CaptainsWheel":4,"HornCleat":18,"Mummified Hand":13,"Shuriken":21,"Bronze Scales":8,"Philosopher\u0027s Stone":7,"MealTicket":12,"Bag of Marbles":19,"Ring of the Snake":0},{"TwistedFunnel":15,"Pear":32,"Singing Bowl":93,"Blue Candle":21,"Astrolabe":79,"Eternal Feather":51,"StoneCalendar":57,"Juzu Bracelet":26,"Orichalcum":103,"Boot":62,"Smiling Mask":62,"CaptainsWheel":21,"HornCleat":93,"Mummified Hand":71,"Shuriken":108,"Bronze Scales":47,"Philosopher\u0027s Stone":42,"MealTicket":67,"Bag of Marbles":98,"Ring of the Snake":0}],"Ring of the Snake":[44]},"card_choices":[{"not_picked":["Distraction","Concentrate"],"picked":"Sucker Punch","floor":1},{"not_picked":["Deflect","Prepared"],"picked":"Terror","floor":2},{"not_picked":["Flying Knee","Prepared"],"picked":"Noxious Fumes","floor":4},{"not_picked":["Masterful Stab","Well Laid Plans"],"picked":"Distraction","floor":8},{"not_picked":["Infinite Blades","Flechettes"],"picked":"Footwork","floor":10},{"not_picked":["Poisoned Stab","Blur"],"picked":"Dagger Spray","floor":14},{"not_picked":["Wraith Form v2","Grand Finale"],"picked":"After Image","floor":16},{"not_picked":["Choke","Well Laid Plans+1"],"picked":"Noxious Fumes","floor":18},{"not_picked":["Underhanded Strike","Sucker Punch"],"picked":"Bane","floor":20},{"not_picked":["Infinite Blades","Slice"],"picked":"Catalyst","floor":23},{"not_picked":["Slice+1","Tools of the Trade","Blade Dance"],"picked":"SKIP","floor":25},{"not_picked":["Dagger Throw+1","All Out Attack"],"picked":"Calculated Gamble","floor":28},{"not_picked":["Outmaneuver","Slice"],"picked":"Blur","floor":30},{"not_picked":["Dagger Throw","Poisoned Stab","Heel Hook"],"picked":"SKIP","floor":35},{"not_picked":["Blade Dance+1","Blur+1"],"picked":"Crippling Poison","floor":36},{"not_picked":["Blade Dance","Bouncing Flask"],"picked":"Backflip+1","floor":39},{"not_picked":["PiercingWail+1","Acrobatics+1","Expertise"],"picked":"Singing Bowl","floor":41},{"not_picked":["Choke","Calculated Gamble","Deflect"],"picked":"Singing Bowl","floor":44},{"not_picked":["Predator+1","Slice+1"],"picked":"Backflip","floor":46},{"not_picked":["Forethought","Transmutation"],"picked":"Bandage Up","floor":47},{"not_picked":["Unload","Outmaneuver","Underhanded Strike"],"picked":"Singing Bowl","floor":48}],"player_experience":1029086,"relics_obtained":[{"floor":8,"key":"CaptainsWheel"},{"floor":9,"key":"Blue Candle"},{"floor":10,"key":"Juzu Bracelet"},{"floor":14,"key":"Pear"},{"floor":23,"key":"StoneCalendar"},{"floor":25,"key":"Boot"},{"floor":27,"key":"Smiling Mask"},{"floor":28,"key":"MealTicket"},{"floor":41,"key":"Singing Bowl"},{"floor":43,"key":"HornCleat"},{"floor":44,"key":"Bag of Marbles"},{"floor":46,"key":"Orichalcum"},{"floor":48,"key":"Shuriken"}],"event_choices":[{"damage_healed":23,"gold_gain":0,"player_choice":"Banana","damage_taken":0,"max_hp_gain":0,"max_hp_loss":0,"event_name":"Big Fish","floor":3,"gold_loss":0},{"damage_healed":0,"gold_gain":75,"player_choice":"Touch","damage_taken":7,"max_hp_gain":0,"max_hp_loss":0,"event_name":"FaceTrader","floor":7,"gold_loss":0},{"damage_healed":17,"gold_gain":0,"player_choice":"Healed and dodged fight","damage_taken":0,"max_hp_gain":0,"max_hp_loss":0,"event_name":"Mushrooms","floor":12,"gold_loss":0,"cards_obtained":["Parasite"]},{"damage_healed":0,"gold_gain":75,"player_choice":"Gather Gold","damage_taken":11,"max_hp_gain":0,"max_hp_loss":0,"event_name":"World of Goop","floor":13,"gold_loss":0},{"damage_healed":0,"gold_gain":0,"player_choice":"Obtained Relic","damage_taken":0,"relics_obtained":["Bronze Scales"],"max_hp_gain":0,"max_hp_loss":0,"event_name":"Addict","floor":19,"gold_loss":85},{"damage_healed":0,"gold_gain":0,"player_choice":"Shed Blood","damage_taken":20,"max_hp_gain":5,"max_hp_loss":0,"event_name":"Forgotten Altar","floor":22,"gold_loss":0},{"damage_healed":0,"gold_gain":0,"cards_transformed":["Strike_G","Strike_G"],"player_choice":"Became Test Subject","damage_taken":0,"max_hp_gain":0,"max_hp_loss":0,"event_name":"Drug Dealer","floor":24,"gold_loss":0,"cards_obtained":["A Thousand Cuts","Heel Hook"]},{"damage_healed":0,"gold_gain":0,"player_choice":"Paid Gold","damage_taken":0,"relics_obtained":["Mummified Hand"],"max_hp_gain":0,"max_hp_loss":0,"event_name":"WeMeetAgain","floor":31,"gold_loss":61},{"damage_healed":0,"gold_gain":0,"player_choice":"Ignored","damage_taken":0,"max_hp_gain":0,"max_hp_loss":0,"event_name":"Tomb of Lord Red Mask","floor":37,"gold_loss":0},{"cards_removed":["Defend_G"],"damage_healed":0,"gold_gain":0,"player_choice":"Removed Skill","damage_taken":0,"max_hp_gain":0,"max_hp_loss":0,"event_name":"Falling","floor":38,"gold_loss":0},{"damage_healed":0,"gold_gain":0,"player_choice":"Memory 1","damage_taken":0,"max_hp_gain":0,"max_hp_loss":0,"event_name":"SensoryStone","floor":47,"gold_loss":0}],"is_beta":false,"boss_relics":[{"not_picked":["Ectoplasm","SlaversCollar"],"picked":"Philosopher\u0027s Stone"},{"not_picked":["Runic Dome","Calling Bell"],"picked":"Astrolabe"}],"items_purged_floors":[42],"is_endless":false,"potions_floor_spawned":[1,10,23,25,28,39,46,48],"killed_by":"Awakened One","ascension_level":1}}