{"host":"bq4pt811tk9yrmjl","time":1608230279,"event":{"mods":["AchievementEnabler","BaseMod","Colored Map","Colored Powertips","Defuse TimeMaze Blight","Minty Spire (QoL Compilation)","StSLib","SuperFastMode","UnlockEverythingMod"],"gold_per_floor":[109,32,50,50,50,79,79,109,109,109,184,38,38,67,67,170,170,186,197,208,208,133,133,133,133,133,160,176,193,222,222,222,321,321,336,336,336,82,82,82,97,97,97,22,51,51,84,98,98,98,98,98,48,76,76,76],"floor_reached":55,"playtime":1184,"items_purged":["Decay"],"score":839,"play_id":"0f93d64c-6eec-4b65-8b91-36756b6ffbca","local_time":"20201217163758","is_ascension_mode":true,"campfire_choices":[{"data":"Zap","floor":7,"key":"SMITH"},{"data":"Defragment","floor":10,"key":"SMITH"},{"data":"Loop","floor":13,"key":"SMITH"},{"data":"Streamline","floor":15,"key":"SMITH"},{"data":"Electrodynamics","floor":23,"key":"SMITH"},{"floor":25,"key":"REST"},{"floor":32,"key":"REST"},{"floor":40,"key":"REST"},{"floor":42,"key":"RECALL"},{"data":"Buffer","floor":46,"key":"SMITH"},{"floor":49,"key":"REST"},{"data":"Go for the Eyes","floor":52,"key":"SMITH"}],"circlet_count":0,"master_deck":["Strike_B+1","Strike_B+1","Defend_B","Defend_B","Defend_B","Defend_B","Zap+1","Dualcast","Leap","Loop+1","Streamline+1","Defragment+1","Hologram+1","Electrodynamics+1","Conserve Battery+1","Redo+1","Reinforced Body+1","Doubt","Go for the Eyes+1","Auto Shields+1","Buffer+1","Beam Cell+1","Madness+1","Madness+1","Apotheosis+1","Bandage Up+1","Panacea+1","White Noise+1","Conserve Battery+1"],"relics":["Cracked Core","NeowsBlessing","Pear","TungstenRod","Lee\u0027s Waffle","Toxic Egg 2","Cursed Key","Enchiridion","Art of War","Whetstone","Oddly Smooth Stone","Inserter","Bottled Tornado","Anchor","Pantograph","Bronze Scales"],"acts_visited":["Exordium","TheCity","TheBeyond","TheEnding"],"potions_floor_usage":[20,45,50,50,55,55],"damage_taken":[{"damage":0,"enemies":"Cultist","floor":1,"turns":1},{"damage":0,"enemies":"Small Slimes","floor":3,"turns":2},{"damage":0,"enemies":"3 Sentries","floor":6,"turns":2},{"damage":34,"enemies":"Gremlin Nob","floor":8,"turns":5},{"damage":24,"enemies":"Lagavulin","floor":14,"turns":6},{"damage":34,"enemies":"Slime Boss","floor":16,"turns":5},{"damage":7,"enemies":"3 Byrds","floor":18,"turns":4},{"damage":4,"enemies":"Spheric Guardian","floor":19,"turns":4},{"damage":5,"enemies":"Snake Plant","floor":20,"turns":4},{"damage":11,"enemies":"Gremlin Leader","floor":27,"turns":6},{"damage":0,"enemies":"Chosen and Byrds","floor":28,"turns":3},{"damage":21,"enemies":"Shelled Parasite and Fungi","floor":29,"turns":4},{"damage":25,"enemies":"Slavers","floor":30,"turns":3},{"damage":24,"enemies":"Automaton","floor":33,"turns":8},{"damage":16,"enemies":"3 Darklings","floor":35,"turns":5},{"damage":8,"enemies":"3 Shapes","floor":41,"turns":4},{"damage":12,"enemies":"Reptomancer","floor":45,"turns":5},{"damage":0,"enemies":"Nemesis","floor":47,"turns":10},{"damage":33,"enemies":"Writhing Mass","floor":48,"turns":6},{"damage":39,"enemies":"Time Eater","floor":50,"turns":15},{"damage":71,"enemies":"Shield and Spear","floor":54,"turns":6},{"damage":57,"enemies":"The Heart","floor":55,"turns":3}],"seed_played":"3347864554691077651","potions_obtained":[{"floor":1,"key":"CultistPotion"},{"floor":8,"key":"FearPotion"},{"floor":14,"key":"Weak Potion"},{"floor":29,"key":"Ancient Potion"},{"floor":35,"key":"Regen Potion"},{"floor":45,"key":"BlessingOfTheForge"}],"is_trial":false,"path_per_floor":["M","$","M","$","$","E","R","E","T","R","?","$","R","E","R","B",null,"M","M","M","?","?","R","?","R","T","E","M","M","E","?","R","B",null,"M","?","?","$","?","R","M","R","T","$","E","R","E","M","R","B",null,"R","$","E","B"],"character_chosen":"DEFECT","items_purchased":["Loop","Lee\u0027s Waffle","Apotheosis+1","Bandage Up+1","FocusPotion"],"campfire_rested":4,"item_purchase_floors":[2,12,38,38,53],"current_hp_per_floor":[75,75,75,75,75,85,85,51,51,51,41,92,92,68,68,34,92,85,81,76,59,59,59,47,76,76,65,65,44,19,19,48,24,97,81,70,70,70,70,97,89,89,89,89,92,92,92,65,94,64,97,97,97,32,0,0],"gold":76,"neow_bonus":"THREE_ENEMY_KILL","is_daily":false,"chose_seed":false,"campfire_upgraded":7,"win_rate":0.0,"timestamp":1608230278,"path_taken":["M","$","M","?","$","E","R","E","T","R","?","$","R","E","R","BOSS","M","M","M","?","?","R","?","R","T","E","?","M","E","?","R","BOSS","M","?","?","$","?","R","?","R","T","$","E","R","E","M","R","BOSS","R","$","E","BOSS"],"items_purchased_type":["Card","Relic","Card","Card","Potion"],"build_version":"2020-12-13","purchased_purges":1,"victory":false,"max_hp_per_floor":[75,75,75,75,75,85,85,85,85,85,85,92,92,92,92,92,92,92,92,92,97,97,97,97,97,97,97,97,97,97,97,97,97,97,97,97,97,97,97,97,97,97,97,97,97,97,97,97,97,97,97,97,97,97,97,97],"card_choices":[{"not_picked":["Sweeping Beam","Beam Cell"],"picked":"Leap","floor":1},{"not_picked":["Chaos","Cold Snap"],"picked":"Streamline","floor":3},{"not_picked":["Echo Form","Consume"],"picked":"Defragment","floor":6},{"not_picked":["Gash","Cold Snap","Stack"],"picked":"SKIP","floor":8},{"not_picked":["Multi-Cast+1","Scrape"],"picked":"Hologram+1","floor":14},{"not_picked":["Meteor Strike","Reboot+1"],"picked":"Electrodynamics","floor":16},{"not_picked":["Darkness+1","Skim+1"],"picked":"Conserve Battery+1","floor":18},{"not_picked":["Compile Driver","Rebound"],"picked":"Redo+1","floor":19},{"not_picked":["Static Discharge","Heatsinks"],"picked":"Reinforced Body+1","floor":20},{"not_picked":["Gash","Coolheaded+1","Sweeping Beam"],"picked":"SKIP","floor":27},{"not_picked":["FTL","Compile Driver"],"picked":"Go for the Eyes","floor":28},{"not_picked":["Beam Cell","Genetic Algorithm+1"],"picked":"Auto Shields+1","floor":29},{"not_picked":["Coolheaded+1","Gash+1","Rip and Tear"],"picked":"SKIP","floor":30},{"not_picked":["Biased Cognition","Rainbow+1"],"picked":"Buffer","floor":33},{"not_picked":["Turbo+1","Fusion+1"],"picked":"Beam Cell+1","floor":35},{"not_picked":["Trip+1","Finesse+1"],"picked":"Panacea+1","floor":39},{"not_picked":["Undo+1","Leap+1","Loop"],"picked":"SKIP","floor":41},{"not_picked":["Rebound+1","Amplify+1","Coolheaded+1"],"picked":"SKIP","floor":45},{"not_picked":["Aggregate+1","Go for the Eyes+1"],"picked":"White Noise+1","floor":47},{"not_picked":["Redo+1","Turbo+1"],"picked":"Conserve Battery+1","floor":48},{"not_picked":["Redo+1","Loop","Cold Snap+1"],"picked":"SKIP","floor":54}],"player_experience":61581,"relics_obtained":[{"floor":6,"key":"Pear"},{"floor":8,"key":"TungstenRod"},{"floor":14,"key":"Toxic Egg 2"},{"floor":24,"key":"Enchiridion"},{"floor":26,"key":"Art of War"},{"floor":27,"key":"Whetstone"},{"floor":30,"key":"Oddly Smooth Stone"},{"floor":43,"key":"Bottled Tornado"},{"floor":45,"key":"Anchor"},{"floor":47,"key":"Pantograph"},{"floor":54,"key":"Bronze Scales"}],"event_choices":[{"damage_healed":0,"gold_gain":75,"player_choice":"Gather Gold","damage_taken":11,"max_hp_gain":0,"max_hp_loss":0,"event_name":"World of Goop","floor":11,"gold_loss":0},{"damage_healed":0,"gold_gain":0,"player_choice":"Shed Blood","damage_taken":23,"max_hp_gain":5,"max_hp_loss":0,"event_name":"Forgotten Altar","floor":21,"gold_loss":0},{"cards_removed":["Strike_B"],"damage_healed":0,"gold_gain":0,"player_choice":"Gave Gold","damage_taken":0,"max_hp_gain":0,"max_hp_loss":0,"event_name":"Beggar","floor":22,"gold_loss":75},{"damage_healed":0,"gold_gain":0,"player_choice":"Obtained Book","damage_taken":16,"max_hp_gain":0,"max_hp_loss":0,"event_name":"Cursed Tome","floor":24,"gold_loss":0},{"damage_healed":0,"gold_gain":0,"player_choice":"Ignored","damage_taken":0,"max_hp_gain":0,"max_hp_loss":0,"event_name":"Ghosts","floor":31,"gold_loss":0},{"damage_healed":0,"gold_gain":0,"player_choice":"Embrace Madness","damage_taken":12,"max_hp_gain":0,"max_hp_loss":0,"event_name":"Winding Halls","floor":36,"gold_loss":0,"cards_obtained":["Madness","Madness"]},{"cards_removed":["Strike_B"],"damage_healed":0,"gold_gain":0,"player_choice":"Removed Attack","damage_taken":0,"max_hp_gain":0,"max_hp_loss":0,"event_name":"Falling","floor":37,"gold_loss":0},{"damage_healed":0,"gold_gain":0,"player_choice":"Memory 1","damage_taken":0,"max_hp_gain":0,"max_hp_loss":0,"event_name":"SensoryStone","floor":39,"gold_loss":0}],"is_beta":false,"boss_relics":[{"not_picked":["FrozenCore","Runic Dome"],"picked":"Cursed Key"},{"not_picked":["Tiny House","Black Star"],"picked":"Inserter"}],"items_purged_floors":[44],"is_endless":false,"potions_floor_spawned":[1,8,14,18,19,29,33,35,45],"killed_by":"The Heart","ascension_level":1}}