{"host":"md0dejzd6k70gl1f","time":1608208144,"event":{"mods":["BaseMod","Minty Spire (QoL Compilation)","Quick Restart"],"gold_per_floor":[113,129,129,90,90,122,141,170,245,274,284,298,309,326,326,326,326],"floor_reached":16,"playtime":644,"items_purged":[],"score":298,"play_id":"d2740ca1-500b-4221-be72-c32e80dc4ce4","local_time":"20201217132904","is_ascension_mode":true,"campfire_choices":[{"floor":15,"key":"REST"}],"circlet_count":0,"master_deck":["AscendersBane","Strike_G","Strike_G","Strike_G","Strike_G","Defend_G","Defend_G","Defend_G","Defend_G","Defend_G","Survivor","Neutralize","Dagger Spray","Dodge and Roll+1","Caltrops","Leg Sweep","Blade Dance+1","Flying Knee","Infinite Blades","Acrobatics","Underhanded Strike","Burst"],"relics":["Ring of the Snake","NeowsBlessing","Gambling Chip","War Paint","Matryoshka","Ice Cream"],"acts_visited":["Exordium"],"potions_floor_usage":[16],"damage_taken":[{"damage":0.0,"enemies":"2 Louse","floor":1.0,"turns":1.0},{"damage":0.0,"enemies":"Cultist","floor":2.0,"turns":1.0},{"damage":0.0,"enemies":"Lagavulin","floor":6.0,"turns":1.0},{"damage":1.0,"enemies":"Jaw Worm","floor":7.0,"turns":5.0},{"damage":37.0,"enemies":"Gremlin Nob","floor":8.0,"turns":5.0},{"damage":15.0,"enemies":"3 Sentries","floor":10.0,"turns":7.0},{"damage":15.0,"enemies":"Exordium Thugs","floor":11.0,"turns":7.0},{"damage":0.0,"enemies":"Exordium Wildlife","floor":12.0,"turns":3.0},{"damage":0,"enemies":"Large Slime","floor":13,"turns":4},{"damage":0,"enemies":"Looter","floor":14,"turns":4},{"damage":45,"enemies":"Hexaghost","floor":16,"turns":12}],"seed_played":"-5488171321821415187","potions_obtained":[{"floor":7.0,"key":"Block Potion"},{"floor":8.0,"key":"Fruit Juice"},{"floor":10.0,"key":"FairyPotion"},{"floor":11.0,"key":"ColorlessPotion"},{"floor":13,"key":"EssenceOfSteel"}],"is_trial":false,"path_per_floor":["M","M","?","$","?","E","M","E","T","E","M","M","M","M","R","B"],"character_chosen":"THE_SILENT","items_purchased":["Caltrops"],"campfire_rested":1,"item_purchase_floors":[4],"current_hp_per_floor":[59,59,59,59,64,64,63,26,26,11,1,1,1,1,23,0,0],"gold":326,"neow_bonus":"THREE_ENEMY_KILL","is_daily":false,"chose_seed":false,"campfire_upgraded":0,"win_rate":0.0,"timestamp":1608208144,"path_taken":["M","M","?","?","?","E","M","E","T","E","M","?","M","M","R","BOSS"],"items_purchased_type":["Card"],"build_version":"2020-12-13","purchased_purges":0,"victory":false,"max_hp_per_floor":[66,66,66,66,71,71,71,71,71,71,76,76,76,76,76,76,76],"card_choices":[{"not_picked":["Underhanded Strike","Outmaneuver"],"picked":"Dagger Spray","floor":1.0},{"not_picked":["Slice","Outmaneuver"],"picked":"Dodge and Roll","floor":2.0},{"not_picked":["Reflex","PiercingWail"],"picked":"Leg Sweep","floor":6.0},{"not_picked":["Flying Knee","Prepared"],"picked":"Blade Dance","floor":7.0},{"not_picked":["Reflex","Poisoned Stab"],"picked":"Flying Knee","floor":8.0},{"not_picked":["Finisher","Calculated Gamble"],"picked":"Infinite Blades","floor":10.0},{"not_picked":["Backflip","Underhanded Strike"],"picked":"Acrobatics","floor":11.0},{"not_picked":["Catalyst","Leg Sweep"],"picked":"Underhanded Strike","floor":12},{"not_picked":["Poisoned Stab","Outmaneuver"],"picked":"Burst","floor":13},{"not_picked":["Dagger Spray","Bane","Backflip"],"picked":"SKIP","floor":14}],"player_experience":430649,"relics_obtained":[{"floor":6.0,"key":"Gambling Chip"},{"floor":8.0,"key":"War Paint"},{"floor":9.0,"key":"Matryoshka"},{"floor":10.0,"key":"Ice Cream"}],"event_choices":[{"cards_removed":["Strike_G"],"damage_healed":0.0,"max_hp_gain":0.0,"max_hp_loss":0.0,"gold_gain":0.0,"event_name":"Purifier","player_choice":"Purged","floor":3.0,"gold_loss":0.0,"damage_taken":0.0},{"damage_healed":0.0,"max_hp_gain":5.0,"max_hp_loss":0.0,"gold_gain":0.0,"event_name":"Big Fish","player_choice":"Donut","floor":5.0,"gold_loss":0.0,"damage_taken":0.0}],"is_beta":false,"boss_relics":[],"items_purged_floors":[],"is_endless":false,"potions_floor_spawned":[7,8,10,11,13],"killed_by":"Hexaghost","ascension_level":20}}