{"host":"csp9nt53rootlkah","time":1608218618,"event":{"mods":["Act Like it!","BaseMod","Colored Powertips","Friendly Minions","Gensokyo","Highlight Path","Minty Spire (QoL Compilation)","Prisma Mod","Quick Restart","Replay The Spire","StSLib","TestMod","The Factory","The Jungle"],"gold_per_floor":[114,129,54,54,454,454,482,482,482,508,523,2302,230,241,241,314,314,331,331,344,28,98,128,141,141,141,158,189,189,206,89,89,165,165,175,175,188,188,198,225,238,268,293,318,20,53,64,79,79,79,79,79,79,64,99,99],"floor_reached":57,"playtime":3724,"items_purged":["Strike_G","Strike_G","Defend_G","Defend_G","Survivor+1"],"score":3795,"play_id":"5d422e08-1f88-4f74-90c6-83b36e59b2bb","local_time":"20201217232338","is_ascension_mode":true,"campfire_choices":[{"data":"HalloweenModCandy","floor":6.0,"key":"SMITH"},{"data":"HalloweenModTrick","floor":8.0,"key":"SMITH"},{"data":"HalloweenModTrick","floor":15.0,"key":"SMITH"},{"data":"Wraith Form v2","floor":25.0,"key":"SMITH"},{"floor":29.0,"key":"RECALL"},{"data":"HalloweenModGhostCostume","floor":32.0,"key":"SMITH"},{"data":"HalloweenModGhostCostume","floor":49,"key":"SMITH"},{"data":"HalloweenModGhostCostume","floor":53,"key":"SMITH"}],"circlet_count":0,"master_deck":["AscendersBane","HalloweenModCandy+1","HalloweenModGhostCostume+1","HalloweenModTrick+1","HalloweenModGhostCostume+1","HalloweenModGhostCostume+1","HalloweenModTrick+1","HalloweenModGhostCostume","HalloweenModCandy+1","Writhe","Decay","HalloweenModGhostCostume","Wraith Form v2+1","Hallucinations","Pot Of Greed+1","Pot Of Greed+1","Distraction+1","Prepared+1"],"relics":["Ring of the Snake","HalloweenModHalloween","Blue Candle","NeowsBlessing","Quantum Egg","Toxic Egg 2","Centennial Puzzle","Replay:Wax Seal","ClockworkSouvenir","Onion Ring","Replay:Grab Bag","Philosopher\u0027s Stone","Sozu","testmod-NegativeEmotionEnhancer","Kintsugi","Membership Card","Smiling Mask","Replay:Rubber Ducky","Basket Of Snakes","ReplayTheSpireMod:CursedCoin","Grinning Jar","Ninja Scroll","Replay:Bronze Core","Letter Opener","War Paint","Tingsha","Toolbox","testmod-BlackFramedGlasses","Bag of Preparation","BranchBurnRelic","White Beast Statue"],"acts_visited":["Gensokyo:Gensokyo","TheCity","TheBeyond","TheEnding"],"potions_floor_usage":[56,56],"damage_taken":[{"damage":0.0,"enemies":"Gensokyo:2_Kodama","floor":1.0,"turns":1.0},{"damage":0.0,"enemies":"Gensokyo:3_Fairies","floor":2.0,"turns":1.0},{"damage":1.0,"enemies":"Gensokyo:Mamizou","floor":7.0,"turns":2.0},{"damage":1.0,"enemies":"Gensokyo:Aya","floor":10.0,"turns":4.0},{"damage":1.0,"enemies":"Gensokyo:Python","floor":11.0,"turns":1.0},{"damage":22.0,"enemies":"Gensokyo:Cirno","floor":13.0,"turns":4.0},{"damage":1.0,"enemies":"Gensokyo:Gryphon_and_Rabbit","floor":14.0,"turns":2.0},{"damage":7.0,"enemies":"Gensokyo:Reimu","floor":16.0,"turns":5.0},{"damage":3.0,"enemies":"2 Thieves","floor":18.0,"turns":1.0},{"damage":3.0,"enemies":"Chosen","floor":20.0,"turns":1.0},{"damage":3.0,"enemies":"Slavers","floor":23.0,"turns":1.0},{"damage":45.0,"enemies":"Centurion and Healer","floor":24.0,"turns":1.0},{"damage":3.0,"enemies":"Chosen and Byrds","floor":27.0,"turns":1.0},{"damage":3.0,"enemies":"Gremlin Leader","floor":28.0,"turns":3.0},{"damage":3.0,"enemies":"Shelled Parasite and Fungi","floor":30.0,"turns":2.0},{"damage":4.0,"enemies":"Pondfish","floor":33.0,"turns":3.0},{"damage":4.0,"enemies":"Orb Walker","floor":35.0,"turns":1.0},{"damage":4.0,"enemies":"3 Darklings","floor":37.0,"turns":1.0},{"damage":4,"enemies":"Sphere and 2 Shapes","floor":39,"turns":3},{"damage":4,"enemies":"Nemesis","floor":40,"turns":1},{"damage":4,"enemies":"4 Shapes","floor":41,"turns":1},{"damage":4,"enemies":"R_Hoarder","floor":42,"turns":3},{"damage":4,"enemies":"Mind Bloom Boss Battle","floor":44,"turns":1},{"damage":4,"enemies":"Giant Head","floor":46,"turns":1},{"damage":4,"enemies":"Writhing Mass","floor":47,"turns":2},{"damage":1,"enemies":"Jaw Worm Horde","floor":48,"turns":1},{"damage":4,"enemies":"Time Eater","floor":50,"turns":4},{"damage":4,"enemies":"Replay:Hell Engine","floor":51,"turns":2},{"damage":4,"enemies":"Shield and Spear","floor":55,"turns":2},{"damage":94,"enemies":"The Heart","floor":56,"turns":7}],"seed_played":"-3557020983824549865","potions_obtained":[{"floor":2.0,"key":"Block Potion"},{"floor":7.0,"key":"Milkshake"},{"floor":13.0,"key":"PowerPotion"}],"is_trial":false,"path_per_floor":["M","M","$","?","?","R","E","R","T","E","M","$","E","M","R","B",null,"M","?","M","$","T","E","M","R","T","M","E","R","M","$","R","B",null,"M","?","M","?","M","E","M","E","T","?","$","E","M","M","R","B","B",null,"R","$","E","B",null],"character_chosen":"THE_SILENT","items_purchased":["Replay:Wax Seal","ClockworkSouvenir","Membership Card","Wraith Form v2","ReplayTheSpireMod:CursedCoin","Grinning Jar","Ninja Scroll","Toolbox","testmod-BlackFramedGlasses","Prepared+1"],"campfire_rested":0,"item_purchase_floors":[12,12,21,21,31,31,31,45,45,54],"current_hp_per_floor":[59,59,59,59,59,59,62,62,62,65,66,66,54,57,57,58,64,67,67,68,68,68,69,37,37,37,61,72,72,73,73,73,74,74,75,75,76,76,77,78,79,80,80,80,80,82,83,84,84,85,86,86,86,86,87,18],"gold":99,"neow_bonus":"THREE_ENEMY_KILL","is_daily":false,"chose_seed":false,"campfire_upgraded":7,"win_rate":0.0,"timestamp":1608218618,"path_taken":["M","M","$","?","?","R","E","R","T","E","M","$","E","M","R","BOSS","M","?","M","$","?","E","M","R","T","M","E","R","M","$","R","BOSS","M","?","M","?","?","E","M","E","T","?","$","E","M","M","R","BOSS","BOSS","R","$","E","BOSS"],"items_purchased_type":["Relic","Relic","Relic","Card","Relic","Relic","Relic","Relic","Relic","Card"],"build_version":"2020-12-13","purchased_purges":5,"victory":true,"max_hp_per_floor":[66,66,66,66,66,66,66,66,66,66,66,66,66,66,66,66,66,67,67,68,68,68,69,70,70,70,71,72,72,73,73,73,74,74,75,75,76,76,77,78,79,80,80,81,81,82,83,84,84,85,86,86,86,86,87,88],"card_choices":[{"not_picked":["HalloweenModGhostCostume","HalloweenModTrick"],"picked":"HalloweenModCandy","floor":1.0},{"not_picked":["HalloweenModCandy","HalloweenModTrick"],"picked":"HalloweenModGhostCostume","floor":2.0},{"not_picked":["HalloweenModGhostCostume","HalloweenModCandy"],"picked":"HalloweenModTrick","floor":7.0},{"not_picked":["HalloweenModCandy+1","HalloweenModTrick"],"picked":"HalloweenModGhostCostume","floor":10.0},{"not_picked":["HalloweenModCandy+1","HalloweenModTrick"],"picked":"HalloweenModGhostCostume","floor":11.0},{"not_picked":["HalloweenModCandy+1","HalloweenModGhostCostume"],"picked":"HalloweenModTrick","floor":13.0},{"not_picked":["HalloweenModCandy+1","HalloweenModTrick"],"picked":"HalloweenModGhostCostume","floor":14.0},{"not_picked":["HalloweenModTrick","HalloweenModGhostCostume"],"picked":"HalloweenModCandy+1","floor":16.0},{"not_picked":["HalloweenModCandy+1","HalloweenModTrick"],"picked":"HalloweenModGhostCostume","floor":18.0},{"not_picked":["HalloweenModGhostCostume+1","HalloweenModTrick+1","HalloweenModCandy+1"],"picked":"SKIP","floor":20.0},{"not_picked":["HalloweenModTrick+1","HalloweenModCandy+1","HalloweenModGhostCostume"],"picked":"SKIP","floor":23.0},{"not_picked":["HalloweenModTrick","HalloweenModGhostCostume","HalloweenModCandy+1"],"picked":"SKIP","floor":24.0},{"not_picked":["HalloweenModCandy+1","HalloweenModTrick","HalloweenModGhostCostume"],"picked":"SKIP","floor":27.0},{"not_picked":["HalloweenModGhostCostume","HalloweenModCandy+1","HalloweenModTrick"],"picked":"SKIP","floor":28.0},{"not_picked":["HalloweenModGhostCostume","HalloweenModTrick","HalloweenModCandy+1"],"picked":"SKIP","floor":30.0},{"not_picked":["HalloweenModGhostCostume+1","HalloweenModTrick","HalloweenModCandy+1"],"picked":"SKIP","floor":35.0},{"not_picked":["HalloweenModCandy+1","HalloweenModGhostCostume","HalloweenModTrick"],"picked":"SKIP","floor":37.0},{"not_picked":["HalloweenModTrick","HalloweenModCandy+1","HalloweenModGhostCostume+1"],"picked":"SKIP","floor":39},{"not_picked":["HalloweenModTrick+1","HalloweenModCandy+1","HalloweenModGhostCostume+1"],"picked":"SKIP","floor":40},{"not_picked":["HalloweenModCandy+1","HalloweenModGhostCostume","HalloweenModTrick"],"picked":"SKIP","floor":41},{"not_picked":["HalloweenModCandy+1","HalloweenModTrick","HalloweenModGhostCostume"],"picked":"SKIP","floor":42},{"not_picked":["HalloweenModCandy+1","HalloweenModTrick+1","HalloweenModGhostCostume"],"picked":"SKIP","floor":46},{"not_picked":["HalloweenModGhostCostume+1","HalloweenModCandy+1","HalloweenModTrick"],"picked":"SKIP","floor":47},{"not_picked":["HalloweenModGhostCostume+1","HalloweenModTrick","HalloweenModCandy+1"],"picked":"SKIP","floor":48},{"not_picked":["HalloweenModCandy+1","HalloweenModGhostCostume","HalloweenModTrick+1"],"picked":"SKIP","floor":55}],"player_experience":112897,"relics_obtained":[{"floor":7.0,"key":"Quantum Egg"},{"floor":9.0,"key":"Toxic Egg 2"},{"floor":10.0,"key":"Centennial Puzzle"},{"floor":13.0,"key":"Onion Ring"},{"floor":23.0,"key":"Smiling Mask"},{"floor":26.0,"key":"Replay:Rubber Ducky"},{"floor":28.0,"key":"Basket Of Snakes"},{"floor":40,"key":"Letter Opener"},{"floor":42,"key":"Dead Branch"},{"floor":43,"key":"War Paint"},{"floor":44,"key":"Tingsha"},{"floor":46,"key":"Bag of Preparation"},{"floor":55,"key":"White Beast Statue"}],"event_choices":[{"damage_healed":0.0,"max_hp_gain":0.0,"max_hp_loss":0.0,"gold_gain":400.0,"event_name":"¶÷ÂåË¹µÄÅÌ×Ó","player_choice":"Sell","floor":5.0,"relics_lost":["testmod-TestBox"],"gold_loss":0.0,"damage_taken":0.0},{"damage_healed":0.0,"max_hp_gain":0.0,"max_hp_loss":0.0,"gold_gain":0.0,"cards_transformed":["Defend_G"],"event_name":"Transmorgrifier","player_choice":"Transformed","floor":19.0,"gold_loss":0.0,"damage_taken":0.0,"cards_obtained":["Fluid Movement"]},{"cards_removed":["Neutralize"],"damage_healed":0.0,"max_hp_gain":0.0,"max_hp_loss":0.0,"gold_gain":0.0,"event_name":"Falling","player_choice":"Removed Attack","floor":36.0,"gold_loss":0.0,"damage_taken":0.0},{"damage_healed":0,"gold_gain":0,"cards_transformed":["Fluid Movement"],"player_choice":"Transformed","damage_taken":0,"max_hp_gain":0,"max_hp_loss":0,"event_name":"Transmorgrifier","floor":38,"gold_loss":0,"cards_obtained":["Distraction"]},{"damage_healed":0,"gold_gain":0,"player_choice":"Fight","damage_taken":0,"max_hp_gain":0,"max_hp_loss":0,"event_name":"MindBloom","floor":44,"gold_loss":0}],"is_beta":false,"boss_relics":[{"not_picked":["Painkiller Herb","Pandora\u0027s Box"],"picked":"Replay:Grab Bag"},{"not_picked":["Runic Dome","Velvet Choker"],"picked":"Philosopher\u0027s Stone"},{"not_picked":["ChewingGum","Fusion Hammer"],"picked":"Sozu"},{"not_picked":["Honey Jar","Tiny House"],"picked":"testmod-NegativeEmotionEnhancer"},{"not_picked":["testmod-BloodSacrificeSpiritualization","testmod-SaigiyounoYou"],"picked":"Kintsugi"},{"not_picked":["Replay:Wanted Poster","HoveringKite"],"picked":"Replay:Bronze Core"}],"items_purged_floors":[3,12,21,31,45],"is_endless":false,"potions_floor_spawned":[2,7,11,13,14,23,24,27,39,41,42,46,55],"ascension_level":20}}