{"host":"p6y17sixyu8q9v1f","time":1608212885,"event":{"mods":["BaseMod","Colored Map","Minty Spire (QoL Compilation)"],"gold_per_floor":[111,111,127,127,202,202,233,233,233,261,276,296,315,332,332,428,428,446,109,121,21,36,36,117,117,117],"floor_reached":25,"playtime":1167,"items_purged":["Defend_P","Defend_P"],"score":286,"play_id":"5ef01803-ac12-41a5-813b-c18b24c11d0b","local_time":"20201217074805","is_ascension_mode":true,"campfire_choices":[{"data":"Eruption","floor":6,"key":"SMITH"},{"data":"Vigilance","floor":8,"key":"SMITH"},{"floor":15,"key":"REST"},{"floor":23,"key":"REST"}],"circlet_count":0,"master_deck":["Strike_P","Strike_P","Strike_P","Strike_P","Defend_P+1","Eruption+1","Vigilance+1","Prostrate","Pray+1","FollowUp","Pray","FollowUp","Devotion","WreathOfFlame","Prostrate+1","Regret"],"relics":["PureWater","NeowsBlessing","Nunchaku","War Paint","Question Card","Vajra","Cursed Key","Ornamental Fan"],"acts_visited":["Exordium","TheCity"],"potions_floor_usage":[13,18,22],"damage_taken":[{"damage":0,"enemies":"Jaw Worm","floor":1,"turns":1},{"damage":0,"enemies":"Small Slimes","floor":3,"turns":1},{"damage":0,"enemies":"Gremlin Nob","floor":7,"turns":1},{"damage":14,"enemies":"Lagavulin","floor":10,"turns":7},{"damage":0,"enemies":"Cultist","floor":11,"turns":2},{"damage":1,"enemies":"Gremlin Gang","floor":12,"turns":5},{"damage":2,"enemies":"Red Slaver","floor":13,"turns":3},{"damage":13,"enemies":"2 Fungi Beasts","floor":14,"turns":4},{"damage":20,"enemies":"Hexaghost","floor":16,"turns":7},{"damage":33,"enemies":"3 Byrds","floor":18,"turns":5},{"damage":15,"enemies":"Chosen","floor":20,"turns":4},{"damage":20,"enemies":"Centurion and Healer","floor":22,"turns":5},{"damage":75,"enemies":"Slavers","floor":25,"turns":2}],"seed_played":"-8486674889425589875","potions_obtained":[{"floor":1,"key":"Explosive Potion"},{"floor":10,"key":"Swift Potion"},{"floor":11,"key":"LiquidBronze"},{"floor":13,"key":"BlessingOfTheForge"},{"floor":14,"key":"FairyPotion"},{"floor":18,"key":"PowerPotion"}],"is_trial":false,"path_per_floor":["M","?","M","?","?","R","E","R","T","E","M","M","M","M","R","B",null,"M","$","M","$","M","R","T","E"],"character_chosen":"WATCHER","items_purchased":["Ornamental Fan"],"campfire_rested":2,"item_purchase_floors":[19],"current_hp_per_floor":[72,65,65,62,55,55,55,55,55,41,41,40,38,25,46,26,72,39,39,24,24,4,25,25,0,0],"gold":117,"neow_bonus":"THREE_ENEMY_KILL","is_daily":false,"chose_seed":false,"campfire_upgraded":2,"win_rate":0.0,"timestamp":1608212885,"path_taken":["M","?","M","?","?","R","E","R","T","E","M","?","M","M","R","BOSS","M","$","M","$","?","R","?","E"],"items_purchased_type":["Relic"],"build_version":"2020-12-13","purchased_purges":2,"victory":false,"max_hp_per_floor":[72,72,72,72,72,72,72,72,72,72,72,72,72,72,72,72,72,72,72,72,72,72,72,72,72,72],"card_choices":[{"not_picked":["Conclude","EmptyFist"],"picked":"Prostrate","floor":1},{"not_picked":["FlurryOfBlows","PathToVictory"],"picked":"Pray","floor":3},{"not_picked":["PathToVictory","Vengeance"],"picked":"FollowUp","floor":7},{"not_picked":["JustLucky","SashWhip","CrushJoints","CarveReality"],"picked":"SKIP","floor":10},{"not_picked":["BattleHymn","Protect","FlurryOfBlows"],"picked":"Pray","floor":11},{"not_picked":["EmptyBody","Halt","SashWhip","Tantrum"],"picked":"SKIP","floor":12},{"not_picked":["FlyingSleeves","ThirdEye","Halt"],"picked":"FollowUp","floor":13},{"not_picked":["FlyingSleeves","Halt","SashWhip","EmptyBody"],"picked":"SKIP","floor":14},{"not_picked":["Wish","ConjureBlade","Ragnarok"],"picked":"Devotion","floor":16},{"not_picked":["SashWhip","LikeWater","CutThroughFate+1"],"picked":"WreathOfFlame","floor":18},{"not_picked":["DeceiveReality","Indignation","FlurryOfBlows"],"picked":"Prostrate+1","floor":20},{"not_picked":["Protect+1","ClearTheMind","Halt+1","Fasting2"],"picked":"SKIP","floor":22}],"player_experience":769991,"relics_obtained":[{"floor":7,"key":"War Paint"},{"floor":9,"key":"Question Card"},{"floor":10,"key":"Vajra"}],"event_choices":[{"cards_removed":["Defend_P"],"damage_healed":0,"gold_gain":0,"player_choice":"Card Removal","damage_taken":7,"max_hp_gain":0,"max_hp_loss":0,"event_name":"Golden Wing","floor":2,"gold_loss":0},{"damage_healed":0,"gold_gain":0,"player_choice":"Success","damage_taken":3,"relics_obtained":["Nunchaku"],"max_hp_gain":0,"max_hp_loss":0,"event_name":"Scrap Ooze","floor":4,"gold_loss":0},{"damage_healed":0,"gold_gain":75,"player_choice":"Touch","damage_taken":7,"max_hp_gain":0,"max_hp_loss":0,"event_name":"FaceTrader","floor":5,"gold_loss":0}],"is_beta":false,"boss_relics":[{"not_picked":["Snecko Eye","Velvet Choker"],"picked":"Cursed Key"}],"items_purged_floors":[19,21],"is_endless":false,"potions_floor_spawned":[1,10,11,13,14,18],"killed_by":"Slavers","ascension_level":4}}