{"host":"tljppfwplya481bc","time":1608214102,"event":{"mods":["BaseMod","Colored Map","Minty Spire (QoL Compilation)","Permanent Neow","Quick Restart"],"gold_per_floor":[115,134,209,209,225,225,225,150,150,150,185,185,204,204,204],"floor_reached":14,"playtime":360,"items_purged":["Strike_R"],"score":97,"play_id":"98f2aa8a-e690-4c96-a938-29091b98d60b","local_time":"20201217230822","is_ascension_mode":true,"campfire_choices":[{"data":"Body Slam","floor":6,"key":"SMITH"},{"data":"Armaments","floor":10,"key":"SMITH"}],"circlet_count":0,"master_deck":["Strike_R","Strike_R","Strike_R","Defend_R","Defend_R","Defend_R","Defend_R","Bash","Cleave","Shrug It Off","Body Slam+1","Armaments+1","Shrug It Off","Body Slam"],"relics":["Burning Blood","Golden Idol","Art of War","Boot","Happy Flower"],"acts_visited":["Exordium"],"potions_floor_usage":[5],"damage_taken":[{"damage":14,"enemies":"Jaw Worm","floor":1,"turns":3},{"damage":7,"enemies":"Small Slimes","floor":2,"turns":3},{"damage":5,"enemies":"2 Louse","floor":5,"turns":4},{"damage":21,"enemies":"Lagavulin","floor":11,"turns":11},{"damage":15,"enemies":"Exordium Thugs","floor":13,"turns":4},{"damage":0,"enemies":"Gremlin Nob","floor":14,"turns":1}],"seed_played":"-6971390879029855246","potions_obtained":[{"floor":5,"key":"BloodPotion"},{"floor":11,"key":"Energy Potion"},{"floor":13,"key":"Dexterity Potion"}],"is_trial":false,"path_per_floor":["M","M","?","?","M","R","?","$","T","R","E","T","M","E"],"character_chosen":"IRONCLAD","items_purchased":[],"campfire_rested":0,"item_purchase_floors":[],"current_hp_per_floor":[72,71,60,40,57,57,50,50,50,50,35,35,26,26,26],"gold":204,"neow_bonus":"THREE_CARDS","is_daily":false,"chose_seed":false,"campfire_upgraded":2,"win_rate":0.0,"timestamp":1608214102,"path_taken":["M","M","?","?","M","R","?","?","T","R","E","?","?","E"],"items_purchased_type":[],"build_version":"2020-12-13","purchased_purges":1,"victory":false,"max_hp_per_floor":[80,80,80,80,80,80,80,80,80,80,80,80,80,80,80],"card_choices":[{"not_picked":["Intimidate","Pommel Strike"],"picked":"Cleave","floor":0},{"not_picked":["Uppercut","Wild Strike"],"picked":"Shrug It Off","floor":1},{"not_picked":["Rampage","Clash"],"picked":"Body Slam","floor":2},{"not_picked":["Thunderclap","Sever Soul"],"picked":"Armaments","floor":5},{"not_picked":["Wild Strike","Blood for Blood"],"picked":"Shrug It Off","floor":11},{"not_picked":["Pommel Strike","True Grit"],"picked":"Body Slam","floor":13}],"player_experience":195363,"relics_obtained":[{"floor":9,"key":"Art of War"},{"floor":11,"key":"Boot"},{"floor":12,"key":"Happy Flower"}],"event_choices":[{"damage_healed":0,"gold_gain":75,"player_choice":"Gather Gold","damage_taken":11,"max_hp_gain":0,"max_hp_loss":0,"event_name":"World of Goop","floor":3,"gold_loss":0},{"damage_healed":0,"gold_gain":0,"player_choice":"Take Damage","damage_taken":20,"relics_obtained":["Golden Idol"],"max_hp_gain":0,"max_hp_loss":0,"event_name":"Golden Idol","floor":4,"gold_loss":0},{"cards_removed":["Strike_R"],"damage_healed":0,"gold_gain":0,"player_choice":"Card Removal","damage_taken":7,"max_hp_gain":0,"max_hp_loss":0,"event_name":"Golden Wing","floor":7,"gold_loss":0}],"is_beta":false,"boss_relics":[],"items_purged_floors":[8],"is_endless":false,"potions_floor_spawned":[5,11,13],"killed_by":"Gremlin Nob","ascension_level":2}}