{"host":"wonp23fsqqcu31ie","time":1608193782,"event":{"mods":["2.2 Compatiblity","AchievementEnabler","Aspiration","BaseMod","Bestiary","Better Altar","Better Match","Better Sensory Stone","Better Skull","Better Third Choice","BetterRewards","Block Reminder","Colored Map","Colored Powertips","Conspire","DeckTracker","Displayed Cursed Tome","Downfall","Hermit","Highlight Path","Hubris","Minty Spire (QoL Compilation)","Permanent Neow","Quick Restart","Rare Cards Sparkle","Relic Stats","Replay The Spire","Shade Mod","Shop Mod","StSLib","SuperFastMode","The Animator","The Cursed","The Gatherer","The Necromancer","The Runesmith","The Servant 0.9.4"],"gold_per_floor":[117,133,133,133,103,103,123,155,179,57,30,63,150,177,189,296,308,339,361,373,405,437,449,449,449],"floor_reached":23,"playtime":1112,"items_purged":[],"score":342,"play_id":"9ceba3b5-5a8d-4204-af3d-0d153aa4617b","local_time":"20201217192942","is_ascension_mode":true,"metric_token":2385,"campfire_choices":[{"floor":6,"key":"REST"},{"floor":15,"key":"REST"}],"circlet_count":0,"master_deck":["Gatherer:Strike_Gatherer+1","Gatherer:Strike_Gatherer","Gatherer:Strike_Gatherer","Gatherer:Strike_Gatherer","Gatherer:Strike_Gatherer","Gatherer:Defend_Gatherer","Gatherer:Defend_Gatherer","Gatherer:Defend_Gatherer","Gatherer:Defend_Gatherer+1","Gatherer:Defend_Gatherer","Gatherer:Centralize","Gatherer:FlowerWhip","Gatherer:FlowerShield","Gatherer:FlowerBeam","Gatherer:PotentialSlash","Gatherer:FruitForce","ReplayTheSpireMod:Necrogeddon","Replay:SS_forest_2","expansioncontent:DefensiveStance","Gatherer:EchoOfNature+1","Gatherer:SmartManeuver","Gatherer:BomberForm","Gatherer:FinishingStrike","Gatherer:Snatch","Gatherer:QuickSynthesis"],"relics":["Gatherer:AlchemyBag","ReplayFunnel","MerchantsRug","hubris:Zylophone","TheAbacus","aspiration:BabyByrd","Thread and Needle","Gremlin Food","MawBank","aspiration:PoetsPen_weak","Enchiridion"],"acts_visited":["TheCity"],"potions_floor_usage":[8,16,22,22,23],"damage_taken":[{"damage":1,"enemies":"2 Louse","floor":1,"turns":3},{"damage":0,"enemies":"Cultist","floor":2,"turns":4},{"damage":11,"enemies":"Small Slimes","floor":7,"turns":4},{"damage":30,"enemies":"Lagavulin","floor":8,"turns":6},{"damage":0,"enemies":"3 Sentries","floor":12,"turns":9},{"damage":0,"enemies":"Blue Slaver","floor":14,"turns":6},{"damage":20,"enemies":"Fading Forest","floor":16,"turns":11},{"damage":0,"enemies":"Shell Parasite","floor":18,"turns":7},{"damage":0,"enemies":"3 Byrds","floor":19,"turns":4},{"damage":0,"enemies":"Centurion and Healer","floor":21,"turns":6},{"damage":21,"enemies":"conspire:HollyBat","floor":22,"turns":9},{"damage":50,"enemies":"Gremlin Leader","floor":23,"turns":4}],"seed_played":"8781147223836706015","potions_obtained":[{"floor":2,"key":"BloodPotion"},{"floor":5,"key":"Flashbang"},{"floor":5,"key":"LifebloodPotion"},{"floor":8,"key":"PowerPotion"},{"floor":16,"key":"SpeedPotion"},{"floor":18,"key":"SteroidPotion"}],"is_trial":false,"path_per_floor":["M","M","?","?","?","R","M","E","T","$","$","E","?","M","R","B",null,"M","M","?","M","M","E"],"character_chosen":"THE_GATHERER","items_purchased":["ReplayFunnel","MerchantsRug","TheAbacus","ReplayTheSpireMod:ShopPack","Gatherer:EchoOfNature+1"],"campfire_rested":2,"item_purchase_floors":[0,0,0,10,11],"current_hp_per_floor":[44,44,44,44,44,65,54,28,28,28,28,28,17,17,39,54,76,76,76,60,60,39,0,0,0],"gold":449,"neow_bonus":"","is_daily":false,"chose_seed":false,"campfire_upgraded":0,"win_rate":0.0,"timestamp":1608193782,"path_taken":["M","M","?","?","?","R","?","E","T","?","$","E","?","M","R","BOSS","M","M","?","M","M","E"],"items_purchased_type":["Relic","Relic","Relic","Relic","Card"],"build_version":"2020-12-13","purchased_purges":0,"victory":false,"max_hp_per_floor":[72,72,72,72,72,72,72,76,76,76,76,76,76,76,76,76,76,76,76,76,76,76,76,76,76],"relic_stats":{"TheAbacus":[96],"counters":[72,331],"MawBank":132,"obtain_stats":[{"Calipers":12,"Gremlin Horn":48,"aspiration:PoetsPen_weak":17,"Whetstone":24,"Old Coin":41,"aspiration:BabyByrd":5,"Strawberry":9,"Philosopher\u0027s Stone":17,"HandDrill":0,"hubris:TinFlute":45,"MerchantsRug":45,"conspire:TreasureMap":29,"hubris:DuctTape":36,"aspiration:Nostalgia":0,"ReplayTheSpireMod:CursedCoin":36,"ReplayTheSpireMod:Ring of Addiction":30,"conspire:Boomerang":0,"War Paint":10,"hubris:Zylophone":0,"SlaversCollar":17,"CultistMask":2,"MiniHakkero":0,"NlothsMask":15,"ReplayFunnel":0,"Regal Pillow":9,"hubris:Metronome":8,"Lantern":20,"SacredBark":30,"Enchiridion":20,"Painkiller Herb":34,"conspire:SpecialSausage":17,"Blue Doll":40,"hubris:SlimyHat":9,"conspire:InfiniteJournal":43,"Gatherer:FlyingFruit":0,"Replay:Bandana":13,"Shovel":44,"TheAbacus":0,"Replay:Bottled Eggs":31,"Gremlin Food":9,"Lee\u0027s Waffle":22,"Gatherer:MistGenerator":8,"Thread and Needle":8,"hubris:Towel":42,"MawBank":12,"White Beast Statue":30,"Strange Spoon":45,"Runesmith:UraniumAnvil":34,"Ring of Fury":12,"Bag of Marbles":22,"Snack Pack":29,"ReplayTheSpireMod:Lightbulb":43,"Gatherer:AlchemyBag":0,"hubris:Potato":39,"Toy Ornithopter":42,"ReplayTheSpireMod:ShopPack":10},{"Calipers":41,"Gremlin Horn":33,"aspiration:PoetsPen_weak":67,"Whetstone":46,"Old Coin":30,"aspiration:BabyByrd":37,"Strawberry":38,"Philosopher\u0027s Stone":20,"HandDrill":34,"hubris:TinFlute":30,"MerchantsRug":30,"conspire:TreasureMap":47,"hubris:DuctTape":51,"aspiration:Nostalgia":11,"ReplayTheSpireMod:CursedCoin":51,"ReplayTheSpireMod:Ring of Addiction":25,"conspire:Boomerang":34,"War Paint":16,"hubris:Zylophone":60,"SlaversCollar":9,"CultistMask":35,"MiniHakkero":11,"NlothsMask":19,"ReplayFunnel":60,"Regal Pillow":4,"hubris:Metronome":38,"Lantern":45,"SacredBark":25,"Enchiridion":69,"Painkiller Herb":26,"conspire:SpecialSausage":43,"Blue Doll":55,"hubris:SlimyHat":15,"conspire:InfiniteJournal":30,"Gatherer:FlyingFruit":34,"Replay:Bandana":7,"Shovel":56,"TheAbacus":60,"Replay:Bottled Eggs":49,"Gremlin Food":64,"Lee\u0027s Waffle":22,"Gatherer:MistGenerator":15,"Thread and Needle":64,"hubris:Towel":30,"MawBank":65,"White Beast Statue":25,"Strange Spoon":30,"Runesmith:UraniumAnvil":50,"Ring of Fury":6,"Bag of Marbles":22,"Snack Pack":47,"ReplayTheSpireMod:Lightbulb":55,"Gatherer:AlchemyBag":0,"hubris:Potato":54,"Toy Ornithopter":55,"ReplayTheSpireMod:ShopPack":64},{"Calipers":171,"Gremlin Horn":142,"aspiration:PoetsPen_weak":301,"Whetstone":198,"Old Coin":127,"aspiration:BabyByrd":156,"Strawberry":162,"Philosopher\u0027s Stone":82,"HandDrill":148,"hubris:TinFlute":127,"MerchantsRug":127,"conspire:TreasureMap":202,"hubris:DuctTape":222,"aspiration:Nostalgia":40,"ReplayTheSpireMod:CursedCoin":222,"ReplayTheSpireMod:Ring of Addiction":105,"conspire:Boomerang":148,"War Paint":58,"hubris:Zylophone":258,"SlaversCollar":35,"CultistMask":151,"MiniHakkero":40,"NlothsMask":70,"ReplayFunnel":258,"Regal Pillow":14,"hubris:Metronome":162,"Lantern":193,"SacredBark":105,"Enchiridion":312,"Painkiller Herb":111,"conspire:SpecialSausage":185,"Blue Doll":237,"hubris:SlimyHat":51,"conspire:InfiniteJournal":127,"Gatherer:FlyingFruit":148,"Replay:Bandana":24,"Shovel":240,"TheAbacus":258,"Replay:Bottled Eggs":210,"Gremlin Food":275,"Lee\u0027s Waffle":92,"Gatherer:MistGenerator":51,"Thread and Needle":275,"hubris:Towel":127,"MawBank":284,"White Beast Statue":105,"Strange Spoon":127,"Runesmith:UraniumAnvil":217,"Ring of Fury":21,"Bag of Marbles":92,"Snack Pack":202,"ReplayTheSpireMod:Lightbulb":237,"Gatherer:AlchemyBag":0,"hubris:Potato":231,"Toy Ornithopter":237,"ReplayTheSpireMod:ShopPack":275}]},"card_choices":[{"not_picked":["Gatherer:AromaProtection","Gatherer:QuickSynthesis"],"picked":"Gatherer:FlowerShield","floor":1},{"not_picked":["Gatherer:GatherMaterial","Gatherer:AcidicSpray"],"picked":"Gatherer:FlowerBeam","floor":2},{"not_picked":["Gatherer:GatherMaterial","Gatherer:Solidify"],"picked":"Gatherer:PotentialSlash","floor":7},{"not_picked":["Gatherer:FragileHammer","Gatherer:BomberForm"],"picked":"Gatherer:FruitForce","floor":8},{"not_picked":["Secret Technique","Apotheosis"],"picked":"ReplayTheSpireMod:Necrogeddon","floor":10},{"not_picked":["expansioncontent:GoopSpray","Poisoned Strike"],"picked":"Replay:SS_forest_2","floor":10},{"not_picked":["Replay:Sssssssssshield","Blind"],"picked":"expansioncontent:DefensiveStance","floor":10},{"not_picked":["Gatherer:VenomBarrier","Gatherer:Duality"],"picked":"Gatherer:SmartManeuver","floor":12},{"not_picked":["Gatherer:FragileHammer","Gatherer:WoolGloves"],"picked":"Gatherer:BomberForm","floor":14},{"not_picked":["Gatherer:HeartToFruit","Gatherer:CursedBlade"],"picked":"Gatherer:FinishingStrike","floor":16},{"not_picked":["Gatherer:Polymorphism","Gatherer:AcidicSpray","Gatherer:WoolGloves"],"picked":"SKIP","floor":18},{"not_picked":["Gatherer:AcidicSpray","Gatherer:Examine"],"picked":"Gatherer:Snatch","floor":19},{"not_picked":["Gatherer:UpgradeBag","Gatherer:Uplift"],"picked":"Gatherer:QuickSynthesis","floor":21},{"not_picked":["Gatherer:RecipeChange","Gatherer:TacticalStrike","Gatherer:ScentOfRosmari"],"picked":"SKIP","floor":22}],"player_experience":626344,"relics_obtained":[{"floor":8,"key":"Thread and Needle"},{"floor":9,"key":"Gremlin Food"},{"floor":12,"key":"MawBank"}],"event_choices":[{"damage_healed":0,"gold_gain":0,"player_choice":"Bought 2 Potions","damage_taken":0,"max_hp_gain":0,"max_hp_loss":0,"event_name":"The Woman in Blue","floor":5,"gold_loss":0},{"damage_healed":0,"gold_gain":75,"player_choice":"Gold","damage_taken":11,"max_hp_gain":0,"max_hp_loss":0,"event_name":"betterThird:BetterGoop","floor":13,"gold_loss":0},{"damage_healed":0,"gold_gain":0,"player_choice":"Obtained Book","damage_taken":16,"max_hp_gain":0,"max_hp_loss":0,"event_name":"Cursed Tome","floor":20,"gold_loss":0}],"is_beta":false,"boss_relics":[{"not_picked":["hubris:HollowSoul","conspire:RoyalGoblet"],"picked":"aspiration:PoetsPen_weak"}],"items_purged_floors":[],"is_endless":false,"potions_floor_spawned":[2,8,12,16,18],"killed_by":"Gremlin Leader","ascension_level":1}}