{"host":"uzcks4yhskks9i02","time":1608193175,"event":{"mods":["BaseMod","Minty Spire (QoL Compilation)","Quick Restart"],"gold_per_floor":[110,110,2,19,19,50,50,75,75,88,88,88,106,123,123,223,223,265,290,290],"floor_reached":19,"playtime":980,"items_purged":[],"score":274,"play_id":"fb26bbf4-aaf8-4b46-b843-9377a587c5aa","local_time":"20201217011935","is_ascension_mode":true,"campfire_choices":[{"data":"SashWhip","floor":7,"key":"SMITH"},{"floor":11,"key":"REST"},{"data":"Blasphemy","floor":15,"key":"SMITH"}],"circlet_count":0,"master_deck":["AscendersBane","Strike_P","Strike_P","Strike_P","Defend_P","Defend_P","Defend_P+1","Defend_P+1","Eruption","Vigilance","SashWhip+1","FearNoEvil","Vengeance","Consecrate","JustLucky","Blasphemy+1","Nirvana","Protect","LikeWater","Wish","FearNoEvil"],"relics":["HolyWater","GoldenEye","StoneCalendar","War Paint","Peace Pipe"],"acts_visited":["Exordium","TheCity"],"potions_floor_usage":[13,18,18],"damage_taken":[{"damage":2,"enemies":"Jaw Worm","floor":1,"turns":4},{"damage":0,"enemies":"Cultist","floor":4,"turns":2},{"damage":17,"enemies":"Lagavulin","floor":6,"turns":7},{"damage":35,"enemies":"3 Sentries","floor":8,"turns":7},{"damage":0,"enemies":"2 Louse","floor":10,"turns":1},{"damage":0,"enemies":"Red Slaver","floor":13,"turns":4},{"damage":7,"enemies":"3 Louse","floor":14,"turns":2},{"damage":20,"enemies":"Slime Boss","floor":16,"turns":8},{"damage":36,"enemies":"3 Byrds","floor":18,"turns":7},{"damage":27,"enemies":"Spheric Guardian","floor":19,"turns":5}],"seed_played":"5508081041351973999","potions_obtained":[{"floor":1,"key":"FearPotion"},{"floor":8,"key":"BottledMiracle"},{"floor":10,"key":"SneckoOil"},{"floor":16,"key":"Block Potion"}],"is_trial":false,"path_per_floor":["M","?","$","M","$","E","R","E","T","M","R","?","M","M","R","B",null,"M","M"],"character_chosen":"WATCHER","items_purchased":["FearNoEvil","Vengeance"],"campfire_rested":1,"item_purchase_floors":[3,3],"current_hp_per_floor":[70,70,70,70,70,53,53,18,18,18,41,41,41,34,34,14,63,27,0,0],"gold":290,"neow_bonus":"TEN_PERCENT_HP_BONUS","is_daily":false,"chose_seed":false,"campfire_upgraded":2,"win_rate":0.0,"timestamp":1608193175,"path_taken":["M","?","?","M","?","E","R","E","T","M","R","?","?","M","R","BOSS","M","M"],"items_purchased_type":["Card","Card"],"build_version":"2020-12-13","purchased_purges":0,"victory":false,"max_hp_per_floor":[79,79,79,79,79,79,79,79,79,79,79,79,79,79,79,79,79,79,79,79],"card_choices":[{"not_picked":["CrushJoints","PathToVictory"],"picked":"SashWhip","floor":1},{"not_picked":["Protect","PathToVictory"],"picked":"Consecrate","floor":4},{"not_picked":["Halt","CutThroughFate"],"picked":"JustLucky","floor":6},{"not_picked":["EmptyBody","Perseverance"],"picked":"Blasphemy","floor":8},{"not_picked":["EmptyBody","Prostrate"],"picked":"Nirvana","floor":10},{"not_picked":["FollowUp","Crescendo"],"picked":"Protect","floor":13},{"not_picked":["JustLucky","SignatureMove"],"picked":"LikeWater","floor":14},{"not_picked":["Blasphemy","Establishment"],"picked":"Wish","floor":16},{"not_picked":["Prostrate","SashWhip"],"picked":"FearNoEvil","floor":18}],"player_experience":441839,"relics_obtained":[{"floor":6,"key":"StoneCalendar"},{"floor":8,"key":"War Paint"},{"floor":9,"key":"Peace Pipe"}],"event_choices":[{"damage_healed":0,"gold_gain":0,"player_choice":"Gave Potion","damage_taken":0,"relics_obtained":["GoldenEye"],"max_hp_gain":0,"max_hp_loss":0,"event_name":"WeMeetAgain","floor":2,"gold_loss":0},{"cards_removed":["Strike_P"],"damage_healed":0,"gold_gain":0,"player_choice":"Card Removal","damage_taken":0,"max_hp_gain":0,"max_hp_loss":0,"event_name":"Wheel of Change","floor":12,"gold_loss":0}],"is_beta":false,"boss_relics":[{"not_picked":["Coffee Dripper","Busted Crown"],"picked":"HolyWater"}],"items_purged_floors":[],"is_endless":false,"potions_floor_spawned":[1,8,10,16],"killed_by":"Spheric Guardian","ascension_level":11}}