{"host":"g1wmg2w41xhsnw8g","time":1608234168,"event":{"mods":["2.2 Compatiblity","Act Like it!","BaseMod","Better Altar","Better Match","Better Note","Better Sensory Stone","Better Skull","Better Third Choice","BetterRewards","Booster Modes","CapriCore","Colored Map","Colored Powertips","Curses Come First","Defuse TimeMaze Blight","Displayed Cursed Tome","Friendly Minions","GifTheSpireLib","Googly Eyes","Hubris","Infinite Spire","Jedi Mod","Magitek Elite","Minty Spire (QoL Compilation)","Red Circlet Mod","Relic Sorter","SCP261 Mod","Shop Mod","Spicy Shops","StSLib","The Hayseed","The Poker Player","The Sage","Transform Curses","????"],"gold_per_floor":[116,116,116,116,128,162,182,207,254,266,266],"floor_reached":10,"playtime":499,"items_purged":[],"score":80,"play_id":"ed324dab-516d-4f2a-b23a-5e7aa25c5947","local_time":"20201217144248","daily_mods":["Specialized","Heirloom","Elite Swarm"],"is_ascension_mode":true,"campfire_choices":[],"circlet_count":0,"master_deck":["TheSimpletonMod:Strike_TheSimpleton","TheSimpletonMod:Strike_TheSimpleton","TheSimpletonMod:Strike_TheSimpleton","TheSimpletonMod:Strike_TheSimpleton","TheSimpletonMod:Defend_TheSimpleton","TheSimpletonMod:Defend_TheSimpleton","TheSimpletonMod:Defend_TheSimpleton","TheSimpletonMod:Defend_TheSimpleton","TheSimpletonMod:Haymaker","TheSimpletonMod:ReapAndSow","TheSimpletonMod:CloseScrape","Regret","TheSimpletonMod:SoilSample","TheSimpletonMod:VolatileFumes","TheSimpletonMod:ToughenUp","TheSimpletonMod:Fecundity"],"relics":["TheSimpletonMod:SpudOfTheInnocent","hubris:Icosahedron","TheSimpletonMod:NightSoil","TheSimpletonMod:TheHarvester","jedi:maincommand","hubris:64BitClover","Potion Belt","PokerPlayerMod:FairLicense","infinitespire:Lychee Nut","MawBank"],"acts_visited":["Exordium"],"potions_floor_usage":[8,10],"damage_taken":[{"damage":10,"enemies":"Small Slimes","floor":1,"turns":3},{"damage":0,"enemies":"2 Louse","floor":5,"turns":2},{"damage":30,"enemies":"3 Sentries","floor":6,"turns":7},{"damage":12,"enemies":"Jaw Worm","floor":7,"turns":3},{"damage":27,"enemies":"Gremlin Nob","floor":8,"turns":4},{"damage":13,"enemies":"Lagavulin","floor":10,"turns":1}],"seed_played":"-8434403121379474471","potions_obtained":[{"floor":6,"key":"SCP261:GirlTearsPotion"},{"floor":8,"key":"EssenceOfSteel"}],"is_trial":true,"path_per_floor":["M","?","?","?","M","E","M","E","T","E"],"character_chosen":"THE_SIMPLETON","items_purchased":[],"campfire_rested":0,"item_purchase_floors":[],"current_hp_per_floor":[65,65,65,65,65,39,31,8,8,0,0],"gold":266,"neow_bonus":"","is_daily":false,"chose_seed":false,"campfire_upgraded":0,"win_rate":0.0,"timestamp":1608234168,"path_taken":["M","?","?","?","M","E","M","E","T","E"],"items_purchased_type":[],"build_version":"2020-12-13","purchased_purges":0,"victory":false,"max_hp_per_floor":[75,75,75,75,75,75,75,56,56,56,56],"card_choices":[{"not_picked":["TheSimpletonMod:Mulch","TheSimpletonMod:Germinate"],"picked":"TheSimpletonMod:CloseScrape","floor":1},{"not_picked":["TheSimpletonMod:Innovate","TheSimpletonMod:CullingStrike"],"picked":"TheSimpletonMod:SoilSample","floor":5},{"not_picked":["TheSimpletonMod:ResearchGrant","TheSimpletonMod:DesperatePlunge"],"picked":"TheSimpletonMod:VolatileFumes","floor":6},{"not_picked":["TheSimpletonMod:Sunchoke","TheSimpletonMod:SeedCoat"],"picked":"TheSimpletonMod:ToughenUp","floor":7},{"not_picked":["TheSimpletonMod:ErosionControl","TheSimpletonMod:ResearchGrant"],"picked":"TheSimpletonMod:Fecundity","floor":8}],"player_experience":1205405,"relics_obtained":[{"floor":6,"key":"jedi:command_common"},{"floor":8,"key":"jedi:command_rare"},{"floor":9,"key":"jedi:command_common"}],"event_choices":[{"damage_healed":0,"gold_gain":0,"player_choice":"Box","damage_taken":0,"relics_obtained":["jedi:command_common"],"max_hp_gain":0,"max_hp_loss":0,"event_name":"Big Fish","floor":2,"gold_loss":0,"cards_obtained":["Regret"]}],"is_beta":false,"boss_relics":[],"items_purged_floors":[],"is_endless":false,"potions_floor_spawned":[6,8],"killed_by":"Lagavulin","ascension_level":1}}