{"host":"Teixeira","time":1608246080,"event":{"mods":["2.2 Compatiblity","BaseMod","Colored Map","Colored Powertips","Downfall","Hermit","Hubris","Minty Spire (QoL Compilation)","Permanent Neow","Rare Cards Sparkle","Relic Filter","Replay The Spire","Spicy Shops","StSLib","SuperFastMode"],"gold_per_floor":[349,362,377,406,417,445,469,469,469,502,574,633,86,86,99,201,201,201,229,229,229,256,76,76,76,76,76,102,102,102,37,50,70,84,189,189,189,189,218,218,207,233,233,252,282,282,36,53,53,53,67,67],"floor_reached":53,"playtime":4072,"items_purged":["Guardian:Strike_Guardian","Amnesia"],"score":1377,"play_id":"e1f48937-9421-4f28-9354-6f2fdc9ce200","local_time":"20201217200120","is_ascension_mode":true,"campfire_choices":[{"data":"Guardian:TwinSlam","floor":1,"key":"SMITH"},{"floor":9,"key":"REST"},{"data":"Guardian:EvasiveProtocol","floor":18,"key":"SMITH"},{"data":"Guardian:PiercingHide","floor":24,"key":"SMITH"},{"data":"Guardian:CurlUp","floor":29,"key":"SMITH"},{"data":"Guardian:BronzeArmor","floor":40,"key":"SMITH"},{"floor":46,"key":"RECALL"}],"circlet_count":0,"master_deck":["Guardian:Strike_Guardian","Guardian:Strike_Guardian","Guardian:Defend_Guardian","Guardian:Defend_Guardian","Guardian:Defend_Guardian","Guardian:Defend_Guardian","Guardian:CurlUp+1","Guardian:TwinSlam+1","Guardian:ChargeCore+1","Guardian:EvasiveProtocol+1","Guardian:BronzeArmor+1","Guardian:ChargeCore+1","Guardian:PiercingHide+1","Guardian:ChargeCore+1","Guardian:PiercingHide+1","Guardian:EvasiveProtocol+1","CurseOfTheBell","Guardian:ExploitGems+1","Guardian:FloatingOrbs+1","Guardian:Gem_White","Guardian:Gem_Fragmented","Guardian:CurlUp+1","Panache+1"],"relics":["Guardian:ModeShifter","PreservedInsect","Juzu Bracelet","Guardian:PickAxe","Nunchaku","Frozen Egg 2","Lantern","BargainBundle","Replay:Kaleidoscope","Meat on the Bone","DollysMirror","Blood Vial","Calling Bell","ReplayTheSpireMod:Lightbulb","Toxic Egg 2","Pocketwatch","InkBottle","Shuriken","Strange Spoon","Replay:Bottled Eggs","Boot","Ring of Peace","Ring of Searing","hubris:Backtick","hubris:Zylophone","Durian","Bottled Tornado","Blue Doll","hubris:BundleOfHerbs","Bottled Lightning"],"acts_visited":["Exordium","TheCity","TheBeyond"],"potions_floor_usage":[16,23,31,35,42,45],"damage_taken":[{"damage":5,"enemies":"Jaw Worm","floor":2,"turns":3},{"damage":1,"enemies":"Cultist","floor":3,"turns":3},{"damage":26,"enemies":"3 Sentries","floor":4,"turns":10},{"damage":0,"enemies":"Small Slimes","floor":5,"turns":3},{"damage":12,"enemies":"Lagavulin","floor":6,"turns":6},{"damage":7,"enemies":"Gremlin Nob","floor":10,"turns":3},{"damage":10,"enemies":"Lagavulin Event","floor":12,"turns":5},{"damage":5,"enemies":"downfall:FleeingMerchant","floor":13,"turns":4},{"damage":0,"enemies":"Red Slaver","floor":15,"turns":3},{"damage":3,"enemies":"downfall:Silent","floor":16,"turns":14},{"damage":0,"enemies":"Book of Stabbing","floor":19,"turns":5},{"damage":10,"enemies":"Slavers","floor":22,"turns":6},{"damage":0,"enemies":"downfall:FleeingMerchant","floor":23,"turns":4},{"damage":18,"enemies":"Gremlin Leader","floor":28,"turns":5},{"damage":0,"enemies":"downfall:FleeingMerchant","floor":31,"turns":4},{"damage":0,"enemies":"Spheric Guardian","floor":32,"turns":3},{"damage":5,"enemies":"Shell Parasite","floor":33,"turns":4},{"damage":0,"enemies":"Chosen and Byrds","floor":34,"turns":4},{"damage":5,"enemies":"downfall:Ironclad","floor":35,"turns":7},{"damage":15,"enemies":"R_Hoarder","floor":39,"turns":5},{"damage":0,"enemies":"downfall:FleeingMerchant","floor":41,"turns":1},{"damage":10,"enemies":"Nemesis","floor":42,"turns":5},{"damage":5,"enemies":"3 Shapes","floor":44,"turns":3},{"damage":0,"enemies":"Reptomancer","floor":45,"turns":4},{"damage":0,"enemies":"Orb Walker","floor":48,"turns":3},{"damage":2,"enemies":"4 Shapes","floor":51,"turns":4},{"damage":0,"enemies":"downfall:Defect","floor":52,"turns":7}],"seed_played":"1071948131530997498","potions_obtained":[{"floor":4,"key":"Elixir"},{"floor":10,"key":"EssenceOfSteel"},{"floor":16,"key":"Guardian:StasisDiscoveryPotion"},{"floor":22,"key":"Guardian:AcceleratePotion"},{"floor":28,"key":"Swift Potion"},{"floor":34,"key":"DistilledChaos"},{"floor":35,"key":"BlessingOfTheForge"},{"floor":42,"key":"Guardian:DefensiveModePotion"},{"floor":44,"key":"SkillPotion"},{"floor":45,"key":"Milkshake"}],"is_trial":false,"path_per_floor":["R","M","M","E","M","E","T","?","R","E","T","?","$","?","M","B",null,"R","E","PTL","PTL","E","$","R","?","T","R","E","R","?","$","M","M","M","B",null,"R","?","E","R","$","E","T","M","E","R","$","M","$","?","M","B",null],"character_chosen":"GUARDIAN","items_purchased":["BargainBundle","Replay:Kaleidoscope","Guardian:PiercingHide+1","Meat on the Bone","DollysMirror","Guardian:FloatingOrbs+1","Guardian:Gem_Crimson","Strange Spoon","Panache+1","Bottled Tornado","Bottled Lightning"],"campfire_rested":1,"item_purchase_floors":[13,13,13,13,13,23,23,23,41,41,47],"current_hp_per_floor":[56,51,50,24,24,12,12,12,36,29,29,19,14,7,21,32,80,80,80,80,80,70,72,72,72,72,72,56,56,56,58,60,57,59,56,80,80,80,70,70,72,64,64,61,63,63,63,65,65,65,65,67],"gold":67,"neow_bonus":"TWO_FIFTY_GOLD","is_daily":false,"chose_seed":false,"campfire_upgraded":5,"win_rate":0.0,"timestamp":1608246080,"path_taken":["R","M","M","E","M","E","T","?","R","E","?","?","$","?","M","BOSS","R","E","PTL","PTL","E","$","R","?","T","R","E","R","?","$","M","M","M","BOSS","R","?","E","R","$","E","T","M","E","R","$","M","?","?","M","BOSS"],"items_purchased_type":["Relic","Relic","Card","Relic","Relic","Card","Card","Relic","Card","Relic","Relic"],"build_version":"2020-11-17","purchased_purges":2,"victory":true,"max_hp_per_floor":[80,80,80,80,80,80,80,80,80,80,80,80,80,80,80,80,80,80,80,80,80,80,80,80,80,80,80,80,80,80,80,80,80,80,80,80,80,80,85,85,85,85,85,85,85,85,85,85,85,85,85,85],"card_choices":[{"not_picked":["Guardian:RollAttack","Guardian:CrystalBeam"],"picked":"Guardian:ChargeCore","floor":2},{"not_picked":["Guardian:PiercingHide","Guardian:Incinerate"],"picked":"Guardian:EvasiveProtocol","floor":3},{"not_picked":["Guardian:GuardianWhirl","Guardian:ConstructionForm"],"picked":"Guardian:BronzeArmor","floor":4},{"not_picked":["Guardian:PiercingHide","Guardian:Gem_Green"],"picked":"Guardian:ChargeCore","floor":5},{"not_picked":["Guardian:VentSteam","Guardian:ShieldCharger"],"picked":"Guardian:PiercingHide","floor":6},{"not_picked":["Guardian:PrimingBeam","Guardian:VentSteam"],"picked":"Guardian:Gem_Green","floor":10},{"not_picked":["Guardian:CrystalBeam","Guardian:HyperBeam_Guardian"],"picked":"Guardian:ChargeCore","floor":12},{"not_picked":["Guardian:DonusPower","Guardian:Gem_Cyan","Guardian:PiercingHide"],"picked":"SKIP","floor":13},{"not_picked":["Guardian:TimeCapacitor+1","Guardian:ShieldCharger"],"picked":"Guardian:Gem_Purple","floor":15},{"not_picked":["Guardian:Gem_Synthetic","Guardian:HyperBeam_Guardian"],"picked":"Guardian:Gem_Orange","floor":16},{"not_picked":["Guardian:Gem_White","Guardian:VentSteam+1"],"picked":"Guardian:Gem_Purple","floor":19},{"not_picked":["Guardian:PrimingBeam","Guardian:WalkerClaw"],"picked":"Guardian:Gem_Green","floor":22},{"not_picked":["Guardian:RevengeProtocol+1","Guardian:Clone+1"],"picked":"Guardian:ExploitGems+1","floor":23},{"not_picked":["Guardian:Suspension+1","Guardian:PrimingBeam","Guardian:ConstructionForm+1"],"picked":"SKIP","floor":28},{"not_picked":["Guardian:WalkerClaw+1","Guardian:Recover+1","Guardian:Incinerate"],"picked":"SKIP","floor":31},{"not_picked":["Guardian:Reroute","Guardian:RollAttack","Guardian:Suspension+1"],"picked":"SKIP","floor":32},{"not_picked":["Guardian:ConstructionForm+1","Guardian:BronzeArmor+1","Guardian:WalkerClaw"],"picked":"SKIP","floor":33},{"not_picked":["Guardian:CrystalBeam+1","Guardian:ShieldSpikes+1","Guardian:PiercingHide+1"],"picked":"SKIP","floor":34},{"not_picked":["Guardian:MultiBeam","Guardian:RefractedBeam+1","Guardian:Gem_Blue"],"picked":"SKIP","floor":39},{"not_picked":["Guardian:Gem_Green","Guardian:Emergency+1","Guardian:TimeSifter+1"],"picked":"SKIP","floor":41},{"not_picked":["Guardian:Harden+1","Guardian:Gem_Green","Guardian:Gem_Purple"],"picked":"SKIP","floor":42},{"not_picked":["Guardian:Harden+1","Guardian:Gem_Green","Guardian:Gem_Purple"],"picked":"SKIP","floor":42},{"not_picked":["Guardian:WalkerClaw","Guardian:BronzeArmor+1","Guardian:SpikerProtocol+1"],"picked":"SKIP","floor":44},{"not_picked":["Guardian:TimeCapacitor+1","Guardian:EvasiveProtocol+1","Guardian:ShieldSpikes+1"],"picked":"SKIP","floor":45},{"not_picked":["Guardian:ShieldSpikes+1","Guardian:Gem_Green","Guardian:MultiBeam"],"picked":"SKIP","floor":48},{"not_picked":["Guardian:EvasiveProtocol+1","Guardian:Gem_Red","Guardian:Gem_Cyan"],"picked":"SKIP","floor":51}],"player_experience":64708,"relics_obtained":[{"floor":4,"key":"PreservedInsect"},{"floor":6,"key":"Juzu Bracelet"},{"floor":7,"key":"Guardian:PickAxe"},{"floor":10,"key":"Nunchaku"},{"floor":11,"key":"Frozen Egg 2"},{"floor":17,"key":"ReplayTheSpireMod:Lightbulb"},{"floor":17,"key":"Toxic Egg 2"},{"floor":17,"key":"Pocketwatch"},{"floor":19,"key":"InkBottle"},{"floor":22,"key":"Shuriken"},{"floor":26,"key":"Replay:Bottled Eggs"},{"floor":28,"key":"Boot"},{"floor":30,"key":"Ring of Peace"},{"floor":30,"key":"Ring of Searing"},{"floor":39,"key":"Durian"},{"floor":42,"key":"Blue Doll"},{"floor":45,"key":"hubris:BundleOfHerbs"}],"event_choices":[{"damage_healed":0,"gold_gain":0,"player_choice":"Grow","damage_taken":0,"max_hp_gain":0,"max_hp_loss":0,"event_name":"Living Wall","floor":8,"gold_loss":0,"cards_upgraded":["Guardian:ChargeCore"]},{"damage_healed":0,"gold_gain":0,"player_choice":"Success","damage_taken":7,"relics_obtained":["Blood Vial"],"max_hp_gain":0,"max_hp_loss":0,"event_name":"Scrap Ooze","floor":14,"gold_loss":0},{"cards_removed":["Guardian:Strike_Guardian"],"damage_healed":0,"gold_gain":0,"player_choice":"Purged","damage_taken":0,"max_hp_gain":0,"max_hp_loss":0,"event_name":"Purifier","floor":25,"gold_loss":0},{"damage_healed":0,"gold_gain":0,"player_choice":"Copied","damage_taken":0,"max_hp_gain":0,"max_hp_loss":0,"event_name":"Duplicator","floor":38,"gold_loss":0,"cards_obtained":["Guardian:CurlUp"]}],"is_beta":true,"boss_relics":[{"not_picked":["SlaversCollar","hubris:BlackHole"],"picked":"Calling Bell"},{"not_picked":["hubris:Stopwatch","SacredBark"],"picked":"hubris:Backtick"}],"items_purged_floors":[13,31],"is_endless":false,"potions_floor_spawned":[4,10,16,22,28,34,35,42,44,45],"ascension_level":1}}