{"host":"Niota","time":1608213565,"event":{"mods":["BaseMod","Colored Map","Colored Powertips","DeckTracker","Highlight Path","Minty Spire (QoL Compilation)"],"gold_per_floor":[115,132,61,75,90,90,125,125,125,153,5,5,36,48,48,151,151,169,169,269,286,61,61,72,72,99,99,113,125,88,88,88],"floor_reached":31,"playtime":2353,"items_purged":["Decay"],"score":369,"play_id":"38b9551a-5605-4535-9b74-0b428c3cbb61","local_time":"20201217145925","is_ascension_mode":true,"campfire_choices":[{"data":"Zap","floor":6.0,"key":"SMITH"},{"data":"Dualcast","floor":8.0,"key":"SMITH"},{"floor":12.0,"key":"REST"},{"floor":15.0,"key":"REST"},{"data":"Defragment","floor":23.0,"key":"SMITH"},{"data":"Buffer","floor":25.0,"key":"SMITH"},{"data":"Recycle","floor":27.0,"key":"SMITH"}],"circlet_count":0,"master_deck":["Zap+1","Dualcast+1","Electrodynamics","Conserve Battery","Defragment+1","Compile Driver","Turbo","Gash","Compile Driver","Machine Learning","Storm","Machine Learning","Buffer+1","Conserve Battery","Thunder Strike","Melter","Machine Learning","Recycle+1","Storm","Hello World","Machine Learning","Reboot","Chaos","Leap","Conserve Battery","Storm","Undo","Tempest","Thunder Strike","Static Discharge"],"relics":["Cracked Core","DataDisk","Centennial Puzzle","Bottled Lightning","DollysMirror","Akabeko","Pandora\u0027s Box","Pen Nib"],"acts_visited":["Exordium","TheCity"],"potions_floor_usage":[],"damage_taken":[{"damage":1.0,"enemies":"Cultist","floor":1.0,"turns":3.0},{"damage":1.0,"enemies":"2 Louse","floor":2.0,"turns":4.0},{"damage":11.0,"enemies":"Small Slimes","floor":4.0,"turns":3.0},{"damage":17.0,"enemies":"Exordium Thugs","floor":5.0,"turns":4.0},{"damage":13.0,"enemies":"Lagavulin","floor":7.0,"turns":5.0},{"damage":8.0,"enemies":"Gremlin Nob","floor":10.0,"turns":3.0},{"damage":10.0,"enemies":"Lagavulin","floor":13.0,"turns":5.0},{"damage":8.0,"enemies":"Blue Slaver","floor":14.0,"turns":2.0},{"damage":17.0,"enemies":"Hexaghost","floor":16.0,"turns":8.0},{"damage":0.0,"enemies":"Spheric Guardian","floor":18.0,"turns":3.0},{"damage":17.0,"enemies":"Shell Parasite","floor":21.0,"turns":3.0},{"damage":0.0,"enemies":"Snake Plant","floor":24.0,"turns":2.0},{"damage":0.0,"enemies":"Sentry and Sphere","floor":28.0,"turns":4.0},{"damage":24.0,"enemies":"Centurion and Healer","floor":29.0,"turns":3.0},{"damage":25,"enemies":"Snake Plant","floor":31,"turns":2}],"seed_played":"-8456238817358400521","potions_obtained":[{"floor":2.0,"key":"SteroidPotion"},{"floor":4.0,"key":"ColorlessPotion"},{"floor":5.0,"key":"Strength Potion"},{"floor":13.0,"key":"CultistPotion"},{"floor":16.0,"key":"GamblersBrew"},{"floor":24.0,"key":"SteroidPotion"},{"floor":28.0,"key":"CultistPotion"}],"is_trial":false,"path_per_floor":["M","M","$","M","M","R","E","R","T","E","$","R","E","M","R","B",null,"M","?","?","M","$","R","M","R","T","R","M","M","$","M"],"character_chosen":"DEFECT","items_purchased":["Compile Driver","Turbo","DollysMirror","Storm","Undo","Static Discharge"],"campfire_rested":2,"item_purchase_floors":[3,3,11,22,22,30],"current_hp_per_floor":[67,66,66,55,38,38,25,25,25,17,17,39,29,21,43,26,63,63,63,63,46,46,46,46,46,46,46,46,22,22,0,0],"gold":88,"neow_bonus":"ONE_RANDOM_RARE_CARD","is_daily":false,"chose_seed":false,"campfire_upgraded":5,"win_rate":0.0,"timestamp":1608213565,"path_taken":["M","?","?","M","M","R","E","R","T","E","$","R","E","M","R","BOSS","M","?","?","M","$","R","M","R","T","R","M","?","$","M"],"items_purchased_type":["Card","Card","Relic","Card","Card","Card"],"build_version":"2020-12-07","purchased_purges":1,"victory":false,"max_hp_per_floor":[75,75,75,75,75,75,75,75,75,75,75,75,75,75,75,75,75,75,75,75,75,75,75,75,75,75,75,75,75,75,75,75],"card_choices":[{"not_picked":["Rebound","Double Energy"],"picked":"Conserve Battery","floor":1.0},{"not_picked":["Compile Driver","Recycle"],"picked":"Defragment","floor":2.0},{"not_picked":["Steam","Leap"],"picked":"Gash","floor":4.0},{"not_picked":["Self Repair","Turbo"],"picked":"Compile Driver","floor":5.0},{"not_picked":["Aggregate","Conserve Battery"],"picked":"Machine Learning","floor":7.0},{"not_picked":["Heatsinks","Leap"],"picked":"Storm","floor":10.0},{"not_picked":["Beam Cell","Defragment"],"picked":"Buffer","floor":13.0},{"not_picked":["Compile Driver","Gash"],"picked":"Conserve Battery","floor":14.0},{"not_picked":["All For One","Rainbow"],"picked":"Thunder Strike","floor":16.0},{"not_picked":["Reprogram","Sweeping Beam"],"picked":"Leap","floor":18.0},{"not_picked":["Gash","Stack+1"],"picked":"Conserve Battery","floor":21.0},{"not_picked":["Compile Driver","Turbo","Melter"],"picked":"SKIP","floor":24.0},{"not_picked":["Sweeping Beam","Hello World"],"picked":"Tempest","floor":28.0},{"not_picked":["Sweeping Beam+1","Leap"],"picked":"Thunder Strike","floor":29.0}],"player_experience":801586,"relics_obtained":[{"floor":7.0,"key":"DataDisk"},{"floor":9.0,"key":"Centennial Puzzle"},{"floor":10.0,"key":"Bottled Lightning"},{"floor":13.0,"key":"Akabeko"},{"floor":26.0,"key":"Pen Nib"}],"event_choices":[{"damage_healed":0.0,"max_hp_gain":0.0,"max_hp_loss":0.0,"gold_gain":0.0,"event_name":"Forgotten Altar","player_choice":"Smashed Altar","floor":19.0,"gold_loss":0.0,"damage_taken":0.0,"cards_obtained":["Decay"]},{"damage_healed":0.0,"max_hp_gain":0.0,"max_hp_loss":0.0,"gold_gain":100.0,"event_name":"Golden Shrine","player_choice":"Pray","floor":20.0,"gold_loss":0.0,"damage_taken":0.0}],"is_beta":true,"boss_relics":[{"not_picked":["Velvet Choker","Calling Bell"],"picked":"Pandora\u0027s Box"}],"items_purged_floors":[22],"is_endless":false,"potions_floor_spawned":[2,4,5,13,16,24,28],"killed_by":"Snake Plant","ascension_level":7}}