{"host":"zekcc3vicrep0och","time":1608197337,"event":{"mods":["AchievementEnabler","BaseMod","Colored Map","Colored Powertips","Displayed Cursed Tome","Minty Spire (QoL Compilation)","Relic Stats","Replay The Spire","StSLib"],"gold_per_floor":[111,168,185,185,204,236,236,271,271,297,297,31,41,71,71,170,170,188,208,222,235,253,253,253],"floor_reached":23,"playtime":1039,"items_purged":["Defend_G"],"score":437,"play_id":"fa1f30c1-b1a3-4043-89aa-2490b068576a","local_time":"20201217122857","is_ascension_mode":true,"campfire_choices":[{"data":"Recycle","floor":7.0,"key":"SMITH"},{"data":"Hologram","floor":15.0,"key":"SMITH"}],"circlet_count":0,"master_deck":["AscendersBane","Strike_B","Strike_B","Strike_B","Strike_B","Defend_B","Defend_B","Defend_B","Defend_B","Zap","Dualcast","Hyperbeam+1","Leap","Ball Lightning","Recycle+1","BootSequence","Conserve Battery","ReplayTheSpireMod:Reroute Power","Lockon","Conserve Battery","Hologram+1","Seek","Chill+1","Beam Cell","FTL","Capacitor","Ball Lightning","Sunder","Gash","Cold Snap","Consume"],"relics":["Cracked Core","Bag of Preparation","Mirror","Ancient Tea Set","StrikeDummy","Prayer Wheel","Replay:Rubber Ducky","Ring of Chaos"],"acts_visited":["Exordium","TheCity"],"potions_floor_usage":[],"damage_taken":[{"damage":2.0,"enemies":"Jaw Worm","floor":1.0,"turns":3.0},{"damage":5.0,"enemies":"Small Slimes","floor":3.0,"turns":2.0},{"damage":0.0,"enemies":"Cultist","floor":5.0,"turns":3.0},{"damage":29.0,"enemies":"Gremlin Nob","floor":6.0,"turns":5.0},{"damage":0.0,"enemies":"3 Sentries","floor":8.0,"turns":1.0},{"damage":0.0,"enemies":"Gremlin Nob","floor":10.0,"turns":2.0},{"damage":0.0,"enemies":"Large Slime","floor":13.0,"turns":2.0},{"damage":6.0,"enemies":"Lagavulin","floor":14.0,"turns":6.0},{"damage":8.0,"enemies":"The Guardian","floor":16.0,"turns":13.0},{"damage":12.0,"enemies":"Shell Parasite","floor":18.0,"turns":6.0},{"damage":2.0,"enemies":"2 Thieves","floor":19.0,"turns":3.0},{"damage":7.0,"enemies":"Snake Plant","floor":20.0,"turns":3.0},{"damage":12.0,"enemies":"Snecko","floor":21.0,"turns":3.0},{"damage":0.0,"enemies":"Chosen and Byrds","floor":22.0,"turns":6.0},{"damage":0,"enemies":"Gremlin Leader","floor":23,"turns":1}],"seed_played":"-7538232246552232445","potions_obtained":[{"floor":5.0,"key":"ColorlessPotion"},{"floor":6.0,"key":"LiquidMemories"},{"floor":8.0,"key":"ColorlessPotion"},{"floor":19.0,"key":"EssenceOfDarkness"},{"floor":20.0,"key":"SpeedPotion"},{"floor":22.0,"key":"SteroidPotion"}],"is_trial":false,"path_per_floor":["M","?","M","?","M","E","R","E","T","E","?","$","M","E","R","B",null,"M","M","M","M","M","E"],"character_chosen":"DEFECT","items_purchased":["ReplayTheSpireMod:Fabricate Wheel","Lockon"],"campfire_rested":0,"item_purchase_floors":[12,12],"current_hp_per_floor":[66,66,61,61,61,32,32,32,32,32,32,32,32,26,26,18,61,49,47,40,28,28,28,28],"gold":253,"neow_bonus":"THREE_RARE_CARDS","is_daily":false,"chose_seed":false,"campfire_upgraded":2,"win_rate":0.0,"timestamp":1608197337,"path_taken":["M","?","M","?","?","E","R","E","T","E","?","$","?","E","R","BOSS","M","M","M","M","M","E"],"items_purchased_type":["Card","Card"],"build_version":"2020-12-13","purchased_purges":1,"victory":false,"max_hp_per_floor":[75,75,75,75,75,75,75,75,75,75,75,75,75,75,75,75,75,75,75,75,75,75,75,75],"relic_stats":{"counters":[15,59],"Prayer Wheel":5,"Bag of Preparation":[22],"obtain_stats":[{"Prayer Wheel":14,"Ring of Chaos":17,"Bag of Preparation":6,"Cracked Core":0,"Mirror":8,"Ancient Tea Set":9,"StrikeDummy":10,"Replay:Rubber Ducky":14},{"Prayer Wheel":8,"Ring of Chaos":9,"Bag of Preparation":4,"Cracked Core":0,"Mirror":5,"Ancient Tea Set":5,"StrikeDummy":6,"Replay:Rubber Ducky":8},{"Prayer Wheel":23,"Ring of Chaos":37,"Bag of Preparation":13,"Cracked Core":0,"Mirror":14,"Ancient Tea Set":14,"StrikeDummy":16,"Replay:Rubber Ducky":24}]},"card_choices":[{"not_picked":["Thunder Strike","Buffer"],"picked":"Hyperbeam","floor":0.0},{"not_picked":["Redo","Rebound"],"picked":"Leap","floor":1.0},{"not_picked":["Leap","Turbo"],"picked":"Ball Lightning","floor":3.0},{"not_picked":["Gash","Go for the Eyes"],"picked":"Recycle","floor":5.0},{"not_picked":["Redo","ReplayTheSpireMod:Omega Cannon"],"picked":"BootSequence","floor":6.0},{"not_picked":["Stack","Force Field","Rebound"],"picked":"SKIP","floor":8.0},{"not_picked":["BootSequence","Coolheaded"],"picked":"Conserve Battery","floor":10.0},{"not_picked":["Streamline","Meteor Strike"],"picked":"Conserve Battery","floor":13.0},{"not_picked":["Coolheaded","Ball Lightning"],"picked":"Hologram","floor":14.0},{"not_picked":["Amplify","Core Surge"],"picked":"Seek","floor":16.0},{"not_picked":["ReplayTheSpireMod:Calculation Training","Cold Snap"],"picked":"Chill+1","floor":18.0},{"not_picked":["Stack","Turbo","Reinforced Body+1"],"picked":"SKIP","floor":18.0},{"not_picked":["Steam","Biased Cognition"],"picked":"Beam Cell","floor":19.0},{"not_picked":["Turbo","Steam","FTL"],"picked":"SKIP","floor":19.0},{"not_picked":["Turbo","Steam"],"picked":"FTL","floor":19.0},{"not_picked":["Reinforced Body","Storm"],"picked":"Capacitor","floor":20.0},{"not_picked":["Gash","Redo"],"picked":"Ball Lightning","floor":20.0},{"not_picked":["Ball Lightning","ReplayTheSpireMod:Reroute Power"],"picked":"Sunder","floor":21.0},{"not_picked":["Streamline","Compile Driver"],"picked":"Gash","floor":21.0},{"not_picked":["Compile Driver","Consume"],"picked":"Cold Snap","floor":22.0},{"not_picked":["Seek","Steam"],"picked":"Consume","floor":22.0}],"player_experience":428034,"relics_obtained":[{"floor":6.0,"key":"Bag of Preparation"},{"floor":8.0,"key":"Mirror"},{"floor":9.0,"key":"Ancient Tea Set"},{"floor":10.0,"key":"StrikeDummy"},{"floor":14.0,"key":"Replay:Rubber Ducky"}],"event_choices":[{"damage_healed":0.0,"max_hp_gain":0.0,"max_hp_loss":0.0,"gold_gain":57.0,"event_name":"Golden Wing","player_choice":"Gained Gold","floor":2.0,"gold_loss":0.0,"damage_taken":0.0},{"damage_healed":0.0,"max_hp_gain":0.0,"max_hp_loss":0.0,"gold_gain":0.0,"event_name":"Upgrade Shrine","player_choice":"Upgraded","floor":4.0,"gold_loss":0.0,"damage_taken":0.0,"cards_upgraded":["Hyperbeam"]},{"damage_healed":0.0,"max_hp_gain":0.0,"max_hp_loss":0.0,"gold_gain":0.0,"cards_transformed":["Defend_R"],"event_name":"Transmorgrifier","player_choice":"Transformed","floor":11.0,"gold_loss":0.0,"damage_taken":0.0,"cards_obtained":["ReplayTheSpireMod:Reroute Power"]}],"is_beta":false,"boss_relics":[{"not_picked":["Replay:Wanted Poster","Coffee Dripper"],"picked":"Ring of Chaos"}],"items_purged_floors":[12],"is_endless":false,"potions_floor_spawned":[5,6,8,19,20,22],"killed_by":"Gremlin Leader","ascension_level":12}}