{"host":"quagnxip3u93mzqy","time":1608234573,"event":{"mods":["AchievementEnabler","BaseMod","Colored Powertips","Minty Spire (QoL Compilation)","Quick Restart","SuperFastMode"],"gold_per_floor":[116,116,139,25,45,45,89,101,136,163,190,236,248,273,285,427,502,535,547,45,45,63,97,97,136,136,136,136],"floor_reached":27,"playtime":1654,"items_purged":["Strike_G","Strike_G"],"score":326,"play_id":"ab716c35-dbbd-4cdb-bb51-2091d7d07893","local_time":"20201217194933","is_ascension_mode":true,"campfire_choices":[{"data":"Dagger Spray","floor":6,"key":"SMITH"},{"floor":13,"key":"REST"},{"floor":15,"key":"REST"},{"floor":24,"key":"REST"}],"circlet_count":0,"master_deck":["Strike_G","Defend_G","Defend_G","Defend_G","Defend_G","Survivor","Neutralize+1","Quick Slash","Deadly Poison","Caltrops+1","Dagger Spray+1","Dodge and Roll","Blade Dance","Malaise","Catalyst","Endless Agony","Bane+1","Noxious Fumes","Accuracy","Reflex","Dodge and Roll"],"relics":["Ring of the Snake","Golden Idol","MawBank","Nunchaku","Singing Bowl","Tiny House","Sling","Letter Opener","Pen Nib","Calipers"],"acts_visited":["Exordium","TheCity"],"potions_floor_usage":[7,12,14,16,16,25,25],"damage_taken":[{"damage":1,"enemies":"2 Louse","floor":1,"turns":3},{"damage":0,"enemies":"Cultist","floor":3,"turns":3},{"damage":1,"enemies":"Small Slimes","floor":5,"turns":3},{"damage":32,"enemies":"3 Sentries","floor":7,"turns":7},{"damage":8,"enemies":"3 Louse","floor":10,"turns":3},{"damage":0,"enemies":"Exordium Wildlife","floor":11,"turns":3},{"damage":5,"enemies":"Lagavulin","floor":12,"turns":10},{"damage":5,"enemies":"Gremlin Gang","floor":14,"turns":3},{"damage":1,"enemies":"The Guardian","floor":16,"turns":10},{"damage":3,"enemies":"3 Byrds","floor":18,"turns":3},{"damage":24,"enemies":"Spheric Guardian","floor":22,"turns":5},{"damage":44,"enemies":"Gremlin Leader","floor":23,"turns":6},{"damage":22,"enemies":"Book of Stabbing","floor":25,"turns":7},{"damage":9,"enemies":"Centurion and Healer","floor":27,"turns":1}],"seed_played":"-5585490962936416859","potions_obtained":[{"floor":3,"key":"Poison Potion"},{"floor":10,"key":"ColorlessPotion"},{"floor":11,"key":"Explosive Potion"},{"floor":12,"key":"SteroidPotion"},{"floor":14,"key":"SteroidPotion"},{"floor":17,"key":"FearPotion"},{"floor":23,"key":"AttackPotion"}],"is_trial":false,"path_per_floor":["M","?","M","$","M","R","E","?","T","M","M","E","R","M","R","B",null,"M","?","$","?","M","E","R","E","T","M"],"character_chosen":"THE_SILENT","items_purchased":["Caltrops","Sling","Letter Opener"],"campfire_rested":3,"item_purchase_floors":[4,20,20],"current_hp_per_floor":[69,52,52,52,51,51,19,19,19,11,11,6,27,22,43,44,72,69,69,69,69,47,5,29,7,7,0,0],"gold":136,"neow_bonus":"UPGRADE_CARD","is_daily":false,"chose_seed":false,"campfire_upgraded":1,"win_rate":0.0,"timestamp":1608234573,"path_taken":["M","?","M","$","M","R","E","?","T","?","M","E","R","M","R","BOSS","M","?","$","?","?","E","R","E","T","?"],"items_purchased_type":["Card","Relic","Relic"],"build_version":"2020-12-13","purchased_purges":2,"victory":false,"max_hp_per_floor":[70,70,70,70,70,70,70,70,70,70,70,70,70,70,70,72,79,79,79,79,79,81,83,83,83,83,83,83],"card_choices":[{"not_picked":["Slice","Acrobatics"],"picked":"Quick Slash","floor":1},{"not_picked":["Deflect","Dagger Throw"],"picked":"Deadly Poison","floor":3},{"not_picked":["Backflip","Flying Knee"],"picked":"Dagger Spray","floor":5},{"not_picked":["Riddle With Holes","Calculated Gamble"],"picked":"Dodge and Roll","floor":7},{"not_picked":["Sucker Punch","Underhanded Strike"],"picked":"Blade Dance","floor":10},{"not_picked":["Predator","Acrobatics"],"picked":"Malaise","floor":11},{"not_picked":["Acrobatics","Expertise"],"picked":"Catalyst","floor":12},{"not_picked":["Predator","Underhanded Strike"],"picked":"Endless Agony","floor":14},{"not_picked":["Bullet Time","Tools of the Trade","A Thousand Cuts"],"picked":"Singing Bowl","floor":16},{"not_picked":["Prepared","Acrobatics","Accuracy"],"picked":"Singing Bowl","floor":17},{"not_picked":["Cloak And Dagger","Bouncing Flask"],"picked":"Bane+1","floor":18},{"not_picked":["Setup","Calculated Gamble+1","Deflect"],"picked":"Singing Bowl","floor":22},{"not_picked":["Bane","Quick Slash","Endless Agony"],"picked":"Singing Bowl","floor":23},{"not_picked":["Finisher","Eviscerate"],"picked":"Dodge and Roll","floor":25}],"player_experience":395705,"relics_obtained":[{"floor":7,"key":"MawBank"},{"floor":9,"key":"Nunchaku"},{"floor":12,"key":"Singing Bowl"},{"floor":23,"key":"Pen Nib"},{"floor":25,"key":"Calipers"}],"event_choices":[{"damage_healed":0,"gold_gain":0,"player_choice":"Take Damage","damage_taken":17,"relics_obtained":["Golden Idol"],"max_hp_gain":0,"max_hp_loss":0,"event_name":"Golden Idol","floor":2,"gold_loss":0},{"cards_removed":["Strike_G"],"damage_healed":0,"gold_gain":0,"player_choice":"Purged","damage_taken":0,"max_hp_gain":0,"max_hp_loss":0,"event_name":"Purifier","floor":8,"gold_loss":0},{"damage_healed":0,"gold_gain":0,"player_choice":"Read","damage_taken":0,"max_hp_gain":0,"max_hp_loss":0,"event_name":"The Library","floor":19,"gold_loss":0,"cards_obtained":["Noxious Fumes"]},{"damage_healed":0,"gold_gain":0,"cards_transformed":["Strike_G","Defend_G"],"player_choice":"Became Test Subject","damage_taken":0,"max_hp_gain":0,"max_hp_loss":0,"event_name":"Drug Dealer","floor":21,"gold_loss":0,"cards_obtained":["Accuracy","Reflex"]}],"is_beta":false,"boss_relics":[{"not_picked":["Philosopher\u0027s Stone","Velvet Choker"],"picked":"Tiny House"}],"items_purged_floors":[4,20],"is_endless":false,"potions_floor_spawned":[3,10,11,12,14,23],"killed_by":"Centurion and Healer","ascension_level":5}}