{"host":"2ttsipbxjlhedj1t","time":1608225982,"event":{"mods":["2.2 Compatiblity","Act Like it!","BaseMod","Colored Map","Colored Powertips","Curses Come First","Highlight Path","Minty Spire (QoL Compilation)","Quick Restart","Robot Space Explorer","Shop Mod","StSLib"],"gold_per_floor":[112,131,146,20,38,38,38,113,113,288,288,302,337,355,355,451,451,439,439,450,450,14,29,29,29,29,29,41,41,41,7,7,105,105,115,115,128,140,32,59,71,71,71,91,109,109,19,19,19,19],"floor_reached":51,"playtime":2690,"items_purged":["Defend_G","Doubt"],"score":677,"play_id":"58fdbcda-8894-4da1-8fc0-50f9435a667f","local_time":"20201217122622","is_ascension_mode":false,"campfire_choices":[{"data":"Blur","floor":6,"key":"SMITH"},{"floor":15,"key":"REST"},{"data":"Blade Dance","floor":24,"key":"SMITH"},{"data":"Blade Dance","floor":29,"key":"SMITH"},{"floor":32,"key":"REST"},{"floor":42,"key":"REST"},{"floor":46,"key":"REST"},{"data":"Infinite Blades","floor":49,"key":"SMITH"}],"circlet_count":0,"master_deck":["Strike_G","Strike_G","Strike_G+1","Defend_G","Defend_G","Survivor","Neutralize+1","Blur+1","Footwork","Slice","Die Die Die","Blade Dance+1","Backstab","Infinite Blades+1","Blade Dance+1","Footwork","Venomology","Deflect+1","Cloak And Dagger","Glass Knife","Backstab","Leg Sweep","Blade Dance+1","Good Instincts","Dodge and Roll","Noxious Fumes"],"relics":["Ring of the Snake","Kunai","Mercury Hourglass","WristBlade","MutagenicStrength","MerchantsRug","Potion Belt","Peace Pipe"],"acts_visited":["Exordium","TheCity","TheBeyond"],"potions_floor_usage":[13,16,16,16,20,23,35,37,38,38,40,41,44,44,50,50,50],"damage_taken":[{"damage":1,"enemies":"Cultist","floor":1,"turns":4},{"damage":0,"enemies":"2 Louse","floor":2,"turns":3},{"damage":0,"enemies":"Small Slimes","floor":3,"turns":4},{"damage":1,"enemies":"3 Louse","floor":5,"turns":6},{"damage":0,"enemies":"Blue Slaver","floor":12,"turns":6},{"damage":21,"enemies":"3 Sentries","floor":13,"turns":9},{"damage":0,"enemies":"2 Fungi Beasts","floor":14,"turns":3},{"damage":10,"enemies":"Hexaghost","floor":16,"turns":12},{"damage":19,"enemies":"2 Thieves","floor":18,"turns":4},{"damage":0,"enemies":"3 Byrds","floor":20,"turns":5},{"damage":5,"enemies":"Shelled Parasite and Fungi","floor":23,"turns":3},{"damage":0,"enemies":"Chosen and Byrds","floor":28,"turns":3},{"damage":46,"enemies":"Champ","floor":33,"turns":10},{"damage":9,"enemies":"3 Darklings","floor":35,"turns":4},{"damage":1,"enemies":"3 Shapes","floor":37,"turns":2},{"damage":31,"enemies":"Writhing Mass","floor":38,"turns":6},{"damage":22,"enemies":"Reptomancer","floor":40,"turns":4},{"damage":10,"enemies":"Transient","floor":41,"turns":5},{"damage":11,"enemies":"Jaw Worm Horde","floor":44,"turns":3},{"damage":1,"enemies":"Sphere and 2 Shapes","floor":45,"turns":6},{"damage":49,"enemies":"Awakened One","floor":50,"turns":14}],"seed_played":"-3017627501632416599","potions_obtained":[{"floor":2,"key":"Regen Potion"},{"floor":12,"key":"Strength Potion"},{"floor":14,"key":"Strength Potion"},{"floor":18,"key":"Block Potion"},{"floor":33,"key":"Energy Potion"},{"floor":36,"key":"FairyPotion"},{"floor":36,"key":"Ancient Potion"},{"floor":38,"key":"Fire Potion"},{"floor":40,"key":"Swift Potion"}],"is_trial":false,"path_per_floor":["M","M","M","$","M","R","$","?","T","?","?","M","E","M","R","B",null,"M","?","M","?","$","M","R","T","T","?","M","R","?","$","R","B",null,"M","?","M","M","$","E","M","R","T","M","M","R","$","?","R","B",null],"character_chosen":"THE_SILENT","items_purchased":["PowerPotion","MerchantsRug","Backstab","Infinite Blades","Explosive Potion","Footwork","Potion Belt","Good Instincts","Heel Hook","Dodge and Roll","Noxious Fumes"],"campfire_rested":4,"item_purchase_floors":[4,22,22,22,22,31,39,47,47,47,47],"current_hp_per_floor":[62,62,62,62,61,61,61,50,50,50,37,37,16,16,34,39,63,44,33,33,33,33,28,28,42,42,42,42,42,26,26,50,4,82,73,73,72,41,41,19,9,33,33,22,21,45,45,82,82,33],"gold":19,"neow_bonus":"REMOVE_TWO","is_daily":false,"chose_seed":false,"campfire_upgraded":4,"win_rate":0.0,"timestamp":1608225982,"path_taken":["M","M","M","$","M","R","$","?","T","?","?","M","E","M","R","BOSS","M","?","M","?","$","M","R","?","T","?","M","R","?","?","R","BOSS","M","?","?","M","$","E","M","R","T","M","M","R","$","?","R","BOSS"],"items_purchased_type":["Potion","Relic","Card","Card","Potion","Card","Relic","Card","Card","Card","Card"],"build_version":"2020-12-13","purchased_purges":2,"victory":true,"max_hp_per_floor":[63,63,63,63,63,63,63,63,63,63,63,63,63,63,63,63,63,63,68,68,68,68,68,68,82,82,82,82,82,82,82,82,82,82,82,82,82,82,82,82,82,82,82,82,82,82,82,82,82,82],"card_choices":[{"not_picked":["Slice","Dagger Spray","Deadly Poison"],"picked":"SKIP","floor":1},{"not_picked":["PiercingWail","Poisoned Stab","Flying Knee"],"picked":"SKIP","floor":2},{"not_picked":["Poisoned Stab","Dagger Throw"],"picked":"Blur","floor":3},{"not_picked":["Backflip","Dagger Spray","Slice"],"picked":"SKIP","floor":5},{"not_picked":["Bane","Underhanded Strike","Backflip"],"picked":"SKIP","floor":12},{"not_picked":["Crippling Poison","Escape Plan"],"picked":"Footwork","floor":13},{"not_picked":["Concentrate","Accuracy"],"picked":"Slice","floor":14},{"not_picked":["Envenom","A Thousand Cuts"],"picked":"Die Die Die","floor":16},{"not_picked":["Dagger Spray","Underhanded Strike+1","Deadly Poison+1"],"picked":"SKIP","floor":18},{"not_picked":["Poisoned Stab","Sucker Punch"],"picked":"Blade Dance","floor":20},{"not_picked":["Bouncing Flask+1","Riddle With Holes+1","Crippling Poison"],"picked":"SKIP","floor":23},{"not_picked":["Underhanded Strike","Dagger Throw","Expertise"],"picked":"SKIP","floor":28},{"not_picked":["Tools of the Trade","Burst"],"picked":"Venomology","floor":33},{"not_picked":["Dash+1","Terror","PiercingWail"],"picked":"SKIP","floor":35},{"not_picked":["Dagger Spray+1","Underhanded Strike"],"picked":"Deflect+1","floor":37},{"not_picked":["Expertise+1","Sucker Punch"],"picked":"Cloak And Dagger","floor":38},{"not_picked":["Eviscerate+1","Deadly Poison"],"picked":"Glass Knife","floor":40},{"not_picked":["Riddle With Holes","Quick Slash"],"picked":"Backstab","floor":41},{"not_picked":["Prepared+1","Bane"],"picked":"Leg Sweep","floor":44},{"not_picked":["Acrobatics+1","Dagger Spray+1"],"picked":"Blade Dance+1","floor":45}],"player_experience":346157,"relics_obtained":[{"floor":9,"key":"Kunai"},{"floor":13,"key":"Mercury Hourglass"},{"floor":25,"key":"Mango"},{"floor":26,"key":"PreservedInsect"},{"floor":30,"key":"Necronomicon"},{"floor":40,"key":"Peace Pipe"},{"floor":43,"key":"Blue Candle"}],"event_choices":[{"damage_healed":0,"gold_gain":75,"player_choice":"Gather Gold","damage_taken":11,"max_hp_gain":0,"max_hp_loss":0,"event_name":"World of Goop","floor":8,"gold_loss":0},{"damage_healed":0,"gold_gain":175,"player_choice":"AGREE","damage_taken":0,"max_hp_gain":0,"max_hp_loss":0,"event_name":"Liars Game","floor":10,"gold_loss":0,"cards_obtained":["Doubt"]},{"damage_healed":0,"gold_gain":0,"player_choice":"Entered Light","damage_taken":13,"max_hp_gain":0,"max_hp_loss":0,"event_name":"Shining Light","floor":11,"gold_loss":0,"cards_upgraded":["Neutralize","Strike_G"]},{"damage_healed":0,"gold_gain":0,"player_choice":"Shed Blood","damage_taken":16,"max_hp_gain":5,"max_hp_loss":0,"event_name":"Forgotten Altar","floor":19,"gold_loss":0},{"damage_healed":0,"gold_gain":0,"player_choice":"Inject Mutagens","damage_taken":0,"relics_obtained":["MutagenicStrength"],"max_hp_gain":0,"max_hp_loss":0,"event_name":"Drug Dealer","floor":21,"gold_loss":0},{"damage_healed":0,"gold_gain":0,"player_choice":"Read","damage_taken":0,"max_hp_gain":0,"max_hp_loss":0,"event_name":"The Library","floor":27,"gold_loss":0,"cards_obtained":["Blade Dance"]},{"damage_healed":0,"gold_gain":0,"player_choice":"Obtained Book","damage_taken":16,"max_hp_gain":0,"max_hp_loss":0,"event_name":"Cursed Tome","floor":30,"gold_loss":0},{"damage_healed":0,"gold_gain":0,"player_choice":"Got Potions","damage_taken":0,"max_hp_gain":0,"max_hp_loss":0,"event_name":"Lab","floor":36,"gold_loss":0},{"cards_removed":["Heel Hook"],"damage_healed":37,"gold_gain":0,"player_choice":"Offered Uncommon","damage_taken":0,"max_hp_gain":0,"max_hp_loss":0,"event_name":"Bonfire Elementals","floor":48,"gold_loss":0}],"is_beta":false,"boss_relics":[{"not_picked":["Fusion Hammer","Cursed Key"],"picked":"WristBlade"},{"not_picked":["Black Star","Runic Dome"],"picked":"Empty Cage"}],"items_purged_floors":[4,22],"is_endless":false,"potions_floor_spawned":[2,12,14,18,33,38,40],"ascension_level":0}}