{"host":"49c2zf0lajbcs427","time":1608202063,"event":{"mods":["AchievementEnabler","BaseMod","Colored Map","Colored Powertips","Highlight Path","Minty Spire (QoL Compilation)","Relic Stats","StSLib"],"gold_per_floor":[117,129,204,221,221,221,236,236,236],"floor_reached":8,"playtime":226,"items_purged":[],"score":89,"play_id":"59b56931-2e3c-4dd5-9cf2-9a4d5ffa17ef","local_time":"20201217234743","is_ascension_mode":true,"campfire_choices":[{"data":"CutThroughFate","floor":6.0,"key":"SMITH"}],"circlet_count":0,"master_deck":["AscendersBane","Strike_P","Strike_P","Strike_P","Strike_P","Defend_P","Defend_P","Defend_P","Defend_P","Eruption","Vigilance","CutThroughFate+1","Indignation","FollowUp","ClearTheMind"],"relics":["Sozu","Thread and Needle"],"acts_visited":["Exordium"],"potions_floor_usage":[],"damage_taken":[{"damage":0.0,"enemies":"Jaw Worm","floor":1.0,"turns":3.0},{"damage":0.0,"enemies":"2 Louse","floor":2.0,"turns":2.0},{"damage":0.0,"enemies":"Cultist","floor":4.0,"turns":2.0},{"damage":0.0,"enemies":"Large Slime","floor":7.0,"turns":2.0},{"damage":44,"enemies":"Gremlin Nob","floor":8,"turns":4}],"seed_played":"-6614562502249154949","potions_obtained":[],"is_trial":false,"path_per_floor":["M","M","?","M","?","R","M","E"],"character_chosen":"WATCHER","items_purchased":[],"campfire_rested":0,"item_purchase_floors":[],"current_hp_per_floor":[61,61,50,50,39,39,39,0,0],"gold":236,"neow_bonus":"BOSS_RELIC","is_daily":false,"chose_seed":false,"campfire_upgraded":1,"win_rate":0.0,"timestamp":1608202063,"path_taken":["M","M","?","M","?","R","M","E"],"items_purchased_type":[],"build_version":"2020-12-13","purchased_purges":0,"victory":false,"max_hp_per_floor":[68,68,68,68,68,68,68,68,68],"relic_stats":{"Sozu":1,"counters":[5,13],"obtain_stats":[{"Sozu":0,"Thread and Needle":5,"PureWater":0},{"Sozu":0,"Thread and Needle":3,"PureWater":0},{"Sozu":0,"Thread and Needle":7,"PureWater":0}]},"card_choices":[{"not_picked":["PathToVictory","EmptyBody"],"picked":"CutThroughFate","floor":1.0},{"not_picked":["Crescendo","ThirdEye"],"picked":"Indignation","floor":2.0},{"not_picked":["Crescendo","FlyingSleeves"],"picked":"FollowUp","floor":4.0},{"not_picked":["Conclude","Swivel"],"picked":"ClearTheMind","floor":7.0}],"player_experience":2105976,"relics_obtained":[],"event_choices":[{"damage_healed":0.0,"max_hp_gain":0.0,"max_hp_loss":0.0,"gold_gain":75.0,"event_name":"World of Goop","player_choice":"Gather Gold","floor":3.0,"gold_loss":0.0,"damage_taken":11.0},{"damage_healed":0.0,"max_hp_gain":0.0,"max_hp_loss":0.0,"gold_gain":0.0,"event_name":"Scrap Ooze","player_choice":"Success","floor":5.0,"gold_loss":0.0,"damage_taken":11.0,"relics_obtained":["Thread and Needle"]}],"is_beta":false,"boss_relics":[],"items_purged_floors":[],"is_endless":false,"potions_floor_spawned":[4],"killed_by":"Gremlin Nob","ascension_level":17}}