{"host":"iptgt7xajlx4idp5","time":1608173358,"event":{"mods":["BaseMod","Bestiary","Colored Map","Minty Spire (QoL Compilation)","Rare Cards Sparkle","Slay-I"],"gold_per_floor":[112,112,125,136,154,154,174,174,174,185,203,203,203,213,213,213,213],"floor_reached":16,"playtime":739,"items_purged":[],"score":96,"play_id":"19d9e46d-ee62-4628-91bb-d3d0a1a34a7c","local_time":"20201216194918","is_ascension_mode":false,"campfire_choices":[{"data":"Cleave","floor":6,"key":"SMITH"},{"data":"Armaments","floor":12,"key":"SMITH"},{"data":"Blood for Blood","floor":15,"key":"SMITH"}],"circlet_count":0,"master_deck":["Strike_R","Strike_R","Strike_R","Strike_R","Strike_R","Defend_R","Defend_R","Defend_R","Defend_R","Cleave+1","Blood for Blood+1","Ghostly Armor","Wild Strike","Armaments+1"],"relics":["Burning Blood","Mummified Hand"],"acts_visited":["Exordium"],"potions_floor_usage":[5,10,14],"damage_taken":[{"damage":6,"enemies":"2 Louse","floor":1,"turns":3},{"damage":5,"enemies":"Cultist","floor":3,"turns":4},{"damage":6,"enemies":"Jaw Worm","floor":4,"turns":5},{"damage":22,"enemies":"Exordium Thugs","floor":5,"turns":6},{"damage":11,"enemies":"Large Slime","floor":7,"turns":7},{"damage":0,"enemies":"Looter","floor":10,"turns":2},{"damage":6,"enemies":"Exordium Wildlife","floor":11,"turns":4},{"damage":5,"enemies":"Blue Slaver","floor":14,"turns":3},{"damage":68,"enemies":"Hexaghost","floor":16,"turns":12}],"seed_played":"1566865312717149298","potions_obtained":[{"floor":1,"key":"Weak Potion"},{"floor":7,"key":"Energy Potion"},{"floor":11,"key":"Dexterity Potion"},{"floor":13,"key":"Dexterity Potion"},{"floor":13,"key":"SpeedPotion"},{"floor":13,"key":"Strength Potion"},{"floor":14,"key":"SneckoOil"}],"is_trial":false,"path_per_floor":["M","?","M","M","M","R","M","?","T","M","M","R","?","M","R","B"],"character_chosen":"IRONCLAD","items_purchased":[],"campfire_rested":0,"item_purchase_floors":[],"current_hp_per_floor":[80,80,80,80,64,64,59,59,59,65,65,65,65,66,66,0,0],"gold":213,"neow_bonus":"REMOVE_CARD","is_daily":false,"chose_seed":false,"campfire_upgraded":3,"win_rate":0.0,"timestamp":1608173358,"path_taken":["M","?","M","M","?","R","M","?","T","M","M","R","?","M","R","BOSS"],"items_purchased_type":[],"build_version":"2020-12-13","purchased_purges":0,"victory":false,"max_hp_per_floor":[80,80,80,80,80,80,80,80,80,80,80,80,80,80,80,80,80],"card_choices":[{"not_picked":["Sentinel","Dark Embrace"],"picked":"Cleave","floor":1},{"not_picked":["Clothesline","Flex"],"picked":"Blood for Blood","floor":3},{"not_picked":["Perfected Strike","True Grit","Dropkick"],"picked":"SKIP","floor":4},{"not_picked":["Cleave","True Grit"],"picked":"Ghostly Armor","floor":5},{"not_picked":["Fire Breathing","Sword Boomerang"],"picked":"Wild Strike","floor":7},{"not_picked":["Pommel Strike","Body Slam","Cleave"],"picked":"SKIP","floor":10},{"not_picked":["Second Wind","Sword Boomerang"],"picked":"Armaments","floor":11},{"not_picked":["Thunderclap","Burning Pact","Wild Strike"],"picked":"SKIP","floor":14}],"player_experience":489864,"relics_obtained":[{"floor":9,"key":"Mummified Hand"}],"event_choices":[{"damage_healed":0,"gold_gain":0,"player_choice":"Bought 0 Potions","damage_taken":0,"max_hp_gain":0,"max_hp_loss":0,"event_name":"The Woman in Blue","floor":2,"gold_loss":0},{"damage_healed":0,"gold_gain":0,"player_choice":"Ignored","damage_taken":0,"max_hp_gain":0,"max_hp_loss":0,"event_name":"Shining Light","floor":8,"gold_loss":0},{"damage_healed":0,"gold_gain":0,"player_choice":"Got Potions","damage_taken":0,"max_hp_gain":0,"max_hp_loss":0,"event_name":"Lab","floor":13,"gold_loss":0}],"is_beta":false,"boss_relics":[],"items_purged_floors":[],"is_endless":false,"potions_floor_spawned":[1,7,11,14],"killed_by":"Hexaghost","ascension_level":0}}