{"host":"t7kvkl97w82750ny","time":1608221427,"event":{"mods":["2.2 Compatiblity","BaseMod","Bestiary","Minty Spire (QoL Compilation)","Permanent Neow","Relic Stats","StSLib"],"gold_per_floor":[112,112,132,152,171,204,214,214,214,242,256,269,299,313,313,385,385,402,402,1,18,31,31,62,62,62,91,105,121,71,106,106,184,184,200,245,261,275,290,290,290],"floor_reached":40,"playtime":2246,"items_purged":["Strike_R"],"score":948,"play_id":"6d330141-fba4-4b69-8bb3-8e72759b25c2","local_time":"20201217171027","is_ascension_mode":true,"campfire_choices":[{"floor":8.0,"key":"REST"},{"data":"Spot Weakness","floor":15.0,"key":"SMITH"},{"data":"Disarm","floor":23.0,"key":"SMITH"},{"data":"Shockwave","floor":25.0,"key":"SMITH"},{"data":"True Grit","floor":32.0,"key":"SMITH"}],"circlet_count":0,"master_deck":["AscendersBane","Strike_R","Strike_R","Strike_R","Defend_R","Defend_R","Defend_R+1","Defend_R","Bash+1","Offering","Sword Boomerang","Clothesline","Flame Barrier","Disarm+1","Cleave","Spot Weakness+1","Immolate","Burning Pact","Shockwave+1","Reaper","Flame Barrier","Feel No Pain","Disarm","Feel No Pain","Clumsy","Inflame","True Grit+1","Exhume","CurseOfTheBell","True Grit"],"relics":["Burning Blood","InkBottle","Mummified Hand","Calipers","Pantograph","Cursed Key","Lantern","Vajra","Anchor","Regal Pillow","Calling Bell","Toy Ornithopter","Eternal Feather","Ginger","StoneCalendar"],"acts_visited":["Exordium","TheCity","TheBeyond"],"potions_floor_usage":[36,37,39],"damage_taken":[{"damage":4.0,"enemies":"Small Slimes","floor":1.0,"turns":4.0},{"damage":2.0,"enemies":"Jaw Worm","floor":3.0,"turns":4.0},{"damage":0.0,"enemies":"Cultist","floor":4.0,"turns":3.0},{"damage":25.0,"enemies":"Lots of Slimes","floor":5.0,"turns":7.0},{"damage":19.0,"enemies":"Gremlin Nob","floor":6.0,"turns":4.0},{"damage":10.0,"enemies":"Looter","floor":7.0,"turns":3.0},{"damage":41.0,"enemies":"Lagavulin","floor":10.0,"turns":9.0},{"damage":3.0,"enemies":"Red Slaver","floor":11.0,"turns":4.0},{"damage":0.0,"enemies":"2 Fungi Beasts","floor":12.0,"turns":2.0},{"damage":13.0,"enemies":"3 Sentries","floor":13.0,"turns":4.0},{"damage":6.0,"enemies":"Looter","floor":14.0,"turns":3.0},{"damage":22.0,"enemies":"Hexaghost","floor":16.0,"turns":9.0},{"damage":28.0,"enemies":"2 Thieves","floor":18.0,"turns":3.0},{"damage":25.0,"enemies":"Spheric Guardian","floor":21.0,"turns":5.0},{"damage":2.0,"enemies":"Centurion and Healer","floor":22.0,"turns":10.0},{"damage":20.0,"enemies":"Book of Stabbing","floor":24.0,"turns":5.0},{"damage":18.0,"enemies":"Gremlin Leader","floor":27.0,"turns":5.0},{"damage":6.0,"enemies":"Cultist and Chosen","floor":28.0,"turns":6.0},{"damage":18.0,"enemies":"Shelled Parasite and Fungi","floor":29.0,"turns":5.0},{"damage":16.0,"enemies":"Book of Stabbing","floor":31.0,"turns":6.0},{"damage":66.0,"enemies":"Champ","floor":33.0,"turns":19.0},{"damage":20.0,"enemies":"Orb Walker","floor":35.0,"turns":5.0},{"damage":71,"enemies":"2 Orb Walkers","floor":36,"turns":6},{"damage":2,"enemies":"3 Shapes","floor":37,"turns":7},{"damage":24,"enemies":"Sphere and 2 Shapes","floor":38,"turns":6},{"damage":33,"enemies":"Maw","floor":39,"turns":10},{"damage":54,"enemies":"Giant Head","floor":40,"turns":8}],"seed_played":"2562484748160348320","potions_obtained":[{"floor":4.0,"key":"Dexterity Potion"},{"floor":5.0,"key":"DistilledChaos"},{"floor":14.0,"key":"DuplicationPotion"},{"floor":16.0,"key":"Energy Potion"},{"floor":18.0,"key":"EntropicBrew"},{"floor":22.0,"key":"Swift Potion"},{"floor":24.0,"key":"Swift Potion"},{"floor":33.0,"key":"DuplicationPotion"},{"floor":35.0,"key":"Dexterity Potion"},{"floor":36,"key":"FearPotion"},{"floor":38,"key":"DistilledChaos"}],"is_trial":false,"path_per_floor":["M","?","M","M","M","E","M","R","T","E","M","M","E","M","R","B",null,"M","?","$","M","M","R","E","R","T","E","M","M","?","E","R","B",null,"M","?","M","M","M","E"],"character_chosen":"IRONCLAD","items_purchased":["Feel No Pain","Lantern","Disarm"],"campfire_rested":1,"item_purchase_floors":[20,20,20],"current_hp_per_floor":[68,48,52,58,39,26,22,42,42,7,10,16,9,9,9,18,56,54,54,54,35,47,47,41,41,41,60,67,68,68,68,68,21,56,51,9,28,47,35,0,0],"gold":290,"neow_bonus":"THREE_RARE_CARDS","is_daily":false,"chose_seed":false,"campfire_upgraded":4,"win_rate":0.0,"timestamp":1608221427,"path_taken":["M","?","M","M","M","E","M","R","T","E","M","M","E","M","R","BOSS","M","?","$","M","?","R","E","R","T","E","?","M","?","E","R","BOSS","M","?","M","M","M","E"],"items_purchased_type":["Card","Relic","Card"],"build_version":"2020-12-13","purchased_purges":1,"victory":false,"max_hp_per_floor":[68,68,68,68,68,68,68,68,68,68,68,68,68,68,68,68,68,68,68,68,68,68,68,68,68,68,68,68,68,68,68,68,68,68,68,68,68,68,68,68,68],"relic_stats":{"Regal Pillow":0,"counters":[27,162],"Mummified Hand":[44],"Pantograph":25,"Eternal Feather":0,"StoneCalendar":[126],"Ginger":[7],"Cursed Key":1,"obtain_stats":[{"Lantern":20,"Regal Pillow":31,"Calipers":10,"Vajra":24,"Eternal Feather":34,"StoneCalendar":36,"Ginger":34,"Cursed Key":17,"Burning Blood":0,"Calling Bell":34,"Anchor":27,"Mummified Hand":9,"Pantograph":13,"InkBottle":6,"Toy Ornithopter":34},{"Lantern":13,"Regal Pillow":20,"Calipers":7,"Vajra":16,"Eternal Feather":21,"StoneCalendar":23,"Ginger":21,"Cursed Key":12,"Burning Blood":0,"Calling Bell":21,"Anchor":17,"Mummified Hand":6,"Pantograph":10,"InkBottle":5,"Toy Ornithopter":21},{"Lantern":59,"Regal Pillow":101,"Calipers":34,"Vajra":79,"Eternal Feather":120,"StoneCalendar":131,"Ginger":120,"Cursed Key":56,"Burning Blood":0,"Calling Bell":120,"Anchor":84,"Mummified Hand":25,"Pantograph":44,"InkBottle":22,"Toy Ornithopter":120}],"Burning Blood":147,"InkBottle":[41],"Toy Ornithopter":15},"card_choices":[{"not_picked":["Berserk","Limit Break"],"picked":"Offering","floor":0.0},{"not_picked":["Havoc","Ghostly Armor"],"picked":"Sword Boomerang","floor":1.0},{"not_picked":["Twin Strike","Searing Blow"],"picked":"Clothesline","floor":3.0},{"not_picked":["Pommel Strike","Heavy Blade"],"picked":"Flame Barrier","floor":4.0},{"not_picked":["Headbutt","Reckless Charge"],"picked":"Disarm","floor":5.0},{"not_picked":["Rampage","Thunderclap"],"picked":"Cleave","floor":6.0},{"not_picked":["Thunderclap","Clothesline","Cleave"],"picked":"SKIP","floor":7.0},{"not_picked":["Anger","Sword Boomerang"],"picked":"Spot Weakness","floor":10.0},{"not_picked":["Hemokinesis","Clash"],"picked":"Immolate","floor":11.0},{"not_picked":["Flex","Bloodletting"],"picked":"Burning Pact","floor":12.0},{"not_picked":["Intimidate","Second Wind","Thunderclap"],"picked":"SKIP","floor":13.0},{"not_picked":["Carnage","Infernal Blade"],"picked":"Shockwave","floor":14.0},{"not_picked":["Barricade","Limit Break"],"picked":"Reaper","floor":16.0},{"not_picked":["Body Slam","Metallicize"],"picked":"Flame Barrier","floor":18.0},{"not_picked":["Perfected Strike","Thunderclap","Iron Wave"],"picked":"SKIP","floor":21.0},{"not_picked":["Reckless Charge","Pommel Strike+1","Twin Strike"],"picked":"SKIP","floor":22.0},{"not_picked":["Iron Wave","Perfected Strike"],"picked":"Feel No Pain","floor":24.0},{"not_picked":["Heavy Blade","Clothesline"],"picked":"Inflame","floor":27.0},{"not_picked":["Inflame","Reckless Charge","Second Wind"],"picked":"SKIP","floor":28.0},{"not_picked":["Sentinel","Cleave","Heavy Blade"],"picked":"SKIP","floor":29.0},{"not_picked":["Second Wind+1","Berserk"],"picked":"True Grit","floor":31.0},{"not_picked":["Bludgeon","Barricade"],"picked":"Exhume","floor":33.0},{"not_picked":["Armaments","Infernal Blade"],"picked":"True Grit","floor":35.0},{"not_picked":["Warcry","Dropkick","Uppercut"],"picked":"SKIP","floor":37},{"not_picked":["Clothesline","Perfected Strike+1","Rampage"],"picked":"SKIP","floor":38},{"not_picked":["Wild Strike+1","Heavy Blade+1","Cleave"],"picked":"SKIP","floor":39}],"player_experience":1202040,"relics_obtained":[{"floor":6.0,"key":"InkBottle"},{"floor":9.0,"key":"Mummified Hand"},{"floor":10.0,"key":"Calipers"},{"floor":13.0,"key":"Pantograph"},{"floor":24.0,"key":"Vajra"},{"floor":27.0,"key":"Anchor"},{"floor":31.0,"key":"Regal Pillow"},{"floor":34.0,"key":"Toy Ornithopter"},{"floor":34.0,"key":"Eternal Feather"},{"floor":34.0,"key":"Ginger"},{"floor":36,"key":"StoneCalendar"}],"event_choices":[{"damage_healed":0.0,"max_hp_gain":0.0,"max_hp_loss":0.0,"gold_gain":0.0,"event_name":"Shining Light","player_choice":"Entered Light","floor":2.0,"gold_loss":0.0,"damage_taken":20.0,"cards_upgraded":["Bash","Defend_R"]},{"cards_removed":["Strike_R"],"damage_healed":0.0,"max_hp_gain":0.0,"max_hp_loss":0.0,"gold_gain":0.0,"event_name":"Purifier","player_choice":"Purged","floor":19.0,"gold_loss":0.0,"damage_taken":0.0},{"damage_healed":0.0,"max_hp_gain":0.0,"max_hp_loss":0.0,"gold_gain":0.0,"event_name":"The Joust","player_choice":"Bet on Murderer","floor":30.0,"gold_loss":50.0,"damage_taken":0.0},{"damage_healed":0,"gold_gain":0,"player_choice":"Fight","damage_taken":0,"max_hp_gain":0,"max_hp_loss":0,"event_name":"Mysterious Sphere","floor":36,"gold_loss":0}],"is_beta":false,"boss_relics":[{"not_picked":["SacredBark","Pandora\u0027s Box"],"picked":"Cursed Key"},{"not_picked":["Astrolabe","Sozu"],"picked":"Calling Bell"}],"items_purged_floors":[20],"is_endless":false,"potions_floor_spawned":[4,5,14,16,18,21,22,24,33,35,36,38],"killed_by":"Giant Head","ascension_level":20}}