{"host":"fuszjwm6fqgjjp4d","time":1608191909,"event":{"mods":["BaseMod","Bestiary","Colored Map","DeckTracker","Minty Spire (QoL Compilation)","Permanent Neow","Relic Sorter","Relic Stats","StSLib"],"gold_per_floor":[117,131,141,141,101,101,133,133,133,146,146,146,166,187,187,187,187],"floor_reached":16,"playtime":670,"items_purged":[],"score":204,"play_id":"8d577291-ac71-494b-b6a8-ecff08a10503","local_time":"20201217015829","is_ascension_mode":true,"campfire_choices":[{"data":"Noxious Fumes","floor":6.0,"key":"SMITH"},{"data":"Blade Dance","floor":8.0,"key":"SMITH"},{"data":"After Image","floor":11.0,"key":"SMITH"},{"floor":15,"key":"REST"}],"circlet_count":0,"master_deck":["AscendersBane","Strike_G","Strike_G","Strike_G","Strike_G","Strike_G","Defend_G","Defend_G","Defend_G","Defend_G","Defend_G","Survivor","Neutralize","After Image+1","Noxious Fumes+1","PiercingWail","Malaise","Blade Dance+1","Finisher","Cloak And Dagger","Deflect","Calculated Gamble"],"relics":["Ring of the Snake","Blue Candle","Sundial","Golden Idol"],"acts_visited":["Exordium"],"potions_floor_usage":[14],"damage_taken":[{"damage":3.0,"enemies":"2 Louse","floor":1.0,"turns":3.0},{"damage":0.0,"enemies":"Jaw Worm","floor":2.0,"turns":5.0},{"damage":3.0,"enemies":"Cultist","floor":3.0,"turns":6.0},{"damage":0.0,"enemies":"Looter","floor":5.0,"turns":4.0},{"damage":31.0,"enemies":"Lagavulin","floor":7.0,"turns":7.0},{"damage":13.0,"enemies":"Gremlin Gang","floor":10.0,"turns":6.0},{"damage":0.0,"enemies":"Lots of Slimes","floor":13.0,"turns":6.0},{"damage":0,"enemies":"Red Slaver","floor":14,"turns":5},{"damage":22,"enemies":"Slime Boss","floor":16,"turns":11}],"seed_played":"-2862594080921526484","potions_obtained":[{"floor":3.0,"key":"SkillPotion"},{"floor":7.0,"key":"Fire Potion"},{"floor":10.0,"key":"SpeedPotion"},{"floor":13.0,"key":"Ancient Potion"}],"is_trial":false,"path_per_floor":["M","M","M","?","M","R","E","R","T","M","R","?","M","M","R","B"],"character_chosen":"THE_SILENT","items_purchased":[],"campfire_rested":1,"item_purchase_floors":[],"current_hp_per_floor":[56,56,53,53,53,53,22,22,22,9,9,9,9,9,25,3,3],"gold":187,"neow_bonus":"THREE_RARE_CARDS","is_daily":false,"chose_seed":false,"campfire_upgraded":3,"win_rate":0.0,"timestamp":1608191909,"path_taken":["M","M","M","?","M","R","E","R","T","M","R","?","M","M","R","BOSS"],"items_purchased_type":[],"build_version":"2020-12-13","purchased_purges":0,"victory":false,"max_hp_per_floor":[60,60,60,60,60,60,60,60,60,60,60,54,54,54,54,54,54],"relic_stats":{"counters":[9,53],"Sundial":[2],"Golden Idol":8,"Blue Candle":[0],"obtain_stats":[{"Sundial":9,"Golden Idol":12,"Blue Candle":7,"Ring of the Snake":0},{"Sundial":5,"Golden Idol":6,"Blue Candle":5,"Ring of the Snake":0},{"Sundial":25,"Golden Idol":31,"Blue Candle":25,"Ring of the Snake":0}],"Ring of the Snake":[18]},"card_choices":[{"not_picked":["Grand Finale","Tools of the Trade"],"picked":"After Image","floor":0.0},{"not_picked":["Underhanded Strike","Deflect"],"picked":"Noxious Fumes","floor":1.0},{"not_picked":["Dodge and Roll","Prepared"],"picked":"PiercingWail","floor":2.0},{"not_picked":["Slice","Prepared"],"picked":"Malaise","floor":3.0},{"not_picked":["PiercingWail","Poisoned Stab"],"picked":"Blade Dance","floor":5.0},{"not_picked":["Sucker Punch","Tactician"],"picked":"Finisher","floor":7.0},{"not_picked":["Prepared","Reflex"],"picked":"Cloak And Dagger","floor":10.0},{"not_picked":["Concentrate","Reflex"],"picked":"Deflect","floor":13.0},{"not_picked":["Slice","Endless Agony"],"picked":"Calculated Gamble","floor":14}],"player_experience":1167710,"relics_obtained":[{"floor":7.0,"key":"Blue Candle"},{"floor":9.0,"key":"Sundial"}],"event_choices":[{"damage_healed":0.0,"max_hp_gain":0.0,"max_hp_loss":0.0,"gold_gain":0.0,"event_name":"Scrap Ooze","player_choice":"Fled","floor":4.0,"gold_loss":0.0,"damage_taken":0.0},{"damage_healed":0.0,"max_hp_gain":0.0,"max_hp_loss":6.0,"gold_gain":0.0,"event_name":"Golden Idol","player_choice":"Lose Max HP","floor":12.0,"gold_loss":0.0,"damage_taken":0.0,"relics_obtained":["Golden Idol"]}],"is_beta":false,"boss_relics":[],"items_purged_floors":[],"is_endless":false,"potions_floor_spawned":[3,7,10,13],"killed_by":"Slime Boss","ascension_level":20}}