{"host":"4qt77pm52ljaz00q","time":1608216532,"event":{"mods":["2.2 Compatiblity","Aspiration","Bard","BaseMod","Beaked The Cultist","Challenge The Spire","ChefMod","Colored Map","Conspire","Friendly Minions","Glutton Mod","Halation","Hermit","Hubris","Infinite Spire","Jedi Mod","Marisa????????","Minty Spire (QoL Compilation)","Permanent Neow","Relic Sorter","Replay The Spire","Robot Space Explorer","Shade Mod","Shop Mod","StSLib","The Bug Knight","The Construct","The Disciple","The Dragon Tamer","The Jungle","The Mystic","The Poker Player","The Runesmith","The Servant 0.9.4","Unknown Chances","Wandering Minibosses","vexMod"],"gold_per_floor":[118,118,22,40,40,71,36,111,111,121,154,154,154,139,139,241,241,256,256,256],"floor_reached":19,"playtime":744,"items_purged":[],"score":173,"play_id":"eea2879e-a5e7-493f-b18a-2af628785fb2","local_time":"20201217094852","is_ascension_mode":false,"campfire_choices":[],"circlet_count":0,"master_deck":["Strike_Br","Strike_Br","Strike_Br","Strike_Br","Defend_Br","Defend_Br","Defend_Br","SecondHand+1","PatternShift","Engulf","Break","PrimeTime","LockedTurtyl","Grave","ResonantCall","BlueShift","BeatsPerMinute","OldTimer","LockedCalendar","Allargando","Allargando"],"relics":["Chronometer","jedi:HeartOfTheCards","Darkstone Periapt","aspiration:ArtOfWarUpgrade","hubris:EvacipatedBox"],"acts_visited":["Exordium","TheCity"],"potions_floor_usage":[11,16,19,19,19],"damage_taken":[{"damage":2,"enemies":"Small Slimes","floor":1,"turns":4},{"damage":1,"enemies":"Cultist","floor":4,"turns":3},{"damage":25,"enemies":"Lagavulin","floor":6,"turns":10},{"damage":5,"enemies":"2 Louse","floor":10,"turns":4},{"damage":6,"enemies":"Gremlin Nob","floor":11,"turns":5},{"damage":0,"enemies":"Looter","floor":14,"turns":3},{"damage":10,"enemies":"Hexaghost","floor":16,"turns":8},{"damage":29,"enemies":"Chosen","floor":18,"turns":9},{"damage":45,"enemies":"3 Byrds","floor":19,"turns":5}],"seed_played":"1561337495411320899","potions_obtained":[{"floor":4,"key":"Fruit Juice"},{"floor":11,"key":"SpeedPotion"},{"floor":16,"key":"EntropicBrew"}],"is_trial":false,"path_per_floor":["M","?","$","M","T","E","?","?","T","M","E","R","$","M","R","B",null,"M","M"],"character_chosen":"CHRONO_CLASS","items_purchased":["Tempo","PrimeTime","hubris:EvacipatedBox"],"campfire_rested":0,"item_purchase_floors":[3,3,13],"current_hp_per_floor":[63,63,63,62,62,37,53,42,42,37,36,36,17,17,17,7,70,41,0,0],"gold":256,"neow_bonus":"UPGRADE_CARD","is_daily":false,"chose_seed":false,"campfire_upgraded":0,"win_rate":0.0,"timestamp":1608216532,"path_taken":["M","?","$","?","?","E","?","?","T","?","E","R","?","M","R","BOSS","M","M"],"items_purchased_type":["Card","Card","Relic"],"build_version":"2020-12-13","purchased_purges":0,"victory":false,"max_hp_per_floor":[65,65,65,65,65,65,65,65,65,65,70,70,70,70,70,70,70,70,70,70],"card_choices":[{"not_picked":["AlternateTimeline","WindUp"],"picked":"Engulf","floor":1},{"not_picked":["Echoward","VestedLegacy"],"picked":"LockedTurtyl","floor":4},{"not_picked":["BeatsPerMinute","LockedTornado"],"picked":"ResonantCall","floor":6},{"not_picked":["LockedScales","PrimeTime"],"picked":"BlueShift","floor":10},{"not_picked":["LockedScales","LockedPlans"],"picked":"BeatsPerMinute","floor":11},{"not_picked":["WindUp","Analog"],"picked":"OldTimer","floor":14},{"not_picked":["LockedFlame","LockedAstrolabe"],"picked":"LockedCalendar","floor":16},{"not_picked":["FormalWear","WindUp"],"picked":"Tempo","floor":18}],"player_experience":196711,"relics_obtained":[{"floor":6,"key":"jedi:HeartOfTheCards"},{"floor":9,"key":"Darkstone Periapt"},{"floor":11,"key":"Art of War"}],"event_choices":[{"damage_healed":0,"gold_gain":0,"cards_transformed":["Defend_Br"],"player_choice":"Transformed","damage_taken":0,"max_hp_gain":0,"max_hp_loss":0,"event_name":"Transmorgrifier","floor":2,"gold_loss":0,"cards_obtained":["Break"]},{"damage_healed":16,"gold_gain":0,"player_choice":"Healed","damage_taken":0,"max_hp_gain":0,"max_hp_loss":0,"event_name":"The Cleric","floor":7,"gold_loss":35},{"damage_healed":0,"gold_gain":75,"player_choice":"Gather Gold","damage_taken":11,"max_hp_gain":0,"max_hp_loss":0,"event_name":"World of Goop","floor":8,"gold_loss":0}],"is_beta":false,"boss_relics":[{"not_picked":["vexMod:NewClearReactor","Runic Pyramid","aspiration:FutureDiary","halation:ForbiddenBikini"]}],"items_purged_floors":[],"is_endless":false,"potions_floor_spawned":[4,11,16],"killed_by":"3 Byrds","ascension_level":0}}