{"host":"we8ay8el3o9pwc2d","time":1608241483,"event":{"mods":["Act Like it!","Aspiration","BaseMod","BetterRewards","Colored Map","Conspire","Elementarium","GungeonMod","Minty Spire (QoL Compilation)","StSLib","The Jungle"],"gold_per_floor":[109,119,132,132,132,157,170,170,170,185,214,214,44,60,60,162,162,180,180,180,200,29,60,60,60,60,60,74,85,85,205,205,310,310,323,323,336,336,348,348,361,361,432,432,432,452,452,327,327,327,327,327,38,72,72],"floor_reached":56,"playtime":2957,"items_purged":["Parasite","Pain","Shame"],"score":1440,"play_id":"dd9b1c8e-3156-4199-98be-8bab9c335f1d","local_time":"20201217144443","is_ascension_mode":false,"campfire_choices":[{"floor":8.0,"key":"REST"},{"floor":15.0,"key":"RECALL"},{"data":"conspire:SharedLibrary","floor":24,"key":"SMITH"},{"data":"Gash","floor":27,"key":"SMITH"},{"data":"Static Discharge","floor":30,"key":"SMITH"},{"data":"Gash","floor":32,"key":"SMITH"},{"floor":40,"key":"REST"},{"data":"Thunder Strike","floor":44,"key":"SMITH"},{"data":"Panache","floor":45,"key":"SMITH"},{"data":"Zap","floor":47,"key":"SMITH"},{"data":"Loop","floor":49,"key":"SMITH"},{"data":"Streamline","floor":52,"key":"SMITH"}],"circlet_count":0,"master_deck":["conspire:GhostlyStrike","conspire:GhostlyStrike","conspire:GhostlyStrike","conspire:GhostlyStrike","conspire:GhostlyDefend","conspire:GhostlyDefend","conspire:GhostlyDefend","conspire:GhostlyDefend","Zap+1","Dualcast","Conserve Battery","Ball Lightning","Ball Lightning","Conserve Battery","Streamline+1","Electrodynamics","Gash+1","Fission+1","Loop+1","Storm","conspire:SharedLibrary+1","Core Surge","Static Discharge+1","Gash+1","Hologram+1","Cold Snap","Panache+1","Core Surge","Gash+1","Rebound+1","Thunder Strike+1","Conserve Battery+1"],"relics":["Cracked Core","DemoMod:ClearGuonStone","Bird Faced Urn","MealTicket","PreservedInsect","WarpedTongs","aspiration:Stellarator","theJungle:PaperFaux","Runic Capacitor","WingedGreaves","DemoMod:SevenLeafClover","DemoMod:RiddleOfLead","DemoMod:Relodestone","conspire:Dentures","DemoMod:AgedBell","DemoMod:Orange"],"acts_visited":["Exordium","theJungle:Jungle","TheBeyond","TheEnding"],"potions_floor_usage":[18,29,39,41,46,55],"damage_taken":[{"damage":0.0,"enemies":"Jaw Worm","floor":1.0,"turns":2.0},{"damage":0.0,"enemies":"2 Louse","floor":2.0,"turns":2.0},{"damage":0.0,"enemies":"conspire:RoseBush","floor":3.0,"turns":2.0},{"damage":7.0,"enemies":"Gremlin Nob","floor":6.0,"turns":4.0},{"damage":11.0,"enemies":"3 Louse","floor":7.0,"turns":2.0},{"damage":0.0,"enemies":"Exordium Thugs","floor":10.0,"turns":3.0},{"damage":12.0,"enemies":"conspire:MimicChest","floor":11.0,"turns":5.0},{"damage":0.0,"enemies":"2 Fungi Beasts","floor":14.0,"turns":3.0},{"damage":6,"enemies":"Slime Boss","floor":16,"turns":6},{"damage":7,"enemies":"theJungle:GiantWrat","floor":18,"turns":5},{"damage":2,"enemies":"Shell Parasite","floor":21,"turns":4},{"damage":7,"enemies":"theJungle:2_Phrogs","floor":23,"turns":5},{"damage":5,"enemies":"theJungle:SlimyTreeVines","floor":28,"turns":4},{"damage":12,"enemies":"theJungle:Lyon","floor":29,"turns":3},{"damage":18,"enemies":"theJungle:QueenSpyder","floor":33,"turns":8},{"damage":16,"enemies":"Orb Walker","floor":35,"turns":4},{"damage":24,"enemies":"3 Darklings","floor":37,"turns":3},{"damage":10,"enemies":"Jaw Worm Horde","floor":39,"turns":3},{"damage":1,"enemies":"Maw","floor":41,"turns":6},{"damage":14,"enemies":"3 Darklings","floor":46,"turns":3},{"damage":91,"enemies":"Time Eater","floor":50,"turns":7},{"damage":4,"enemies":"Shield and Spear","floor":54,"turns":4},{"damage":86,"enemies":"The Heart","floor":55,"turns":7}],"seed_played":"-8780631714104946395","potions_obtained":[{"floor":1.0,"key":"CultistPotion"},{"floor":7.0,"key":"Block Potion"},{"floor":11.0,"key":"DistilledChaos"},{"floor":16,"key":"Ancient Potion"},{"floor":23,"key":"Strength Potion"},{"floor":29,"key":"PowerPotion"},{"floor":33,"key":"LiquidBronze"},{"floor":41,"key":"ColorlessPotion"}],"is_trial":false,"path_per_floor":["M","M","M","?","?","E","M","R","T","M","?","?","$","M","R","B",null,"M","?","?","M","$","E","R","$","T","R","M","M","R","?","R","B",null,"M","?","M","?","M","R","M","?","T","R","R","M","R","$","R","B",null,"R","$","E","B",null],"character_chosen":"DEFECT","items_purchased":["DemoMod:ClearGuonStone","Conserve Battery","Ball Lightning","Storm","Runic Capacitor","Gash","DemoMod:AgedBell"],"campfire_rested":2,"item_purchase_floors":[0,0,0,13,22,22,53],"current_hp_per_floor":[43,43,43,43,43,36,27,48,48,50,40,40,55,57,57,57,72,67,67,67,72,72,66,66,72,72,72,71,62,62,52,52,44,82,66,66,48,48,44,68,81,92,92,92,92,80,80,92,92,7,92,92,92,104,24],"gold":72,"neow_bonus":"","is_daily":false,"chose_seed":false,"campfire_upgraded":9,"win_rate":0.0,"timestamp":1608241483,"path_taken":["M","M","M","?","?","E","M","R","T","M","?","?","$","?","R","BOSS","M","?","?","M","$","E","R","$","T","R","?","M","R","?","R","BOSS","M","?","M","?","?","R","M","?","T","R","R","?","R","$","R","BOSS","R","$","E","BOSS"],"items_purchased_type":["Relic","Card","Card","Card","Relic","Card","Relic"],"build_version":"2020-12-13","purchased_purges":3,"victory":true,"max_hp_per_floor":[72,72,72,72,72,72,72,72,72,72,72,72,72,72,72,72,72,72,72,72,72,72,72,72,72,72,72,72,72,72,72,72,72,82,82,82,82,82,82,82,82,92,92,92,92,92,92,92,92,92,92,92,92,104,104],"card_choices":[{"not_picked":["Ball Lightning","Turbo"],"picked":"Conserve Battery","floor":1.0},{"not_picked":["Ball Lightning","Barrage"],"picked":"Streamline","floor":2.0},{"not_picked":["Streamline","Turbo","Redo"],"picked":"SKIP","floor":3.0},{"not_picked":["Sunder","Barrage"],"picked":"Electrodynamics","floor":6.0},{"not_picked":["Sweeping Beam","Streamline"],"picked":"Gash","floor":7.0},{"not_picked":["Double Energy","Lockon"],"picked":"Fission","floor":10.0},{"not_picked":["Auto Shields","Go for the Eyes"],"picked":"Loop","floor":11.0},{"not_picked":["Heatsinks","Blizzard"],"picked":"conspire:SharedLibrary","floor":14.0},{"not_picked":["Amplify","All For One"],"picked":"Core Surge","floor":16},{"not_picked":["Sunder","Auto Shields"],"picked":"Static Discharge","floor":18},{"not_picked":["Ball Lightning","Compile Driver","conspire:Rain+1"],"picked":"SKIP","floor":21},{"not_picked":["Consume","Recycle","Rip and Tear+1"],"picked":"SKIP","floor":23},{"not_picked":["Blizzard+1","Conserve Battery"],"picked":"Hologram+1","floor":28},{"not_picked":["Reinforced Body","Go for the Eyes","Auto Shields"],"picked":"SKIP","floor":29},{"not_picked":["Core Surge","Rainbow"],"picked":"Echo Form","floor":33},{"not_picked":["Gash","Skim+1"],"picked":"Cold Snap","floor":35},{"not_picked":["Metamorphosis","Blind"],"picked":"Panache","floor":36},{"not_picked":["Go for the Eyes","Ball Lightning","Streamline+1"],"picked":"SKIP","floor":37},{"not_picked":["Conserve Battery+1","Lockon"],"picked":"Gash+1","floor":39},{"not_picked":["Steam","Conserve Battery"],"picked":"Rebound+1","floor":41},{"not_picked":["Amplify","Electrodynamics"],"picked":"Thunder Strike","floor":43},{"not_picked":["Steam","Self Repair"],"picked":"Conserve Battery+1","floor":46},{"not_picked":["Sweeping Beam","Storm+1","Self Repair"],"picked":"SKIP","floor":54}],"player_experience":1773306,"relics_obtained":[{"floor":6.0,"key":"MealTicket"},{"floor":11.0,"key":"PreservedInsect"},{"floor":23,"key":"WingedGreaves"},{"floor":26,"key":"DemoMod:SevenLeafClover"},{"floor":43,"key":"DemoMod:Relodestone"},{"floor":43,"key":"conspire:Dentures"},{"floor":54,"key":"DemoMod:Orange"}],"event_choices":[{"damage_healed":0.0,"max_hp_gain":0.0,"max_hp_loss":0.0,"gold_gain":0.0,"event_name":"The Cleric","player_choice":"Leave","floor":4.0,"gold_loss":0.0,"damage_taken":0.0},{"damage_healed":0.0,"max_hp_gain":0.0,"max_hp_loss":0.0,"gold_gain":0.0,"event_name":"conspire:LoneGhost","player_choice":"Agree","floor":5.0,"gold_loss":0.0,"damage_taken":0.0},{"damage_healed":0.0,"max_hp_gain":0.0,"max_hp_loss":0.0,"gold_gain":0.0,"event_name":"Accursed Blacksmith","player_choice":"Rummage","floor":12.0,"gold_loss":0.0,"damage_taken":0.0,"relics_obtained":["WarpedTongs"],"cards_obtained":["Pain"]},{"damage_healed":0,"gold_gain":0,"player_choice":"Upgraded","damage_taken":0,"max_hp_gain":0,"max_hp_loss":0,"event_name":"Upgrade Shrine","floor":20,"gold_loss":0,"cards_upgraded":["Fission"]},{"damage_healed":0,"gold_gain":0,"player_choice":"Memory 1","damage_taken":0,"max_hp_gain":0,"max_hp_loss":0,"event_name":"SensoryStone","floor":36,"gold_loss":0},{"damage_healed":0,"gold_gain":0,"player_choice":"Copied","damage_taken":0,"max_hp_gain":0,"max_hp_loss":0,"event_name":"Duplicator","floor":38,"gold_loss":0,"cards_obtained":["Core Surge"]},{"cards_removed":["Echo Form"],"damage_healed":1,"gold_gain":0,"player_choice":"Offered Rare","damage_taken":0,"max_hp_gain":10,"max_hp_loss":0,"event_name":"Bonfire Elementals","floor":42,"gold_loss":0}],"is_beta":false,"boss_relics":[{"not_picked":["aspiration:SilentSkillbook","aspiration:FutureDiary"],"picked":"aspiration:Stellarator"},{"not_picked":["SacredBark","Nuclear Battery"],"picked":"DemoMod:RiddleOfLead"}],"items_purged_floors":[0,13,48],"is_endless":false,"potions_floor_spawned":[1,7,11,16,23,29,33,41],"ascension_level":0}}