{"host":"foq4mrde4mssg7vt","time":1608211424,"event":{"mods":["AchievementEnabler","BaseMod","Colored Map","Colored Powertips","Highlight Path","Minty Spire (QoL Compilation)","Relic Stats","everything is the same but u backflip on backflip"],"gold_per_floor":[119,69,82,157,22,22,56,56,81,81,111,122,122,151,151,250,250,266,266,282,309,309,309,309],"floor_reached":23,"playtime":662,"items_purged":[],"score":308,"play_id":"e982b680-c4ca-4c47-b426-1e054b64acb0","local_time":"20201217212344","is_ascension_mode":true,"campfire_choices":[{"data":"Bash","floor":6.0,"key":"SMITH"},{"data":"Twin Strike","floor":8.0,"key":"SMITH"},{"data":"Spot Weakness","floor":13.0,"key":"SMITH"},{"data":"Cleave","floor":15.0,"key":"SMITH"}],"circlet_count":0,"master_deck":["AscendersBane","Strike_R","Defend_R","Defend_R","Defend_R","Defend_R","Bash+1","Wild Strike","Twin Strike+1","Feel No Pain","Headbutt","Spot Weakness+1","Cleave+1","Feed","Burning Pact","Flame Barrier","Inflame","Impervious"],"relics":["Burning Blood","Vajra","Pen Nib","Lantern","Matryoshka","Dream Catcher","Snecko Eye","Red Mask"],"acts_visited":["Exordium","TheCity"],"potions_floor_usage":[23],"damage_taken":[{"damage":10.0,"enemies":"Small Slimes","floor":1.0,"turns":3.0},{"damage":6.0,"enemies":"Jaw Worm","floor":3.0,"turns":4.0},{"damage":25.0,"enemies":"Lagavulin","floor":7.0,"turns":5.0},{"damage":22.0,"enemies":"3 Sentries","floor":11.0,"turns":7.0},{"damage":0.0,"enemies":"Cultist","floor":12.0,"turns":2.0},{"damage":29.0,"enemies":"Gremlin Nob","floor":14.0,"turns":4.0},{"damage":23.0,"enemies":"Hexaghost","floor":16.0,"turns":8.0},{"damage":2.0,"enemies":"Chosen","floor":18.0,"turns":3.0},{"damage":22,"enemies":"2 Thieves","floor":20,"turns":3},{"damage":0,"enemies":"Masked Bandits","floor":21,"turns":3},{"damage":67,"enemies":"Slavers","floor":23,"turns":5}],"seed_played":"-5591973159046973137","potions_obtained":[{"floor":1.0,"key":"Fire Potion"},{"floor":7.0,"key":"Regen Potion"},{"floor":11.0,"key":"BloodPotion"},{"floor":14.0,"key":"PowerPotion"},{"floor":18.0,"key":"Energy Potion"},{"floor":21,"key":"SpeedPotion"}],"is_trial":false,"path_per_floor":["M","?","M","?","$","R","E","R","T","?","E","M","R","E","R","B",null,"M","?","M","?","?","E"],"character_chosen":"IRONCLAD","items_purchased":["Twin Strike","Feel No Pain","Headbutt"],"campfire_rested":0,"item_purchase_floors":[5,5,5],"current_hp_per_floor":[68,68,68,57,57,57,38,38,38,35,34,40,40,17,17,16,64,68,68,55,64,64,0,0],"gold":309,"neow_bonus":"RANDOM_COMMON_RELIC","is_daily":false,"chose_seed":false,"campfire_upgraded":4,"win_rate":0.0,"timestamp":1608211424,"path_taken":["M","?","M","?","$","R","E","R","T","?","E","M","R","E","R","BOSS","M","?","?","?","?","E"],"items_purchased_type":["Card","Card","Card"],"build_version":"2020-12-13","purchased_purges":0,"victory":false,"max_hp_per_floor":[80,80,80,80,80,80,80,80,80,80,80,80,80,80,80,80,80,80,80,83,86,86,86,86],"relic_stats":{"Dream Catcher":0,"counters":[11,47],"Snecko Eye":[22,27,21,23],"Pen Nib":[5],"obtain_stats":[{"Lantern":9,"Dream Catcher":14,"Matryoshka":10,"Vajra":0,"Snecko Eye":17,"Pen Nib":7,"Red Mask":21,"Burning Blood":0},{"Lantern":3,"Dream Catcher":6,"Matryoshka":3,"Vajra":0,"Snecko Eye":7,"Pen Nib":3,"Red Mask":10,"Burning Blood":0},{"Lantern":12,"Dream Catcher":25,"Matryoshka":12,"Vajra":0,"Snecko Eye":33,"Pen Nib":12,"Red Mask":42,"Burning Blood":0}],"Burning Blood":60},"card_choices":[{"not_picked":["Entrench","Flex"],"picked":"Wild Strike","floor":1.0},{"not_picked":["Clash","Havoc","Entrench"],"picked":"SKIP","floor":3.0},{"not_picked":["Carnage","Double Tap"],"picked":"Spot Weakness","floor":7.0},{"not_picked":["Thunderclap","Burning Pact"],"picked":"Cleave","floor":11.0},{"not_picked":["Sword Boomerang","Thunderclap","Havoc"],"picked":"SKIP","floor":12.0},{"not_picked":["Cleave","Rampage","Sword Boomerang"],"picked":"SKIP","floor":14.0},{"not_picked":["Exhume","Brutality"],"picked":"Feed","floor":16.0},{"not_picked":["Intimidate+1","Clash","Cleave+1"],"picked":"SKIP","floor":18.0},{"not_picked":["Warcry+1","Second Wind","Battle Trance+1"],"picked":"SKIP","floor":20},{"not_picked":["Sword Boomerang","Seeing Red"],"picked":"Flame Barrier","floor":21}],"player_experience":191157,"relics_obtained":[{"floor":7.0,"key":"Pen Nib"},{"floor":9.0,"key":"Lantern"},{"floor":14.0,"key":"Dream Catcher"},{"floor":21,"key":"Red Mask"}],"event_choices":[{"cards_removed":["Strike_R"],"damage_healed":0.0,"max_hp_gain":0.0,"max_hp_loss":0.0,"gold_gain":0.0,"event_name":"The Cleric","player_choice":"Card Removal","floor":2.0,"gold_loss":50.0,"damage_taken":0.0},{"damage_healed":0.0,"max_hp_gain":0.0,"max_hp_loss":0.0,"gold_gain":75.0,"event_name":"World of Goop","player_choice":"Gather Gold","floor":4.0,"gold_loss":0.0,"damage_taken":11.0},{"damage_healed":0.0,"max_hp_gain":0.0,"max_hp_loss":0.0,"gold_gain":0.0,"event_name":"Scrap Ooze","player_choice":"Success","floor":10.0,"gold_loss":0.0,"damage_taken":3.0,"relics_obtained":["Matryoshka"]},{"damage_healed":0.0,"max_hp_gain":0.0,"max_hp_loss":0.0,"gold_gain":0.0,"cards_transformed":["Strike_R"],"event_name":"Transmorgrifier","player_choice":"Transformed","floor":19.0,"gold_loss":0.0,"damage_taken":0.0,"cards_obtained":["Burning Pact"]},{"damage_healed":0,"gold_gain":0,"player_choice":"Fought Bandits","damage_taken":0,"max_hp_gain":0,"max_hp_loss":0,"event_name":"Masked Bandits","floor":21,"gold_loss":0},{"damage_healed":0,"gold_gain":0,"cards_transformed":["Strike_R","Strike_R"],"player_choice":"Became Test Subject","damage_taken":0,"max_hp_gain":0,"max_hp_loss":0,"event_name":"Drug Dealer","floor":22,"gold_loss":0,"cards_obtained":["Inflame","Impervious"]}],"is_beta":false,"boss_relics":[{"not_picked":["Mark of Pain","Black Blood"],"picked":"Snecko Eye"}],"items_purged_floors":[],"is_endless":false,"potions_floor_spawned":[1,7,11,14,18,21],"killed_by":"Slavers","ascension_level":10}}