{"host":"w67240tx264gh7zw","time":1608167852,"event":{"mods":["2.2 Compatiblity","AchievementEnabler","Aspiration","BaseMod","Better Third Choice","Block Reminder","Colored Powertips","Conspire","Hermit","Highlight Path","Hubris","Infinite Spire","Marked Mod","Minty Spire (QoL Compilation)","Quick Restart","RNG Fix","Rare Cards Sparkle","Relic Stats","Replay The Spire","Shop Mod","Spicy Shops","Spikes Relics","StSLib","The Blue Laboratory","??????REMEMod"],"gold_per_floor":[114,114,129,129,129,129,204,219,219,246,258,270,282,32,32,132,132,132,132],"floor_reached":18,"playtime":778,"items_purged":[],"score":173,"play_id":"1b7e557a-e5c0-40e3-84c5-425df976ca36","local_time":"20201216171732","daily_mods":["Specialized","Flight","Lethality"],"is_ascension_mode":false,"campfire_choices":[{"floor":6,"key":"REST"},{"floor":11,"key":"REST"},{"floor":12,"key":"REST"},{"floor":15,"key":"REST"}],"circlet_count":0,"master_deck":["Strike_B","Strike_B","Strike_B","Strike_B","Defend_B","Defend_B+1","Defend_B","Defend_B","Zap","Dualcast","Echo Form","Panic Button","Panic Button","Panic Button","Panic Button","Panic Button","Redo","ReplayTheSpireMod:Calculation Training","Injury","Glacier+1","Buffer","ReplayTheSpireMod:Calculation Training+1","Core Surge"],"relics":["Cracked Core","REME_ComplimentaryCards","Toxic Egg 2","MawBank","Nuclear Battery"],"acts_visited":["Exordium","TheCity"],"potions_floor_usage":[],"damage_taken":[{"damage":0.0,"enemies":"Small Slimes","floor":1.0,"turns":3.0},{"damage":23.0,"enemies":"Jaw Worm","floor":3.0,"turns":4.0},{"damage":22,"enemies":"infinitespire:Voidling","floor":8,"turns":3},{"damage":39,"enemies":"Exordium Wildlife","floor":10,"turns":4},{"damage":75,"enemies":"Fading Forest","floor":16,"turns":11},{"damage":77,"enemies":"3 Byrds","floor":18,"turns":3}],"seed_played":"-4230686447748436371","potions_obtained":[{"floor":1.0,"key":"Ancient Potion"},{"floor":8,"key":"blueLaboratory:PolymorphPotion"},{"floor":10,"key":"Strength Potion"}],"is_trial":false,"path_per_floor":["M","?","M","?","?","R","?","M","T","M","R","R","?","$","R","B",null,"M"],"character_chosen":"DEFECT","items_purchased":["Buffer","ReplayTheSpireMod:Calculation Training+1"],"campfire_rested":4,"item_purchase_floors":[14,14],"current_hp_per_floor":[75,75,52,52,52,74,63,41,41,2,24,46,46,46,68,3,75,0,0],"gold":132,"neow_bonus":"","is_daily":true,"chose_seed":false,"campfire_upgraded":0,"win_rate":0.0,"timestamp":1608167852,"path_taken":["M","?","?","?","?","R","?","M","T","?","R","R","?","$","R","BOSS","M"],"items_purchased_type":["Card","Card"],"build_version":"2020-12-13","purchased_purges":0,"victory":false,"max_hp_per_floor":[75,75,75,75,75,75,75,75,75,75,75,75,75,75,75,75,75,75,75],"relic_stats":{"counters":[6,28],"MawBank":60,"obtain_stats":[{"Toxic Egg 2":4,"Cracked Core":0,"MawBank":9,"REME_ComplimentaryCards":0,"Nuclear Battery":17},{"Toxic Egg 2":2,"Cracked Core":0,"MawBank":3,"REME_ComplimentaryCards":0,"Nuclear Battery":5},{"Toxic Egg 2":7,"Cracked Core":0,"MawBank":10,"REME_ComplimentaryCards":0,"Nuclear Battery":25}]},"card_choices":[{"not_picked":["Compile Driver","Coolheaded"],"picked":"Redo","floor":1.0},{"not_picked":["REME_SelfUpgrade","Aggregate"],"picked":"ReplayTheSpireMod:Calculation Training","floor":3.0},{"not_picked":["Barrage","Time Bomb+1","Scrape"],"picked":"SKIP","floor":8},{"not_picked":["REME_Compress+1","Beam Cell"],"picked":"Glacier+1","floor":10},{"not_picked":["hubris:DoWhile+1","Amplify+1"],"picked":"Core Surge","floor":16}],"player_experience":485957,"relics_obtained":[{"floor":9,"key":"MawBank"}],"event_choices":[{"damage_healed":0.0,"max_hp_gain":0.0,"max_hp_loss":0.0,"gold_gain":0.0,"event_name":"The Woman in Blue","player_choice":"Bought 0 Potions","floor":2.0,"gold_loss":0.0,"damage_taken":0.0},{"damage_healed":0,"gold_gain":75,"player_choice":"Gold","damage_taken":11,"max_hp_gain":0,"max_hp_loss":0,"event_name":"betterThird:BetterGoop","floor":7,"gold_loss":0}],"is_beta":false,"boss_relics":[{"not_picked":["hubris:RunicObelisk","infinitespire:Cupcake"],"picked":"Nuclear Battery"}],"items_purged_floors":[],"is_endless":false,"potions_floor_spawned":[1,8,10],"killed_by":"3 Byrds","ascension_level":0}}