{"host":"nez9oevwwftwepnc","time":1608186545,"event":{"mods":["AchievementEnabler","Astrologer","BaseMod","Beaked The Cultist","Better Third Choice","Colored Map","Colored Powertips","Conspire","Downfall","Energized Spire","Hermit","Infinite Spire","Mathematician","Minty Spire (QoL Compilation)","Permanent Neow","Quick Restart","Random Character Mod","Shop Mod","Spikes Relics","StSLib","The Bug Knight","The Hayseed","The Hierophant","The Mystic","The Necromancer","The Runesmith","The Senshi","The Wild Card","TheArtist","slay the spire mod where everything is the same but ironclad has a cowboy hat","thorton","vexMod"],"gold_per_floor":[112,12,12,12,30,72,72,103,174,174,60,60,86,104,104,215,215,235,235,135,162,184,184,219,47,98,129,163,163,163,178,178,190,190],"floor_reached":33,"playtime":2036,"items_purged":["conspire:GhostlyDefend","conspire:GhostlyDefend","conspire:GhostlyDefend"],"score":386,"play_id":"da7f3456-89ef-40a5-8159-91846c3187b1","local_time":"20201217012905","is_ascension_mode":true,"campfire_choices":[{"data":"Armaments","floor":7,"key":"SMITH"},{"floor":10,"key":"REST"},{"data":"Hemokinesis","floor":12,"key":"SMITH"},{"data":"Rampage","floor":15,"key":"SMITH"},{"data":"Dual Wield","floor":23,"key":"SMITH"},{"data":"RitualDagger","floor":30,"key":"SMITH"},{"floor":32,"key":"REST"}],"circlet_count":0,"master_deck":["conspire:GhostlyStrike","conspire:GhostlyStrike","conspire:GhostlyStrike","conspire:GhostlyStrike","conspire:GhostlyStrike","conspire:GhostlyDefend","Bash","Shrug It Off","conspire:SpireCoStock","Armaments+1","Clash","Dual Wield+1","Hemokinesis+1","Rampage+1","Double Tap","Cleave","Battle Trance+1","Clash","Warcry","Carnage+1","RitualDagger+1"],"relics":["Burning Blood","Guardian:PocketSentry","vexMod:FocusSash","Anchor","Sozu","Oddly Smooth Stone","Potion Belt","MealTicket","Mango"],"acts_visited":["Exordium","TheCity"],"potions_floor_usage":[6,16,16,28,28],"damage_taken":[{"damage":9,"enemies":"Jaw Worm","floor":1,"turns":3},{"damage":10,"enemies":"Small Slimes","floor":5,"turns":4},{"damage":30,"enemies":"Lagavulin","floor":6,"turns":11},{"damage":25,"enemies":"Gremlin Nob","floor":8,"turns":4},{"damage":4,"enemies":"2 Louse","floor":14,"turns":1},{"damage":18,"enemies":"Slime Boss","floor":16,"turns":6},{"damage":4,"enemies":"3 Byrds","floor":18,"turns":5},{"damage":13,"enemies":"2 Thieves","floor":22,"turns":3},{"damage":57,"enemies":"Slavers","floor":24,"turns":5},{"damage":14,"enemies":"Chosen and Byrds","floor":27,"turns":4},{"damage":2,"enemies":"Book of Stabbing","floor":28,"turns":2},{"damage":16,"enemies":"3 Cultists","floor":31,"turns":4},{"damage":47,"enemies":"conspire:MysteriousRune","floor":33,"turns":4}],"seed_played":"-5394935689043456583","potions_obtained":[{"floor":0,"key":"HeartOfIron"},{"floor":0,"key":"ColorlessPotion"},{"floor":0,"key":"DuplicationPotion"},{"floor":1,"key":"LiquidMemories"},{"floor":6,"key":"ColorlessPotion"},{"floor":16,"key":"hexamod:EctoCoolerPotion"}],"is_trial":false,"path_per_floor":["M","?","?","?","M","E","R","E","T","R","$","R","T","M","R","B",null,"M","?","$","T","M","R","E","$","T","M","E","?","R","M","R","B"],"character_chosen":"IRONCLAD","items_purchased":["Hemokinesis","Warcry"],"campfire_rested":2,"item_purchase_floors":[11,25],"current_hp_per_floor":[77,77,77,77,73,49,49,30,30,54,54,54,54,56,56,44,80,80,80,80,80,73,73,22,22,22,14,32,26,26,16,44,0,0],"gold":190,"neow_bonus":"THREE_SMALL_POTIONS","is_daily":false,"chose_seed":false,"campfire_upgraded":5,"win_rate":0.0,"timestamp":1608186545,"path_taken":["M","?","?","?","M","E","R","E","T","R","$","R","?","?","R","BOSS","M","?","?","?","M","R","E","$","T","M","E","?","R","M","R","BOSS"],"items_purchased_type":["Card","Card"],"build_version":"2020-12-13","purchased_purges":3,"victory":false,"max_hp_per_floor":[80,80,80,80,80,80,80,80,80,80,80,80,80,80,80,80,80,80,80,80,80,80,80,80,80,80,80,94,94,94,94,94,94,94],"card_choices":[{"not_picked":["Havoc","Disarm"],"picked":"Shrug It Off","floor":1},{"not_picked":["Wild Strike","Thunderclap"],"picked":"Armaments","floor":5},{"not_picked":["Whirlwind","Disarm"],"picked":"Clash","floor":6},{"not_picked":["Juggernaut","Intimidate"],"picked":"Dual Wield","floor":8},{"not_picked":["Flex","Twin Strike"],"picked":"Rampage","floor":14},{"not_picked":["Immolate","Impervious"],"picked":"Double Tap","floor":16},{"not_picked":["Wild Strike","Spot Weakness"],"picked":"Cleave","floor":18},{"not_picked":["BarbarianYell","Iron Wave"],"picked":"Battle Trance+1","floor":22},{"not_picked":["Iron Wave","Disarm+1"],"picked":"Clash","floor":24},{"not_picked":["Sword Boomerang","conspire:Charge"],"picked":"Carnage+1","floor":27},{"not_picked":["Wild Strike","Thunderclap","Perfected Strike"],"picked":"SKIP","floor":28},{"not_picked":["conspire:ExplosiveBarrier","Twin Strike","Exhume"],"picked":"SKIP","floor":31}],"player_experience":502842,"relics_obtained":[{"floor":6,"key":"Guardian:PocketSentry"},{"floor":8,"key":"vexMod:FocusSash"},{"floor":13,"key":"Anchor"},{"floor":21,"key":"Oddly Smooth Stone"},{"floor":24,"key":"Potion Belt"},{"floor":26,"key":"MealTicket"},{"floor":28,"key":"Mango"}],"event_choices":[{"damage_healed":0,"gold_gain":0,"player_choice":"Invest 2","damage_taken":0,"max_hp_gain":0,"max_hp_loss":0,"event_name":"conspire:Investor","floor":2,"gold_loss":0},{"damage_healed":0,"gold_gain":0,"player_choice":"Agree","damage_taken":0,"max_hp_gain":0,"max_hp_loss":0,"event_name":"conspire:LoneGhost","floor":3,"gold_loss":0},{"damage_healed":0,"gold_gain":0,"player_choice":"Full Heal","damage_taken":0,"max_hp_gain":0,"max_hp_loss":0,"event_name":"Wheel of Change","floor":19,"gold_loss":0},{"damage_healed":0,"gold_gain":0,"player_choice":"Dagger","damage_taken":6,"max_hp_gain":0,"max_hp_loss":0,"event_name":"betterThird:BetterNest","floor":29,"gold_loss":0,"cards_obtained":["RitualDagger"]}],"is_beta":false,"boss_relics":[{"not_picked":["Runesmith:UraniumAnvil","vexMod:NewClearReactor"],"picked":"Sozu"}],"items_purged_floors":[11,20,25],"is_endless":false,"potions_floor_spawned":[1,6,16,18,31],"killed_by":"conspire:MysteriousRune","ascension_level":3}}