{"host":"sum4dy402bbv9y4o","time":1608216785,"event":{"mods":["Aspiration","BaseMod","Conspire","Highlight Path","Minty Spire (QoL Compilation)","StSLib"],"gold_per_floor":[114,12,12,12,27,55,55,88,88,88,101,101,119,139,139,218,218,232,50,50,50,102,102,136,186,262,262,295,308,339,354,354,354,354],"floor_reached":33,"playtime":1141,"items_purged":[],"score":554,"play_id":"431a15f2-c030-49bc-9580-3662256a0297","local_time":"20201217175305","is_ascension_mode":true,"campfire_choices":[{"data":"Eruption","floor":7,"key":"SMITH"},{"data":"Wallop","floor":10,"key":"SMITH"},{"data":"SashWhip","floor":12,"key":"SMITH"},{"data":"Tantrum","floor":15,"key":"SMITH"},{"data":"Protect","floor":23,"key":"SMITH"},{"floor":27,"key":"REST"},{"floor":32,"key":"REST"}],"circlet_count":0,"master_deck":["AscendersBane","Strike_P","Strike_P","Strike_P","Defend_P+1","Defend_P","Defend_P+1","Eruption+1","Vigilance","ClearTheMind","CarveReality","Protect+1","CarveReality","FearNoEvil","Wallop+1","SashWhip+1","Tantrum+1","HandOfGreed","Halt","FlurryOfBlows","Halt"],"relics":["PureWater","aspiration:Nostalgia","Burning Blood","Juzu Bracelet","Regal Pillow","Darkstone Periapt","Empty Cage","Enchiridion","Letter Opener","Kunai"],"acts_visited":["Exordium","TheCity"],"potions_floor_usage":[24,24,31],"damage_taken":[{"damage":0,"enemies":"Cultist","floor":1,"turns":3},{"damage":5,"enemies":"Small Slimes","floor":5,"turns":5},{"damage":14,"enemies":"Gremlin Nob","floor":6,"turns":3},{"damage":9,"enemies":"3 Sentries","floor":8,"turns":8},{"damage":0,"enemies":"2 Louse","floor":11,"turns":3},{"damage":0,"enemies":"Exordium Thugs","floor":13,"turns":3},{"damage":2,"enemies":"Looter","floor":14,"turns":2},{"damage":14,"enemies":"The Guardian","floor":16,"turns":9},{"damage":0,"enemies":"Spheric Guardian","floor":18,"turns":3},{"damage":12,"enemies":"3 Byrds","floor":22,"turns":7},{"damage":30,"enemies":"Book of Stabbing","floor":24,"turns":4},{"damage":23,"enemies":"Centurion and Healer","floor":28,"turns":4},{"damage":23,"enemies":"Sentry and Sphere","floor":29,"turns":4},{"damage":14,"enemies":"3 Cultists","floor":30,"turns":4},{"damage":0,"enemies":"Centurion and Healer","floor":31,"turns":3},{"damage":80,"enemies":"Automaton","floor":33,"turns":10}],"seed_played":"5607344508350366416","potions_obtained":[{"floor":5,"key":"Fire Potion"},{"floor":6,"key":"DuplicationPotion"},{"floor":11,"key":"DuplicationPotion"},{"floor":30,"key":"Swift Potion"}],"is_trial":false,"path_per_floor":["M","$","?","?","M","E","R","E","T","R","M","R","M","M","R","B",null,"M","$","?","?","M","R","E","?","T","R","M","M","M","M","R","B"],"character_chosen":"WATCHER","items_purchased":["CarveReality","Protect","HandOfGreed"],"campfire_rested":2,"item_purchase_floors":[2,2,19],"current_hp_per_floor":[67,67,47,68,68,60,60,57,57,57,63,63,68,68,68,60,66,68,68,68,47,41,41,17,17,17,52,35,18,10,16,51,0,0],"gold":354,"neow_bonus":"NOSTALGIA","is_daily":false,"chose_seed":false,"campfire_upgraded":5,"win_rate":0.0,"timestamp":1608216785,"path_taken":["M","$","?","?","?","E","R","E","T","R","M","R","M","M","R","BOSS","M","$","?","?","M","R","E","?","T","R","M","M","M","M","R","BOSS"],"items_purchased_type":["Card","Card","Card"],"build_version":"2020-12-13","purchased_purges":0,"victory":false,"max_hp_per_floor":[68,68,68,68,68,68,68,68,68,68,68,68,68,68,68,68,68,68,68,68,68,68,68,68,68,68,68,68,68,68,68,68,68,68],"card_choices":[{"not_picked":["ThirdEye","Crescendo"],"picked":"ClearTheMind","floor":1},{"not_picked":["Fasting2","ClearTheMind"],"picked":"CarveReality","floor":5},{"not_picked":["Conclude","Perseverance"],"picked":"FearNoEvil","floor":6},{"not_picked":["Pray","FollowUp"],"picked":"Wallop","floor":8},{"not_picked":["FollowUp","Protect"],"picked":"SashWhip","floor":11},{"not_picked":["JustLucky","EmptyBody"],"picked":"Tantrum","floor":13},{"not_picked":["Worship","Prostrate","Evaluate"],"picked":"SKIP","floor":14},{"not_picked":["SandsOfTime","Weave+1","PathToVictory"],"picked":"SKIP","floor":18},{"not_picked":["Consecrate","Crescendo"],"picked":"Halt","floor":22},{"not_picked":["BowlingBash","Evaluate","Tantrum"],"picked":"SKIP","floor":24},{"not_picked":["BattleHymn","ClearTheMind"],"picked":"FlurryOfBlows","floor":28},{"not_picked":["Conclude","PathToVictory","Evaluate"],"picked":"SKIP","floor":29},{"not_picked":["InnerPeace+1","FlyingSleeves"],"picked":"Halt","floor":30},{"not_picked":["InnerPeace","LikeWater","FlyingSleeves"],"picked":"SKIP","floor":31}],"player_experience":2802580,"relics_obtained":[{"floor":6,"key":"Juzu Bracelet"},{"floor":8,"key":"Regal Pillow"},{"floor":9,"key":"Darkstone Periapt"},{"floor":21,"key":"Enchiridion"},{"floor":24,"key":"Letter Opener"},{"floor":26,"key":"Kunai"}],"event_choices":[{"damage_healed":0,"gold_gain":0,"player_choice":"Entered Light","damage_taken":20,"max_hp_gain":0,"max_hp_loss":0,"event_name":"Shining Light","floor":3,"gold_loss":0,"cards_upgraded":["Defend_P","Defend_P"]},{"damage_healed":22,"gold_gain":0,"player_choice":"Banana","damage_taken":0,"max_hp_gain":0,"max_hp_loss":0,"event_name":"Big Fish","floor":4,"gold_loss":0},{"damage_healed":0,"gold_gain":0,"player_choice":"0 cards matched","damage_taken":0,"max_hp_gain":0,"max_hp_loss":0,"event_name":"Match and Keep!","floor":20,"gold_loss":0,"cards_obtained":[]},{"damage_healed":0,"gold_gain":0,"player_choice":"Obtained Book","damage_taken":21,"max_hp_gain":0,"max_hp_loss":0,"event_name":"Cursed Tome","floor":21,"gold_loss":0},{"damage_healed":0,"gold_gain":50,"player_choice":"Stole From Cult","damage_taken":0,"max_hp_gain":0,"max_hp_loss":0,"event_name":"Nest","floor":25,"gold_loss":0}],"is_beta":false,"boss_relics":[{"not_picked":["SlaversCollar","conspire:RunicOctahedron"],"picked":"Empty Cage"}],"items_purged_floors":[],"is_endless":false,"potions_floor_spawned":[5,6,11,14,22,30],"killed_by":"Automaton","ascension_level":20}}