{"host":"mi0eibewekhugwl1","time":1608225175,"event":{"mods":["AchievementEnabler","BaseMod","Colored Map","Colored Powertips","DeckTracker","Keyboard Shortcuts","Minty Spire (QoL Compilation)","Quick Restart","Rare Cards Sparkle","Relic Stats","StSLib","SuperFastMode","everything is the same but u backflip on backflip"],"gold_per_floor":[218,228,38,50,64,64,80,150,176,44,44,56,56,56,56,130,130,140,152,167,182,193,193,209,223,246,146,21,32,47,59,59,59,59],"floor_reached":33,"playtime":648,"items_purged":["Strike_B","Strike_B","Strike_B"],"score":594,"play_id":"23e1935e-d174-4aeb-81b7-e17f30ff9816","local_time":"20201218021255","is_ascension_mode":true,"campfire_choices":[{"data":"Apotheosis","floor":6,"key":"SMITH"},{"floor":13,"key":"REST"},{"data":"Beam Cell","floor":15,"key":"SMITH"},{"floor":23,"key":"REST"},{"data":"Reprogram","floor":32,"key":"SMITH"}],"circlet_count":0,"master_deck":["AscendersBane","Strike_B","Defend_B","Defend_B","Defend_B","Defend_B","Zap","Dualcast","FTL","Melter","Apotheosis+1","Self Repair","Streamline","Beam Cell+1","Gash","All For One","Reboot","CurseOfTheBell","Self Repair+1","Steam+1","Gash+1","Chill+1","Reprogram+1"],"relics":["Cracked Core","Centennial Puzzle","Calling Bell","Art of War","Frozen Egg 2","Calipers","Omamori"],"acts_visited":["Exordium","TheCity"],"potions_floor_usage":[7,16,18,20,29,31,33],"damage_taken":[{"damage":1,"enemies":"Cultist","floor":1,"turns":3},{"damage":20,"enemies":"Small Slimes","floor":2,"turns":3},{"damage":2,"enemies":"Jaw Worm","floor":4,"turns":4},{"damage":2,"enemies":"3 Louse","floor":5,"turns":3},{"damage":43,"enemies":"Gremlin Gang","floor":7,"turns":4},{"damage":6,"enemies":"Red Slaver","floor":12,"turns":2},{"damage":0,"enemies":"Slime Boss","floor":16,"turns":5},{"damage":29,"enemies":"Shell Parasite","floor":18,"turns":4},{"damage":7,"enemies":"Spheric Guardian","floor":19,"turns":4},{"damage":58,"enemies":"Shelled Parasite and Fungi","floor":20,"turns":6},{"damage":3,"enemies":"Sentry and Sphere","floor":21,"turns":3},{"damage":29,"enemies":"Chosen and Byrds","floor":22,"turns":7},{"damage":42,"enemies":"Snake Plant","floor":24,"turns":5},{"damage":0,"enemies":"Sentry and Sphere","floor":25,"turns":3},{"damage":11,"enemies":"Centurion and Healer","floor":29,"turns":6},{"damage":12,"enemies":"3 Cultists","floor":30,"turns":5},{"damage":18,"enemies":"Snecko","floor":31,"turns":4},{"damage":56,"enemies":"Collector","floor":33,"turns":3}],"seed_played":"-534151683812872415","potions_obtained":[{"floor":1,"key":"GamblersBrew"},{"floor":4,"key":"PotionOfCapacity"},{"floor":7,"key":"SpeedPotion"},{"floor":14,"key":"FearPotion"},{"floor":14,"key":"Energy Potion"},{"floor":16,"key":"Explosive Potion"},{"floor":18,"key":"Fruit Juice"},{"floor":21,"key":"PowerPotion"},{"floor":24,"key":"Block Potion"},{"floor":30,"key":"AttackPotion"}],"is_trial":false,"path_per_floor":["M","M","$","M","M","R","M","?","T","$","?","M","R","?","R","B",null,"M","M","M","M","M","R","M","M","T","$","$","M","M","M","R","B"],"character_chosen":"DEFECT","items_purchased":["Apotheosis","Gash"],"campfire_rested":2,"item_purchase_floors":[3,10],"current_hp_per_floor":[63,43,43,41,46,46,13,13,13,13,13,17,38,38,38,45,65,51,61,23,30,21,43,21,38,38,38,38,47,52,44,44,0,0],"gold":59,"neow_bonus":"HUNDRED_GOLD","is_daily":false,"chose_seed":false,"campfire_upgraded":3,"win_rate":0.0,"timestamp":1608225175,"path_taken":["M","M","$","M","?","R","M","?","T","$","?","M","R","?","R","BOSS","M","M","?","M","M","R","M","M","T","?","$","M","M","M","R","BOSS"],"items_purchased_type":["Card","Card"],"build_version":"2020-12-13","purchased_purges":3,"victory":false,"max_hp_per_floor":[71,71,71,71,71,71,71,71,71,71,71,71,71,71,71,71,71,76,76,76,76,76,76,76,76,76,76,76,76,76,76,76,76,76],"relic_stats":{"Centennial Puzzle":[33],"counters":[18,74],"Art of War":[2],"obtain_stats":[{"Calling Bell":17,"Centennial Puzzle":9,"Calipers":17,"Art of War":17,"Omamori":26,"Frozen Egg 2":17,"Cracked Core":0},{"Calling Bell":7,"Centennial Puzzle":5,"Calipers":7,"Art of War":7,"Omamori":14,"Frozen Egg 2":7,"Cracked Core":0},{"Calling Bell":24,"Centennial Puzzle":17,"Calipers":24,"Art of War":24,"Omamori":56,"Frozen Egg 2":24,"Cracked Core":0}]},"card_choices":[{"not_picked":["Ball Lightning","Self Repair"],"picked":"FTL","floor":1},{"not_picked":["Turbo","Barrage"],"picked":"Melter","floor":2},{"not_picked":["Redo","Sweeping Beam"],"picked":"Self Repair","floor":4},{"not_picked":["Cold Snap","Turbo"],"picked":"Streamline","floor":5},{"not_picked":["Redo","Go for the Eyes"],"picked":"Beam Cell","floor":7},{"not_picked":["Skim","Go for the Eyes"],"picked":"All For One","floor":12},{"not_picked":["Meteor Strike","Multi-Cast"],"picked":"Reboot","floor":16},{"not_picked":["Streamline","FTL"],"picked":"Self Repair+1","floor":18},{"not_picked":["Chaos","Sunder+1","Ball Lightning+1"],"picked":"SKIP","floor":19},{"not_picked":["Compile Driver","Hello World+1","Melter"],"picked":"SKIP","floor":20},{"not_picked":["Rebound","Genetic Algorithm"],"picked":"Steam+1","floor":21},{"not_picked":["Steam","Ball Lightning","Meteor Strike"],"picked":"SKIP","floor":22},{"not_picked":["Ball Lightning","Scrape","Compile Driver"],"picked":"SKIP","floor":24},{"not_picked":["Steam","Conserve Battery"],"picked":"Gash+1","floor":25},{"not_picked":["Redo","Consume"],"picked":"Chill+1","floor":29},{"not_picked":["Self Repair+1","BootSequence"],"picked":"Reprogram","floor":30},{"not_picked":["Sweeping Beam","Self Repair+1","Cold Snap"],"picked":"SKIP","floor":31}],"player_experience":1689136,"relics_obtained":[{"floor":9,"key":"Centennial Puzzle"},{"floor":17,"key":"Art of War"},{"floor":17,"key":"Frozen Egg 2"},{"floor":17,"key":"Calipers"},{"floor":26,"key":"Omamori"}],"event_choices":[{"damage_healed":0,"gold_gain":70,"player_choice":"Gained Gold","damage_taken":0,"max_hp_gain":0,"max_hp_loss":0,"event_name":"Golden Wing","floor":8,"gold_loss":0},{"damage_healed":0,"gold_gain":0,"player_choice":"Ignored","damage_taken":0,"max_hp_gain":0,"max_hp_loss":0,"event_name":"Liars Game","floor":11,"gold_loss":0},{"damage_healed":0,"gold_gain":0,"player_choice":"Got Potions","damage_taken":0,"max_hp_gain":0,"max_hp_loss":0,"event_name":"Lab","floor":14,"gold_loss":0}],"is_beta":false,"boss_relics":[{"not_picked":["FrozenCore","Black Star"],"picked":"Calling Bell"}],"items_purged_floors":[10,27,28],"is_endless":false,"potions_floor_spawned":[1,4,7,16,18,21,24,30],"killed_by":"Collector","ascension_level":20}}