{"host":"a1eatafr7pisesky","time":1608185196,"event":{"mods":["BaseMod","Colored Map","DeckTracker","Highlight Path","Keyboard Shortcuts","Minty Spire (QoL Compilation)","Permanent Neow","Random Character Button","StSLib","SuperFastMode","everything is the same but u backflip on backflip"],"gold_per_floor":[110,128,128,142,153,181,200,200,200,229,239,4,15,27,27,27,27],"floor_reached":16,"playtime":458,"items_purged":["Strike_R"],"score":157,"play_id":"1053a1a5-32ac-490c-9874-46d0921e0695","local_time":"20201217150636","is_ascension_mode":true,"campfire_choices":[{"data":"Second Wind","floor":15.0,"key":"SMITH"}],"circlet_count":0,"master_deck":["Strike_R","Strike_R","Strike_R","Defend_R","Defend_R","Defend_R","Defend_R","Bash","Reaper","Pummel","Cleave","Infernal Blade","Shrug It Off","Power Through","Double Tap","Second Wind+1","Sentinel","Shrug It Off"],"relics":["Burning Blood","Boot","The Courier","Calipers","Lantern"],"acts_visited":["Exordium"],"potions_floor_usage":[16],"damage_taken":[{"damage":6.0,"enemies":"Cultist","floor":1.0,"turns":3.0},{"damage":25.0,"enemies":"Jaw Worm","floor":2.0,"turns":6.0},{"damage":10.0,"enemies":"2 Louse","floor":4.0,"turns":2.0},{"damage":8.0,"enemies":"Blue Slaver","floor":5.0,"turns":2.0},{"damage":16.0,"enemies":"Gremlin Nob","floor":6.0,"turns":3.0},{"damage":18.0,"enemies":"Red Slaver","floor":7.0,"turns":6.0},{"damage":7.0,"enemies":"Lagavulin","floor":10.0,"turns":4.0},{"damage":10.0,"enemies":"Exordium Thugs","floor":11.0,"turns":4.0},{"damage":7.0,"enemies":"2 Fungi Beasts","floor":13.0,"turns":4.0},{"damage":10.0,"enemies":"3 Louse","floor":14.0,"turns":4.0},{"damage":67,"enemies":"Hexaghost","floor":16,"turns":14}],"seed_played":"-9033730187885656968","potions_obtained":[{"floor":2.0,"key":"AttackPotion"},{"floor":4.0,"key":"SpeedPotion"},{"floor":6.0,"key":"AttackPotion"},{"floor":10.0,"key":"Explosive Potion"},{"floor":13.0,"key":"Strength Potion"}],"is_trial":false,"path_per_floor":["M","M","?","M","M","E","M","?","T","E","M","$","M","M","R","B"],"character_chosen":"IRONCLAD","items_purchased":["Sentinel","Lantern"],"campfire_rested":0,"item_purchase_floors":[12,12],"current_hp_per_floor":[72,57,57,54,52,42,30,30,30,29,34,34,53,64,64,0,0],"gold":27,"neow_bonus":"THREE_RARE_CARDS","is_daily":false,"chose_seed":false,"campfire_upgraded":1,"win_rate":0.0,"timestamp":1608185196,"path_taken":["M","?","?","M","M","E","M","?","T","E","M","$","M","M","R","BOSS"],"items_purchased_type":["Card","Relic"],"build_version":"2020-12-13","purchased_purges":1,"victory":false,"max_hp_per_floor":[72,72,72,72,72,72,72,72,72,72,72,72,72,72,72,72,72],"card_choices":[{"not_picked":["Double Tap","Brutality"],"picked":"Reaper","floor":0.0},{"not_picked":["Headbutt","Twin Strike"],"picked":"Pummel","floor":1.0},{"not_picked":["Dual Wield","Rampage"],"picked":"Cleave","floor":2.0},{"not_picked":["Whirlwind","Havoc"],"picked":"Shrug It Off","floor":4.0},{"not_picked":["Metallicize","Dual Wield"],"picked":"Power Through","floor":5.0},{"not_picked":["Flex","Clash"],"picked":"Double Tap","floor":6.0},{"not_picked":["Iron Wave","Carnage"],"picked":"Second Wind","floor":7.0},{"not_picked":["Clash","Combust","Thunderclap"],"picked":"SKIP","floor":10.0},{"not_picked":["Uppercut","Twin Strike","Infernal Blade"],"picked":"SKIP","floor":11.0},{"not_picked":["Headbutt","Warcry"],"picked":"Shrug It Off","floor":13.0},{"not_picked":["Heavy Blade","Pommel Strike","Clash"],"picked":"SKIP","floor":14.0}],"player_experience":210476,"relics_obtained":[{"floor":6.0,"key":"Boot"},{"floor":9.0,"key":"The Courier"},{"floor":10.0,"key":"Calipers"}],"event_choices":[{"damage_healed":0.0,"max_hp_gain":0.0,"max_hp_loss":0.0,"gold_gain":0.0,"cards_transformed":["Strike_R"],"event_name":"Living Wall","player_choice":"Change","floor":3.0,"gold_loss":0.0,"damage_taken":0.0,"cards_obtained":["Infernal Blade"]},{"damage_healed":0.0,"max_hp_gain":0.0,"max_hp_loss":0.0,"gold_gain":0.0,"event_name":"Liars Game","player_choice":"Ignored","floor":8.0,"gold_loss":0.0,"damage_taken":0.0}],"is_beta":false,"boss_relics":[],"items_purged_floors":[12],"is_endless":false,"potions_floor_spawned":[2,4,6,10,13],"killed_by":"Hexaghost","ascension_level":7}}