{"host":"b6iqmq74l2bwzb3l","time":1608193551,"event":{"mods":["Astrologer","BaseMod","Colored Map","Colored Powertips","Googly Eyes","MarisaÅiñ∂âJÅ@ñÇóùçπÅj","Minty Spire (QoL Compilation)","Quick Restart","StSLib","The Cursed"],"gold_per_floor":[112,112,37,37,50,81,95,120,174,74,74,97,97,131,131,131,131],"floor_reached":16,"playtime":285,"items_purged":["Strike_P","Defend_P"],"score":160,"play_id":"45c87a45-a4cb-4fbd-b8d4-174b88fe71d5","local_time":"20201217172551","is_ascension_mode":false,"campfire_choices":[{"data":"Crescendo","floor":13,"key":"SMITH"},{"data":"Vigilance","floor":15,"key":"SMITH"}],"circlet_count":0,"master_deck":["Strike_P+1","Strike_P","Strike_P","Defend_P+1","Defend_P","Defend_P","Eruption+1","Vigilance+1","FlyingSleeves","Crescendo+1","SandsOfTime"],"relics":["PureWater","NeowsBlessing","Golden Idol","Pear","Strawberry","Juzu Bracelet"],"acts_visited":["Exordium"],"potions_floor_usage":[14,14,16],"damage_taken":[{"damage":0,"enemies":"Cultist","floor":1,"turns":1},{"damage":0,"enemies":"Small Slimes","floor":5,"turns":2},{"damage":0,"enemies":"Lagavulin","floor":6,"turns":1},{"damage":7,"enemies":"Jaw Worm","floor":7,"turns":4},{"damage":26,"enemies":"Gremlin Gang","floor":8,"turns":5},{"damage":5,"enemies":"Red Slaver","floor":12,"turns":3},{"damage":0,"enemies":"Gremlin Nob","floor":14,"turns":2},{"damage":26,"enemies":"The Guardian","floor":16,"turns":7}],"seed_played":"-7832835692840104143","potions_obtained":[{"floor":1,"key":"FearPotion"},{"floor":5,"key":"SkillPotion"},{"floor":12,"key":"FearPotion"}],"is_trial":false,"path_per_floor":["M","?","$","?","M","E","M","M","T","$","?","M","R","E","R","B"],"character_chosen":"WATCHER","items_purchased":[],"campfire_rested":0,"item_purchase_floors":[],"current_hp_per_floor":[72,67,67,67,67,77,70,44,51,51,34,29,29,29,29,3,3],"gold":131,"neow_bonus":"THREE_ENEMY_KILL","is_daily":false,"chose_seed":false,"campfire_upgraded":2,"win_rate":0.0,"timestamp":1608193551,"path_taken":["M","?","$","?","?","E","?","M","T","?","?","M","R","E","R","BOSS"],"items_purchased_type":[],"build_version":"2020-12-13","purchased_purges":2,"victory":false,"max_hp_per_floor":[72,67,67,67,67,77,77,77,84,84,84,84,84,84,84,84,84],"card_choices":[{"not_picked":["Wireheading","Swivel"],"picked":"FlyingSleeves","floor":1},{"not_picked":["SignatureMove","BowlingBash","Conclude"],"picked":"SKIP","floor":5},{"not_picked":["WreathOfFlame","BowlingBash","Wish"],"picked":"SKIP","floor":6},{"not_picked":["Prostrate","EmptyFist","Evaluate"],"picked":"SKIP","floor":7},{"not_picked":["ForeignInfluence","Study","Vengeance"],"picked":"SKIP","floor":8},{"not_picked":["PathToVictory","Vengeance"],"picked":"Crescendo","floor":12},{"not_picked":["BattleHymn","Scrawl"],"picked":"SandsOfTime","floor":14}],"player_experience":315944,"relics_obtained":[{"floor":6,"key":"Pear"},{"floor":9,"key":"Strawberry"},{"floor":14,"key":"Juzu Bracelet"}],"event_choices":[{"damage_healed":0,"gold_gain":0,"player_choice":"Lose Max HP","damage_taken":0,"relics_obtained":["Golden Idol"],"max_hp_gain":0,"max_hp_loss":5,"event_name":"Golden Idol","floor":2,"gold_loss":0},{"damage_healed":0,"gold_gain":0,"player_choice":"Grow","damage_taken":0,"max_hp_gain":0,"max_hp_loss":0,"event_name":"Living Wall","floor":4,"gold_loss":0,"cards_upgraded":["Eruption"]},{"damage_healed":0,"gold_gain":0,"player_choice":"Entered Light","damage_taken":17,"max_hp_gain":0,"max_hp_loss":0,"event_name":"Shining Light","floor":11,"gold_loss":0,"cards_upgraded":["Strike_P","Defend_P"]}],"is_beta":false,"boss_relics":[],"items_purged_floors":[3,10],"is_endless":false,"potions_floor_spawned":[1,5,12],"killed_by":"The Guardian","ascension_level":0}}