{"host":"ctlqibkg0sskiu65","time":1608208633,"event":{"mods":["2.2 Compatiblity","AchievementEnabler","Aspiration","BaseMod","BetterRewards","Colored Map","Colored Powertips","Conspire","Downfall","Fiend Mod","Infinite Spire","Minty Spire (QoL Compilation)","Quick Restart","Replay The Spire","Shop Mod","StSLib","The Bladedancer","The Cursed","The Hierophant","The Jungle","The Kombatant","The Servant 0.9.4","TheBandit"],"gold_per_floor":[99,99,99,112,37,57,57,57,73,73,73,73,5,15,34,133,133,133,133,133,152,152,162,162,162,162,196,211,52,52,69,87,192,192,192,210,287,9,9,23,101,26,39,39,139,152,164,164,184,184],"floor_reached":51,"playtime":2399,"items_purged":[],"score":923,"play_id":"73326a27-f49c-47e5-ae61-cba4db868951","local_time":"20201217063713","is_ascension_mode":true,"campfire_choices":[{"floor":1.0,"key":"RECALL"},{"data":"Fiend:FiendDemonSlash","floor":5.0,"key":"SMITH"},{"data":"Fiend:FiendFiendishCharge","floor":10.0,"key":"SMITH"},{"data":"Fiend:FiendRadiation","floor":18.0,"key":"SMITH"},{"data":"Fiend:FiendRadiation","floor":20.0,"key":"SMITH"},{"data":"Fiend:FiendConsume","floor":26.0,"key":"SMITH"},{"data":"Fiend:FiendMeditate","floor":35.0,"key":"SMITH"},{"data":"Fiend:FiendFortify","floor":39.0,"key":"SMITH"},{"data":"Fiend:FiendFortify","floor":42.0,"key":"SMITH"},{"data":"Fiend:FiendFortify","floor":44.0,"key":"SMITH"}],"circlet_count":0,"master_deck":["Fiend:FiendDemonSlash+1","Fiend:FiendFortify","Fiend:FiendFortify+1","Fiend:FiendFortify+1","Fiend:FiendFortify+1","Fiend:FiendConsume+1","Fiend:FiendMeditate+1","Fiend:FiendFiendishCharge+1","Fiend:FiendVaccine","Fiend:FiendLeech+1","Injury","Fiend:FiendRadiation+1","Fiend:FiendRadiation+1","Fiend:FiendDemonicContract+1","Fiend:FiendFlay+1","Fiend:FiendFlay+1","Fiend:FiendUpstartDemon+1","Fiend:FiendExecute+1","Fiend:FiendDemonWhip+1","Fiend:FiendSalvage+1","Fiend:FiendSalvage+1","Fiend:FiendDeepenWound+1","Fiend:FiendMutativeArms+1","Fiend:FiendMeatPaste+1","Fiend:FiendMeatShield+1","Fiend:FiendBloodlust+1","Fiend:FiendViolentOutburst+1","Fiend:FiendFleshPlating+1"],"relics":["Fiend:FiendTotem","downfall:HeartBlessingRed","Shuriken","Toxic Egg 2","conspire:SpecialSausage","MutagenicStrength","Matryoshka","Molten Egg 2","DollysMirror","aspiration:AnachronicSnailShell","Empty Cage","infinitespire:Cupcake","Toy Ornithopter","Strawberry","Thread and Needle","Guide Book","Ornamental Fan","Pantograph","downfall:HeartBlessingBlue","Replay:Kaleidoscope"],"acts_visited":["Exordium","TheCity","TheBeyond"],"potions_floor_usage":[],"damage_taken":[{"damage":4.0,"enemies":"Small Slimes","floor":4.0,"turns":4.0},{"damage":0.0,"enemies":"Jaw Worm","floor":6.0,"turns":3.0},{"damage":3.0,"enemies":"conspire:RoseBush","floor":9.0,"turns":2.0},{"damage":10.0,"enemies":"downfall:FleeingMerchant","floor":13.0,"turns":4.0},{"damage":8.0,"enemies":"2 Fungi Beasts","floor":14.0,"turns":3.0},{"damage":13.0,"enemies":"3 Louse","floor":15.0,"turns":4.0},{"damage":32.0,"enemies":"downfall:Ironclad","floor":16.0,"turns":7.0},{"damage":8.0,"enemies":"Chosen","floor":21.0,"turns":3.0},{"damage":0.0,"enemies":"conspire:FuzzyDice","floor":23.0,"turns":7.0},{"damage":18.0,"enemies":"Book of Stabbing","floor":27.0,"turns":4.0},{"damage":18.0,"enemies":"Snake Plant","floor":28.0,"turns":3.0},{"damage":2.0,"enemies":"downfall:FleeingMerchant","floor":29.0,"turns":4.0},{"damage":8.0,"enemies":"Cultist and Chosen","floor":31.0,"turns":4.0},{"damage":5.0,"enemies":"Chosen and Byrds","floor":32.0,"turns":5.0},{"damage":21.0,"enemies":"downfall:Silent","floor":33.0,"turns":5.0},{"damage":0.0,"enemies":"3 Shapes","floor":36.0,"turns":3.0},{"damage":2.0,"enemies":"downfall:FleeingMerchant","floor":38.0,"turns":4.0},{"damage":0.0,"enemies":"Orb Walker","floor":40.0,"turns":3.0},{"damage":0.0,"enemies":"3 Darklings","floor":43.0,"turns":4.0},{"damage":8,"enemies":"Sphere and 2 Shapes","floor":46,"turns":4},{"damage":0,"enemies":"Spire Growth","floor":47,"turns":3},{"damage":14,"enemies":"3 Darklings","floor":49,"turns":6},{"damage":0,"enemies":"downfall:Watcher","floor":50,"turns":5}],"seed_played":"-6221013447993078108","potions_obtained":[{"floor":6.0,"key":"Swift Potion"},{"floor":15.0,"key":"SpeedPotion"},{"floor":28.0,"key":"AttackPotion"},{"floor":32.0,"key":"LiquidMemories"},{"floor":33.0,"key":"Flashbang"},{"floor":36.0,"key":"Fire Potion"}],"is_trial":false,"path_per_floor":["R","?","?","M","R","M","T","?","M","R","?","?","$","M","M","B",null,"R","?","R","M","?","M","T","?","R","E","M","$","AVR","M","M","B",null,"R","M","T","$","R","M","T","R","M","R","?","M","M","T","M","B",null],"character_chosen":"THE_FIEND","items_purchased":["Fiend:FiendRadiation","DollysMirror","Strawberry","Thread and Needle","Guide Book"],"campfire_rested":0,"item_purchase_floors":[13,29,38,38,38],"current_hp_per_floor":[77,77,77,73,73,73,73,78,75,75,75,75,65,57,44,12,82,82,82,82,74,74,79,79,79,79,61,54,52,52,65,78,68,91,91,93,93,100,100,104,104,114,116,116,116,111,111,111,120,120],"gold":184,"neow_bonus":"TEN_PERCENT_HP_BONUS","is_daily":false,"chose_seed":false,"campfire_upgraded":9,"win_rate":0.0,"timestamp":1608208633,"path_taken":["R","?","?","?","R","M","T","?","M","R","?","?","?","M","M","BOSS","R","?","R","M","?","?","T","?","R","E","M","$","AVR","M","M","BOSS","R","M","?","$","R","M","T","R","M","R","?","M","?","?","M","BOSS"],"items_purchased_type":["Card","Relic","Relic","Relic","Relic"],"build_version":"2020-12-13","purchased_purges":0,"victory":true,"max_hp_per_floor":[77,77,77,77,77,77,77,82,82,82,82,82,82,82,82,82,82,82,82,82,82,82,83,83,83,83,83,85,85,85,87,89,91,91,91,93,93,102,102,104,104,114,116,116,116,118,118,118,120,120],"card_choices":[{"not_picked":["Fiend:FiendRampage","Fiend:FiendConserve"],"picked":"Fiend:FiendMeditate","floor":4.0},{"not_picked":["Fiend:FiendSplat","Fiend:FiendAbomination"],"picked":"Fiend:FiendFiendishCharge","floor":6.0},{"not_picked":["Fiend:FiendSiphon","Fiend:FiendViolentOutburst"],"picked":"Fiend:FiendVaccine","floor":9.0},{"not_picked":["Fiend:FiendDemonWhip","Fiend:FiendBackFromHell+1"],"picked":"Fiend:FiendRadiation","floor":13.0},{"not_picked":["Fiend:FiendRampage","Fiend:FiendInfect+1","Fiend:FiendBackFromHell+1"],"picked":"SKIP","floor":14.0},{"not_picked":["Fiend:FiendMeatMagnet+1","Fiend:FiendVaccine+1"],"picked":"Fiend:FiendDemonicContract+1","floor":15.0},{"not_picked":["Fiend:FiendVaccine+1","Fiend:FiendSliceAndDice+1"],"picked":"Fiend:FiendFlay","floor":21.0},{"not_picked":["Fiend:FiendVaccine+1","Fiend:FiendSplat+1"],"picked":"Fiend:FiendUpstartDemon+1","floor":23.0},{"not_picked":["Fiend:FiendDemonicContract+1","Fiend:FiendFiendishCharge+1"],"picked":"Fiend:FiendExecute+1","floor":27.0},{"not_picked":["Fiend:FiendMeatPaste+1","Fiend:FiendRadiation+1"],"picked":"Fiend:FiendDemonWhip+1","floor":28.0},{"not_picked":["Fiend:FiendFiendishCharge+1","Fiend:FiendBloodlust+1"],"picked":"Fiend:FiendSalvage+1","floor":29.0},{"not_picked":["Fiend:FiendSoulSwap+1","Fiend:FiendDemonicContract+1","Fiend:FiendConserve+1"],"picked":"SKIP","floor":31.0},{"not_picked":["Fiend:FiendSoulSwap+1","Fiend:FiendDemonicContract+1","Fiend:FiendConserve+1"],"picked":"SKIP","floor":31.0},{"not_picked":["Fiend:FiendRiskyDice+1","Fiend:FiendRage+1"],"picked":"Fiend:FiendDeepenWound+1","floor":32.0},{"not_picked":["Fiend:FiendRiskyDice+1","Fiend:FiendInjection+1"],"picked":"Fiend:FiendMutativeArms+1","floor":36.0},{"not_picked":["Fiend:FiendSplat+1","Fiend:FiendVaccine+1"],"picked":"Fiend:FiendMeatPaste+1","floor":38.0},{"not_picked":["Fiend:FiendInjection+1","Fiend:FiendDemonicContract+1","Fiend:FiendVaccine+1"],"picked":"SKIP","floor":40.0},{"not_picked":["Fiend:FiendInjection+1","Fiend:FiendMeatPaste+1"],"picked":"Fiend:FiendMeatShield+1","floor":43.0},{"not_picked":["Fiend:FiendTransmeatation+1","Fiend:FiendConserve+1"],"picked":"Fiend:FiendBloodlust+1","floor":46},{"not_picked":["Fiend:FiendBackFromHell+1","Fiend:FiendRadiation+1"],"picked":"Fiend:FiendViolentOutburst+1","floor":47},{"not_picked":["Fiend:FiendFleshWhip+1","Fiend:FiendSliceAndDice+1"],"picked":"Fiend:FiendFleshPlating+1","floor":49}],"player_experience":153401,"relics_obtained":[{"floor":7.0,"key":"Shuriken"},{"floor":24.0,"key":"Matryoshka"},{"floor":27.0,"key":"Molten Egg 2"},{"floor":37.0,"key":"Toy Ornithopter"},{"floor":41.0,"key":"Ornamental Fan"},{"floor":41.0,"key":"Pantograph"},{"floor":48,"key":"Replay:Kaleidoscope"}],"event_choices":[{"cards_removed":["Fiend:FiendDemonSlash"],"damage_healed":0.0,"max_hp_gain":0.0,"max_hp_loss":0.0,"gold_gain":0.0,"event_name":"Bonfire Elementals","player_choice":"Offered Basic","floor":3.0,"gold_loss":0.0,"damage_taken":0.0},{"damage_healed":0.0,"max_hp_gain":5.0,"max_hp_loss":0.0,"gold_gain":0.0,"event_name":"Big Fish","player_choice":"Donut","floor":8.0,"gold_loss":0.0,"damage_taken":0.0},{"damage_healed":0.0,"max_hp_gain":0.0,"max_hp_loss":0.0,"gold_gain":0.0,"cards_transformed":["Fiend:FiendDemonSlash"],"event_name":"Living Wall","player_choice":"Change","floor":11.0,"gold_loss":0.0,"damage_taken":0.0,"cards_obtained":["Fiend:FiendLeech"]},{"damage_healed":0.0,"max_hp_gain":0.0,"max_hp_loss":0.0,"gold_gain":0.0,"event_name":"Drug Dealer","player_choice":"Inject Mutagens","floor":19.0,"gold_loss":0.0,"damage_taken":0.0,"relics_obtained":["MutagenicStrength"]},{"damage_healed":0.0,"max_hp_gain":0.0,"max_hp_loss":0.0,"gold_gain":0.0,"event_name":"Duplicator","player_choice":"Copied","floor":22.0,"gold_loss":0.0,"damage_taken":0.0,"cards_obtained":["Fiend:FiendFlay"]},{"damage_healed":0.0,"max_hp_gain":0.0,"max_hp_loss":0.0,"gold_gain":0.0,"event_name":"Accursed Blacksmith","player_choice":"Forge","floor":25.0,"gold_loss":0.0,"damage_taken":0.0,"cards_upgraded":["Fiend:FiendFlay"]}],"is_beta":false,"boss_relics":[{"not_picked":["conspire:RoyalGoblet","Abe\u0027s Treasure"],"picked":"conspire:SpecialSausage"},{"not_picked":["Runic Pyramid","aspiration:RitualDagger"],"picked":"infinitespire:Cupcake"}],"items_purged_floors":[],"is_endless":false,"potions_floor_spawned":[6,15,28,32,33,36,43,47],"ascension_level":2}}