{"host":"mi0eibewekhugwl1","time":1608207304,"event":{"mods":["AchievementEnabler","BaseMod","Colored Map","Colored Powertips","DeckTracker","Keyboard Shortcuts","Minty Spire (QoL Compilation)","Quick Restart","Rare Cards Sparkle","Relic Stats","StSLib","SuperFastMode","everything is the same but u backflip on backflip"],"gold_per_floor":[118,136,136,151,76,76,115,40,66,90,60,60,88,114,114,114,114],"floor_reached":16,"playtime":228,"items_purged":["Strike_R"],"score":204,"play_id":"0bc0b7d2-3628-4dfb-811f-00606265082d","local_time":"20201217211504","is_ascension_mode":true,"campfire_choices":[{"data":"Body Slam","floor":6,"key":"SMITH"},{"floor":12,"key":"REST"},{"data":"Pommel Strike","floor":15,"key":"SMITH"}],"circlet_count":0,"master_deck":["AscendersBane","Strike_R","Strike_R","Strike_R","Defend_R","Defend_R","Defend_R","Defend_R","Bash","Impervious","Twin Strike","Body Slam+1","Ghostly Armor","Pommel Strike+1","Power Through","Metallicize"],"relics":["Burning Blood","CeramicFish","Art of War"],"acts_visited":["Exordium"],"potions_floor_usage":[4,14,16],"damage_taken":[{"damage":24,"enemies":"Jaw Worm","floor":1,"turns":4},{"damage":9,"enemies":"2 Louse","floor":2,"turns":2},{"damage":6,"enemies":"Cultist","floor":4,"turns":5},{"damage":8,"enemies":"Gremlin Nob","floor":7,"turns":3},{"damage":8,"enemies":"Gremlin Gang","floor":10,"turns":6},{"damage":1,"enemies":"Looter","floor":13,"turns":3},{"damage":0,"enemies":"2 Fungi Beasts","floor":14,"turns":3},{"damage":83,"enemies":"Slime Boss","floor":16,"turns":10}],"seed_played":"-3178264522987089338","potions_obtained":[{"floor":2,"key":"BlessingOfTheForge"},{"floor":11,"key":"BloodPotion"},{"floor":11,"key":"Weak Potion"},{"floor":14,"key":"Regen Potion"}],"is_trial":false,"path_per_floor":["M","M","?","M","$","R","E","?","T","M","?","R","M","M","R","B"],"character_chosen":"IRONCLAD","items_purchased":[],"campfire_rested":1,"item_purchase_floors":[],"current_hp_per_floor":[32,29,22,22,22,22,20,20,20,18,18,40,45,66,66,0,0],"gold":114,"neow_bonus":"THREE_RARE_CARDS","is_daily":false,"chose_seed":false,"campfire_upgraded":2,"win_rate":0.0,"timestamp":1608207304,"path_taken":["M","M","?","M","$","R","E","?","T","M","?","R","M","M","R","BOSS"],"items_purchased_type":[],"build_version":"2020-12-13","purchased_purges":1,"victory":false,"max_hp_per_floor":[75,75,75,75,75,75,75,75,75,75,75,75,75,75,75,75,75],"relic_stats":{"counters":[8,36],"CeramicFish":36,"Art of War":[1],"obtain_stats":[{"CeramicFish":7,"Art of War":9,"Burning Blood":0},{"CeramicFish":4,"Art of War":4,"Burning Blood":0},{"CeramicFish":14,"Art of War":14,"Burning Blood":0}],"Burning Blood":42},"card_choices":[{"not_picked":["Limit Break","Berserk"],"picked":"Impervious","floor":0},{"not_picked":["Clothesline","Havoc"],"picked":"Twin Strike","floor":1},{"not_picked":["Headbutt","Heavy Blade","Perfected Strike"],"picked":"SKIP","floor":2},{"not_picked":["Perfected Strike","Headbutt"],"picked":"Body Slam","floor":4},{"not_picked":["Armaments","Clothesline"],"picked":"Ghostly Armor","floor":7},{"not_picked":["Clothesline","Heavy Blade"],"picked":"Pommel Strike","floor":10},{"not_picked":["Pummel","Bloodletting"],"picked":"Power Through","floor":13},{"not_picked":["Clash","Dropkick"],"picked":"Metallicize","floor":14}],"player_experience":1685087,"relics_obtained":[{"floor":7,"key":"CeramicFish"},{"floor":9,"key":"Art of War"}],"event_choices":[{"cards_removed":["Strike_R"],"damage_healed":0,"gold_gain":0,"player_choice":"Card Removal","damage_taken":7,"max_hp_gain":0,"max_hp_loss":0,"event_name":"Golden Wing","floor":3,"gold_loss":0},{"damage_healed":0,"gold_gain":0,"player_choice":"Left Gold","damage_taken":0,"max_hp_gain":0,"max_hp_loss":0,"event_name":"World of Goop","floor":8,"gold_loss":75},{"damage_healed":0,"gold_gain":0,"player_choice":"Bought 2 Potions","damage_taken":0,"max_hp_gain":0,"max_hp_loss":0,"event_name":"The Woman in Blue","floor":11,"gold_loss":0}],"is_beta":false,"boss_relics":[],"items_purged_floors":[5],"is_endless":false,"potions_floor_spawned":[2,14],"killed_by":"Slime Boss","ascension_level":20}}