{"host":"a1eatafr7pisesky","time":1608236395,"event":{"mods":["BaseMod","Colored Map","DeckTracker","Highlight Path","Keyboard Shortcuts","Minty Spire (QoL Compilation)","Permanent Neow","Random Character Button","StSLib","SuperFastMode","everything is the same but u backflip on backflip"],"gold_per_floor":[119,131,148,163,183,183,201,233,315,332,332,346,346,366,366,470,470,490,106,118,118,18,18,52,52,52,382,394,394,410,410,410,510,510,521,33,33,33,33,60,60,60,112,129,179,206,220,238,238,238,238,238,88,122,122,122],"floor_reached":55,"playtime":1826,"items_purged":["Strike_R","Strike_R","Strike_R+1","Defend_R"],"score":1067,"play_id":"9e81b896-d2b2-4765-a5e9-e454236c4452","local_time":"20201218051955","is_ascension_mode":true,"campfire_choices":[{"data":"Bash","floor":6.0,"key":"SMITH"},{"floor":13.0,"key":"REST"},{"data":"Blood for Blood","floor":15.0,"key":"SMITH"},{"data":"Offering","floor":23.0,"key":"SMITH"},{"floor":29.0,"key":"REST"},{"floor":32.0,"key":"REST"},{"data":"Flex","floor":41.0,"key":"SMITH"},{"floor":49.0,"key":"RECALL"},{"data":"Demon Form","floor":52.0,"key":"SMITH"}],"circlet_count":0,"master_deck":["Defend_R","Defend_R","Bash+1","Demon Form+1","Flex+1","Carnage+1","Armaments","Warcry","Blood for Blood+1","Twin Strike","Sword Boomerang","Feed","Shrug It Off","Offering+1","Uppercut","Sword Boomerang","Spot Weakness","Headbutt","Evolve","Battle Trance","Bloodletting","Fiend Fire","Shrug It Off","Rage","Heavy Blade+1","Inflame","Inflame+1","Flex+1","Shockwave+1"],"relics":["Burning Blood","Whetstone","HornCleat","Runic Pyramid","Gambling Chip","Paper Frog","PreservedInsect","Old Coin","Coffee Dripper","Eternal Feather","TungstenRod","Potion Belt","Lizard Tail","Lantern","Champion Belt"],"acts_visited":["Exordium","TheCity","TheBeyond","TheEnding"],"potions_floor_usage":[55],"damage_taken":[{"damage":30.0,"enemies":"Small Slimes","floor":1.0,"turns":4.0},{"damage":8.0,"enemies":"Jaw Worm","floor":2.0,"turns":4.0},{"damage":9.0,"enemies":"2 Louse","floor":3.0,"turns":2.0},{"damage":18.0,"enemies":"Red Slaver","floor":4.0,"turns":4.0},{"damage":8.0,"enemies":"Exordium Wildlife","floor":5.0,"turns":4.0},{"damage":6.0,"enemies":"Exordium Thugs","floor":7.0,"turns":4.0},{"damage":27.0,"enemies":"3 Sentries","floor":8.0,"turns":6.0},{"damage":0.0,"enemies":"Large Slime","floor":10.0,"turns":4.0},{"damage":0.0,"enemies":"Blue Slaver","floor":12.0,"turns":1.0},{"damage":15.0,"enemies":"2 Fungi Beasts","floor":14.0,"turns":4.0},{"damage":31.0,"enemies":"The Guardian","floor":16.0,"turns":10.0},{"damage":12.0,"enemies":"Chosen","floor":18.0,"turns":3.0},{"damage":14.0,"enemies":"3 Byrds","floor":20.0,"turns":5.0},{"damage":40.0,"enemies":"Slavers","floor":24.0,"turns":6.0},{"damage":12.0,"enemies":"Gremlin Leader","floor":27.0,"turns":5.0},{"damage":14.0,"enemies":"Snecko","floor":28.0,"turns":4.0},{"damage":16.0,"enemies":"Centurion and Healer","floor":30.0,"turns":4.0},{"damage":28.0,"enemies":"Automaton","floor":33.0,"turns":6.0},{"damage":67.0,"enemies":"3 Shapes","floor":35.0,"turns":5.0},{"damage":53.0,"enemies":"Reptomancer","floor":40.0,"turns":5.0},{"damage":15.0,"enemies":"3 Darklings","floor":44.0,"turns":4.0},{"damage":2.0,"enemies":"Mind Bloom Boss Battle","floor":45.0,"turns":3.0},{"damage":31.0,"enemies":"Giant Head","floor":46.0,"turns":5.0},{"damage":32.0,"enemies":"Sphere and 2 Shapes","floor":47.0,"turns":6.0},{"damage":11.0,"enemies":"Spire Growth","floor":48.0,"turns":4.0},{"damage":88.0,"enemies":"Awakened One","floor":50.0,"turns":7.0},{"damage":32.0,"enemies":"Shield and Spear","floor":54.0,"turns":2.0},{"damage":89,"enemies":"The Heart","floor":55,"turns":3}],"seed_played":"5958358602015924512","potions_obtained":[{"floor":3.0,"key":"ColorlessPotion"},{"floor":4.0,"key":"BlessingOfTheForge"},{"floor":7.0,"key":"DuplicationPotion"},{"floor":8.0,"key":"AttackPotion"},{"floor":14.0,"key":"AttackPotion"},{"floor":16.0,"key":"Strength Potion"},{"floor":20.0,"key":"EssenceOfSteel"},{"floor":27.0,"key":"Fruit Juice"},{"floor":40.0,"key":"Ancient Potion"},{"floor":45.0,"key":"LiquidBronze"},{"floor":46.0,"key":"FairyPotion"}],"is_trial":false,"path_per_floor":["M","M","M","M","M","R","M","E","T","M","?","M","R","M","R","B",null,"M","$","M","?","$","R","E","?","T","E","M","R","M","?","R","B",null,"M","$","?","?","T","E","R","?","T","M","?","E","M","M","R","B",null,"R","$","E","B"],"character_chosen":"IRONCLAD","items_purchased":["Gambling Chip","Eternal Feather","Shrug It Off","Rage"],"campfire_rested":3,"item_purchase_floors":[19,36,36,36],"current_hp_per_floor":[48,46,43,31,29,29,29,8,8,14,14,24,46,40,40,15,63,57,57,52,52,52,52,21,21,21,18,14,41,31,31,58,44,86,28,28,90,90,90,43,58,58,58,49,53,28,34,32,50,17,73,91,91,65,0,0],"gold":122,"neow_bonus":"THREE_RARE_CARDS","is_daily":false,"chose_seed":false,"campfire_upgraded":5,"win_rate":0.0,"timestamp":1608236395,"path_taken":["M","M","M","M","M","R","M","E","T","M","?","M","R","M","R","BOSS","M","$","M","?","$","R","E","?","T","E","M","R","?","?","R","BOSS","M","$","?","?","?","E","R","?","T","M","?","E","M","M","R","BOSS","R","$","E","BOSS"],"items_purchased_type":["Relic","Relic","Card","Card"],"build_version":"2020-12-13","purchased_purges":4,"victory":false,"max_hp_per_floor":[72,72,72,72,72,72,72,72,72,72,72,76,76,79,79,79,79,79,79,82,82,82,82,85,85,85,88,92,92,92,92,92,100,100,103,103,90,90,90,90,90,85,85,85,85,85,88,91,91,91,91,91,91,91,91,91],"card_choices":[{"not_picked":["Juggernaut","Impervious"],"picked":"Demon Form","floor":0.0},{"not_picked":["Clothesline","Flame Barrier"],"picked":"Flex","floor":1.0},{"not_picked":["Armaments","Cleave"],"picked":"Carnage","floor":2.0},{"not_picked":["Warcry","Clothesline"],"picked":"Armaments","floor":3.0},{"not_picked":["Dark Embrace","Body Slam"],"picked":"Warcry","floor":4.0},{"not_picked":["Rupture","Iron Wave"],"picked":"Blood for Blood","floor":5.0},{"not_picked":["Reckless Charge","Seeing Red"],"picked":"Twin Strike","floor":7.0},{"not_picked":["Feel No Pain","Wild Strike"],"picked":"Sword Boomerang","floor":8.0},{"not_picked":["Flex","Sever Soul"],"picked":"Feed","floor":10.0},{"not_picked":["Combust","True Grit","Body Slam"],"picked":"SKIP","floor":12.0},{"not_picked":["Clash","Thunderclap"],"picked":"Shrug It Off","floor":14.0},{"not_picked":["Juggernaut","Exhume"],"picked":"Offering","floor":16.0},{"not_picked":["Clothesline","Shrug It Off"],"picked":"Uppercut","floor":18.0},{"not_picked":["Power Through","Perfected Strike"],"picked":"Sword Boomerang","floor":20.0},{"not_picked":["Perfected Strike","Feel No Pain+1","Combust+1"],"picked":"SKIP","floor":24.0},{"not_picked":["Power Through","True Grit"],"picked":"Evolve","floor":27.0},{"not_picked":["Thunderclap","Pommel Strike+1"],"picked":"Battle Trance","floor":28.0},{"not_picked":["Clash","Heavy Blade"],"picked":"Bloodletting","floor":30.0},{"not_picked":["Corruption","Feed"],"picked":"Fiend Fire","floor":33.0},{"not_picked":["Warcry+1","Feel No Pain+1","Wild Strike+1"],"picked":"SKIP","floor":35.0},{"not_picked":["Power Through","Ghostly Armor"],"picked":"Heavy Blade+1","floor":40.0},{"not_picked":["Body Slam+1","Spot Weakness+1"],"picked":"Inflame","floor":44.0},{"not_picked":["Fire Breathing","Thunderclap"],"picked":"Inflame+1","floor":45.0},{"not_picked":["Disarm","Headbutt+1"],"picked":"Flex+1","floor":46.0},{"not_picked":["Thunderclap","Entrench+1"],"picked":"Shockwave+1","floor":47.0},{"not_picked":["Body Slam","Shockwave","Clash+1"],"picked":"SKIP","floor":48.0},{"not_picked":["Barricade","Perfected Strike+1","Armaments"],"picked":"SKIP","floor":54.0}],"player_experience":217604,"relics_obtained":[{"floor":8.0,"key":"Whetstone"},{"floor":9.0,"key":"HornCleat"},{"floor":24.0,"key":"Paper Frog"},{"floor":26.0,"key":"PreservedInsect"},{"floor":27.0,"key":"Old Coin"},{"floor":39.0,"key":"TungstenRod"},{"floor":40.0,"key":"Potion Belt"},{"floor":45.0,"key":"Lizard Tail"},{"floor":46.0,"key":"Lantern"},{"floor":54.0,"key":"Champion Belt"}],"event_choices":[{"cards_removed":["Strike_R"],"damage_healed":0.0,"max_hp_gain":0.0,"max_hp_loss":0.0,"gold_gain":0.0,"event_name":"Living Wall","player_choice":"Forget","floor":11.0,"gold_loss":0.0,"damage_taken":0.0},{"damage_healed":0.0,"max_hp_gain":0.0,"max_hp_loss":0.0,"gold_gain":0.0,"event_name":"The Library","player_choice":"Read","floor":21.0,"gold_loss":0.0,"damage_taken":0.0,"cards_obtained":["Spot Weakness"]},{"damage_healed":0.0,"max_hp_gain":0.0,"max_hp_loss":0.0,"gold_gain":0.0,"cards_transformed":["Strike_R"],"event_name":"Transmorgrifier","player_choice":"Transformed","floor":25.0,"gold_loss":0.0,"damage_taken":0.0,"cards_obtained":["Headbutt"]},{"damage_healed":0.0,"max_hp_gain":0.0,"max_hp_loss":0.0,"gold_gain":0.0,"event_name":"Match and Keep!","player_choice":"0 cards matched","floor":31.0,"gold_loss":0.0,"damage_taken":0.0,"cards_obtained":[]},{"damage_healed":90.0,"max_hp_gain":0.0,"max_hp_loss":13.0,"gold_gain":0.0,"event_name":"The Moai Head","player_choice":"Heal","floor":37.0,"gold_loss":0.0,"damage_taken":0.0},{"cards_removed":["Defend_R"],"damage_healed":0.0,"max_hp_gain":0.0,"max_hp_loss":0.0,"gold_gain":0.0,"event_name":"Falling","player_choice":"Removed Skill","floor":38.0,"gold_loss":0.0,"damage_taken":0.0},{"damage_healed":0.0,"max_hp_gain":0.0,"max_hp_loss":5.0,"gold_gain":0.0,"event_name":"Winding Halls","player_choice":"Max HP","floor":42.0,"gold_loss":0.0,"damage_taken":0.0},{"damage_healed":0.0,"max_hp_gain":0.0,"max_hp_loss":0.0,"gold_gain":0.0,"event_name":"MindBloom","player_choice":"Fight","floor":45.0,"gold_loss":0.0,"damage_taken":0.0}],"is_beta":false,"boss_relics":[{"not_picked":["Black Blood","Sozu"],"picked":"Runic Pyramid"},{"not_picked":["Runic Dome","Empty Cage"],"picked":"Coffee Dripper"}],"items_purged_floors":[19,22,36,53],"is_endless":false,"potions_floor_spawned":[3,4,7,8,14,16,20,24,27,28,40,45,46],"killed_by":"The Heart","ascension_level":8}}