{"host":"3j2m8n0ywf988fwb","time":1608225108,"event":{"mods":["Act Like it!","Aspiration","BaseMod","Beaked The Cultist","Better Altar","Better Match","Better Note","Better Sensory Stone","Better Skull","Better Third Choice","CCEM","Colored Map","Colored Powertips","Conspire","Energized Spire","GifTheSpireLib","Googly Eyes","Halation","Hallownest","Highlight Path","Hubris","Jedi Mod","Marisa????????","Marked Mod","Mimic Mod","Minty Spire (QoL Compilation)","Random Character Button","Relic Stats","Replay The Spire","Robot Space Explorer","Shop Mod","Somnambulant","StSLib","Stuff the Spire","The Bug Knight","The Hierophant","The Runesmith","TheFirefly","Unceasing Turn Reminder","everything is the same but u backflip on backflip"],"gold_per_floor":[115,115,0,20,35,69,109,109,109,140,159,159,186,205,205,301,301,318,318,102,119,138,138,78,78,78,95,10,39,39,39,39,135,135,146,162,178,178,178],"floor_reached":38,"playtime":2480,"items_purged":["somnambulantmod: SomnambulantStrike","somnambulantmod: SomnambulantStrike","somnambulantmod: LoseForm"],"score":480,"play_id":"bba8e71a-99a1-482e-aa28-499ea2f50e55","local_time":"20201217111148","is_ascension_mode":true,"campfire_choices":[{"floor":8,"key":"REST"},{"floor":12,"key":"REST"},{"floor":15,"key":"REST"},{"floor":23,"key":"REST"},{"floor":25,"key":"REST"},{"floor":30,"key":"REST"},{"floor":32,"key":"REST"}],"circlet_count":0,"master_deck":["somnambulantmod: SomnambulantStrike+1","somnambulantmod: SomnambulantStrike","somnambulantmod: SomnambulantStrike","somnambulantmod: Defend_Somnambulant+1","somnambulantmod: Defend_Somnambulant","somnambulantmod: Defend_Somnambulant","somnambulantmod: Defend_Somnambulant","somnambulantmod: Defend_Somnambulant+1","somnambulantmod: QuickNap+1","somnambulantmod: PrimingPunch","somnambulantmod: Reject","somnambulantmod: HorrificThought","somnambulantmod: Unmake+1","somnambulantmod: SleepingBody","somnambulantmod: Stimulus","somnambulantmod: Harden","somnambulantmod: SickeningSwathe+1","somnambulantmod: LostMind","Specialist+1","Sadistic Nature+1","somnambulantmod: NightHaunts","jedi:forcepush+1","somnambulantmod: Bruise","StuffTheSpire:Rapture","somnambulantmod: Overshare","somnambulantmod: AllForNothing","somnambulantmod: BadIdea","somnambulantmod: MindWave","somnambulantmod: RacingThoughts","somnambulantmod: Pinch+1","somnambulantmod: Damping","somnambulantmod: SickeningSwathe+1","somnambulantmod: Sleepyhead+1","somnambulantmod: ShimmeringVeil+1"],"relics":["somnambulantmod: DreamJournal","CCEMRelics:WarHorn","hubris:Towel","Hallownest:BankAccountRelic","halation:AfternoonTea","Oddly Smooth Stone","jedi:arcanewood","hubris:TenFootPole","Iron Hammer","CCEMRelics:FestiveHat","aspiration:FutureDiary","StuffTheSpire:Mouthbags","somnambulantmod: MemoirOfAnother","PreservedInsect","Black Star"],"acts_visited":["Exordium","TheCity","TheBeyond"],"potions_floor_usage":[],"damage_taken":[{"damage":2,"enemies":"Hallownest:2_Baldur","floor":1,"turns":6},{"damage":2,"enemies":"Hallownest:monsterHuskWarrior","floor":4,"turns":6},{"damage":7,"enemies":"2_ Uuma","floor":5,"turns":6},{"damage":8,"enemies":"Hallownest:eliteVengeflyKing","floor":6,"turns":8},{"damage":3,"enemies":"Hallownest:Wandering_and_Horned","floor":7,"turns":14},{"damage":8,"enemies":"Hallownest:eliteMossKnight","floor":10,"turns":10},{"damage":3,"enemies":"Hallownest:Wandering_and_Horned","floor":11,"turns":2},{"damage":10,"enemies":"Hallownest:eliteVengeflyKing","floor":13,"turns":6},{"damage":12,"enemies":"Hallownest:Guard_and_Warrior","floor":14,"turns":6},{"damage":14,"enemies":"Hallownest:BossBrokenVessel","floor":16,"turns":15},{"damage":24,"enemies":"Spheric Guardian","floor":18,"turns":6},{"damage":42,"enemies":"Shelled Parasite and Fungi","floor":21,"turns":6},{"damage":0,"enemies":"Snake Plant","floor":22,"turns":3},{"damage":64,"enemies":"3 Cultists","floor":27,"turns":6},{"damage":0,"enemies":"Gremlin Leader","floor":29,"turns":6},{"damage":65,"enemies":"hubris:MusketHawk","floor":33,"turns":8},{"damage":4,"enemies":"3 Shapes","floor":35,"turns":2},{"damage":24,"enemies":"Orb Walker","floor":36,"turns":4},{"damage":29,"enemies":"Maw","floor":37,"turns":7},{"damage":33,"enemies":"Sphere and 2 Shapes","floor":38,"turns":3}],"seed_played":"8902618911386018437","potions_obtained":[{"floor":4,"key":"SteroidPotion"},{"floor":6,"key":"PowerPotion"},{"floor":10,"key":"Dexterity Potion"},{"floor":22,"key":"Block Potion"}],"is_trial":false,"path_per_floor":["M","?","?","M","M","E","MIM","R","T","E","M","R","E","M","R","B",null,"M","?","$","M","M","R","$","R","T","M","$","E","R","T","R","B",null,"M","M","M","M"],"character_chosen":"THE_SOMNAMBULANT","items_purchased":["somnambulantmod: Overshare","somnambulantmod: LoseForm"],"campfire_rested":7,"item_purchase_floors":[20,20],"current_hp_per_floor":[47,47,47,45,38,30,27,50,50,57,54,74,73,61,76,65,76,52,45,45,3,3,27,27,52,52,3,3,3,29,29,55,5,84,80,56,27,0,0],"gold":178,"neow_bonus":"ONE_RARE_RELIC","is_daily":false,"chose_seed":false,"campfire_upgraded":0,"win_rate":0.0,"timestamp":1608225108,"path_taken":["M","?","?","M","?","E","?","R","T","E","M","R","E","M","R","BOSS","M","?","$","M","M","R","?","R","T","?","$","E","R","?","R","BOSS","M","M","M","M"],"items_purchased_type":["Card","Card"],"build_version":"2020-12-13","purchased_purges":3,"victory":false,"max_hp_per_floor":[70,70,70,70,70,70,70,72,72,72,72,74,74,74,76,76,76,76,76,76,76,76,78,78,80,80,80,80,80,82,82,84,84,84,84,84,84,84,84],"relic_stats":{"counters":[20,130],"PreservedInsect":0,"Black Star":0,"obtain_stats":[{"Oddly Smooth Stone":7,"PreservedInsect":31,"hubris:Towel":2,"somnambulantmod: MemoirOfAnother":29,"CCEMRelics:FestiveHat":13,"StuffTheSpire:Mouthbags":26,"Hallownest:BankAccountRelic":3,"somnambulantmod: DreamJournal":0,"Iron Hammer":10,"hubris:TenFootPole":9,"Black Star":34,"halation:AfternoonTea":6,"aspiration:FutureDiary":17,"CCEMRelics:WarHorn":0,"jedi:arcanewood":7},{"Oddly Smooth Stone":5,"PreservedInsect":15,"hubris:Towel":1,"somnambulantmod: MemoirOfAnother":15,"CCEMRelics:FestiveHat":8,"StuffTheSpire:Mouthbags":13,"Hallownest:BankAccountRelic":1,"somnambulantmod: DreamJournal":0,"Iron Hammer":6,"hubris:TenFootPole":5,"Black Star":16,"halation:AfternoonTea":4,"aspiration:FutureDiary":10,"CCEMRelics:WarHorn":0,"jedi:arcanewood":5},{"Oddly Smooth Stone":40,"PreservedInsect":106,"hubris:Towel":6,"somnambulantmod: MemoirOfAnother":106,"CCEMRelics:FestiveHat":58,"StuffTheSpire:Mouthbags":94,"Hallownest:BankAccountRelic":6,"somnambulantmod: DreamJournal":0,"Iron Hammer":50,"hubris:TenFootPole":40,"Black Star":114,"halation:AfternoonTea":26,"aspiration:FutureDiary":79,"CCEMRelics:WarHorn":0,"jedi:arcanewood":40}]},"card_choices":[{"not_picked":["somnambulantmod: Unknow","somnambulantmod: ShowerThought"],"picked":"somnambulantmod: Reject","floor":1},{"not_picked":["somnambulantmod: BadIdea","somnambulantmod: Wake"],"picked":"somnambulantmod: HorrificThought","floor":4},{"not_picked":["somnambulantmod: ImpenetrableMind","somnambulantmod: SnuggleUp"],"picked":"somnambulantmod: Unmake","floor":5},{"not_picked":["somnambulantmod: ViralIdea","somnambulantmod: BrainFeeder"],"picked":"somnambulantmod: SleepingBody","floor":6},{"not_picked":["somnambulantmod: Harden","somnambulantmod: Nosebleed"],"picked":"somnambulantmod: Stimulus","floor":7},{"not_picked":["somnambulantmod: ViralIdea","somnambulantmod: Blink"],"picked":"somnambulantmod: Harden","floor":10},{"not_picked":["somnambulantmod: HorrificThought","somnambulantmod: Bruise"],"picked":"somnambulantmod: SickeningSwathe","floor":11},{"not_picked":["somnambulantmod: Bruise","somnambulantmod: Blink"],"picked":"somnambulantmod: LostMind","floor":13},{"not_picked":["hubris:EnhanceAbility+1","hubris:Insight+1"],"picked":"Specialist+1","floor":14},{"not_picked":["somnambulantmod: LeechFears","somnambulantmod: PillowFort"],"picked":"somnambulantmod: MindWave","floor":14},{"not_picked":["Violence+1","Metamorphosis+1"],"picked":"Sadistic Nature+1","floor":16},{"not_picked":["somnambulantmod: Narcolepsy","somnambulantmod: NewDawn"],"picked":"somnambulantmod: NightHaunts","floor":16},{"not_picked":["Transmutation+1","Secret Technique+1"],"picked":"jedi:forcepush+1","floor":18},{"not_picked":["somnambulantmod: HorrificThought","somnambulantmod: Cower"],"picked":"somnambulantmod: Bruise","floor":18},{"not_picked":["somnambulantmod: HorrificThought","somnambulantmod: Relive+1"],"picked":"somnambulantmod: AllForNothing","floor":21},{"not_picked":["somnambulantmod: SnuggleUp","somnambulantmod: ViralIdea"],"picked":"somnambulantmod: BadIdea","floor":22},{"not_picked":["somnambulantmod: Harden","somnambulantmod: Bruise"],"picked":"somnambulantmod: RacingThoughts","floor":27},{"not_picked":["somnambulantmod: Reject","somnambulantmod: AllForNothing+1"],"picked":"somnambulantmod: Pinch","floor":29},{"not_picked":["somnambulantmod: NightHaunts","somnambulantmod: NewDawn"],"picked":"somnambulantmod: Damping","floor":33},{"not_picked":["somnambulantmod: Cower","somnambulantmod: Sleepyhead"],"picked":"somnambulantmod: SickeningSwathe+1","floor":35},{"not_picked":["somnambulantmod: Bruise+1","somnambulantmod: Unmake"],"picked":"somnambulantmod: Sleepyhead+1","floor":36},{"not_picked":["somnambulantmod: RecurringDream+1","somnambulantmod: MindWave"],"picked":"somnambulantmod: ShimmeringVeil+1","floor":37}],"player_experience":981824,"relics_obtained":[{"floor":6,"key":"halation:AfternoonTea"},{"floor":7,"key":"Oddly Smooth Stone"},{"floor":7,"key":"jedi:arcanewood"},{"floor":9,"key":"hubris:TenFootPole"},{"floor":10,"key":"Iron Hammer"},{"floor":13,"key":"CCEMRelics:FestiveHat"},{"floor":26,"key":"StuffTheSpire:Mouthbags"},{"floor":29,"key":"somnambulantmod: MemoirOfAnother"},{"floor":31,"key":"PreservedInsect"}],"event_choices":[],"is_beta":false,"boss_relics":[{"not_picked":["Velvet Choker","Replay:Wanted Poster"],"picked":"aspiration:FutureDiary"},{"not_picked":["Honey Jar","hubris:TerracottaHorce"],"picked":"Black Star"}],"items_purged_floors":[20,24,28],"is_endless":false,"potions_floor_spawned":[4,6,10,16,22,36],"killed_by":"Sphere and 2 Shapes","ascension_level":2}}