{"host":"ss2ocoam53r2lno0","time":1608231003,"event":{"mods":["Act Like it!","BaseMod","ChefMod","Colored Powertips","Displayed Cursed Tome","Downfall","Googly Eyes","Hallownest","Highlight Path","Minty Spire (QoL Compilation)","Rare Cards Sparkle","Robot Space Explorer","Shade Mod","Shop Mod","Spicy Shops","StSLib"],"gold_per_floor":[110,110,110,110,135,135,166,166,166,166,183,210,221,54,54,154,154,167,177,192,210,210,240,155,155,178,209,219,250,250,250,250,354,354,374,421,90,102,119,119,148,148,173,202,233,262,274,328,340,352],"floor_reached":51,"playtime":6308,"items_purged":["chefmod:Strike","chefmod:Sorbet"],"score":1098,"play_id":"166b1ae7-378e-4bf3-8893-462d8d320f3b","local_time":"20201217195003","is_ascension_mode":true,"campfire_choices":[{"data":"chefmod:QuickThaw","floor":6,"key":"SMITH"},{"data":"chefmod:FreezeSolid","floor":10,"key":"SMITH"},{"data":"chefmod:KnifeFlurry","floor":15,"key":"SMITH"},{"data":"chefmod:FreshProduce","floor":25,"key":"SMITH"},{"data":"chefmod:Escargot","floor":30,"key":"SMITH"},{"data":"chefmod:OldCookbook","floor":32,"key":"SMITH"},{"floor":40,"key":"DIG"},{"floor":42,"key":"DIG"},{"floor":47,"key":"DIG"},{"floor":49,"key":"DIG"}],"circlet_count":0,"master_deck":["chefmod:Strike","chefmod:Defend","chefmod:Defend","chefmod:QuickThaw+1","chefmod:TodaysSpecial","chefmod:FreezeSolid+1","chefmod:Escargot+1","chefmod:OrderUp","chefmod:KnifeFlurry+1","chefmod:SushiPlatter","chefmod:SaveForLater+1","chefmod:FreshProduce+1","chefmod:OldCookbook+1","chefmod:FiveAlarmChili","chefmod:Omelette","chefmod:FreshProduce+1","chefmod:FiveAlarmChili+1"],"relics":["chefmod:TrustyPot","NeowsBlessing","Hallownest:DreamNailRelic","Gremlin Horn","Eternal Feather","Blood Vial","Mango","Meat on the Bone","InkBottle","Unceasing Top","expansioncontent:StudyCardRelic","Question Card","Sundial","Oddly Smooth Stone","TungstenRod","Anchor","Fusion Hammer","Shovel","Pear","Mummified Hand","Bronze Scales","CeramicFish","MawBank","White Beast Statue","FossilizedHelix","Strawberry"],"acts_visited":["Hallownest:Greenpath","TheCity","TheBeyond"],"potions_floor_usage":[16,23,27],"damage_taken":[{"damage":0,"enemies":"Hallownest:2_Baldur","floor":1,"turns":1},{"damage":0,"enemies":"Hallownest:eliteMossKnight","floor":7,"turns":1},{"damage":0,"enemies":"Hallownest:monsterMarmu","floor":8,"turns":3},{"damage":1,"enemies":"Hallownest:monsterHuskGuard","floor":11,"turns":4},{"damage":6,"enemies":"Hallownest:eliteCrystalGuardian","floor":12,"turns":8},{"damage":3,"enemies":"Hallownest:2_Tiktiks_and_1_Crawlid","floor":13,"turns":4},{"damage":12,"enemies":"Hallownest:BossFalseKnight","floor":16,"turns":9},{"damage":6,"enemies":"Chosen","floor":18,"turns":2},{"damage":10,"enemies":"Spheric Guardian","floor":19,"turns":3},{"damage":18,"enemies":"3 Cultists","floor":20,"turns":5},{"damage":20,"enemies":"Sentry and Sphere","floor":21,"turns":5},{"damage":21,"enemies":"Book of Stabbing","floor":23,"turns":4},{"damage":32,"enemies":"Slavers","floor":27,"turns":2},{"damage":2,"enemies":"Snake Plant","floor":28,"turns":5},{"damage":0,"enemies":"Book of Stabbing","floor":29,"turns":3},{"damage":11,"enemies":"Collector","floor":33,"turns":3},{"damage":0,"enemies":"3 Darklings","floor":35,"turns":1},{"damage":0,"enemies":"2 Orb Walkers","floor":36,"turns":2},{"damage":25,"enemies":"Orb Walker","floor":38,"turns":4},{"damage":0,"enemies":"Writhing Mass","floor":39,"turns":3},{"damage":0,"enemies":"Reptomancer","floor":41,"turns":2},{"damage":0,"enemies":"Jaw Worm Horde","floor":44,"turns":1},{"damage":13,"enemies":"Nemesis","floor":45,"turns":5},{"damage":0,"enemies":"Spire Growth","floor":46,"turns":3},{"damage":0,"enemies":"Giant Head","floor":48,"turns":3},{"damage":5,"enemies":"Awakened One","floor":50,"turns":4}],"seed_played":"6115499727974095272","potions_obtained":[{"floor":1,"key":"Dexterity Potion"},{"floor":12,"key":"SmokeBomb"},{"floor":18,"key":"SteroidPotion"},{"floor":21,"key":"Dexterity Potion"},{"floor":28,"key":"Regen Potion"},{"floor":36,"key":"Guardian:BlockOnCardUsePotion"}],"is_trial":false,"path_per_floor":["M","?","?","?","T","R","E","?","T","R","M","E","M","$","R","B",null,"M","M","M","M","?","E","?","R","T","E","M","E","R","?","R","B",null,"M","?","$","M","M","R","E","R","T","M","E","M","R","E","R","B",null],"character_chosen":"THE_CHEF","items_purchased":["Unceasing Top","chefmod:Omelette"],"campfire_rested":0,"item_purchase_floors":[14,37],"current_hp_per_floor":[76,76,58,58,58,61,77,79,79,82,83,79,78,78,84,74,90,84,76,60,54,54,47,47,53,53,35,47,53,59,59,65,56,90,90,90,90,65,67,86,88,97,97,99,87,89,98,100,107,102],"gold":364,"neow_bonus":"THREE_ENEMY_KILL","is_daily":false,"chose_seed":false,"campfire_upgraded":6,"win_rate":0.0,"timestamp":1608231003,"path_taken":["M","?","?","?","?","R","E","?","T","R","?","E","M","$","R","BOSS","M","M","M","M","?","E","?","R","T","E","M","E","R","?","R","BOSS","M","?","$","M","M","R","E","R","T","M","E","M","R","E","R","BOSS"],"items_purchased_type":["Relic","Card"],"build_version":"2020-12-13","purchased_purges":2,"victory":true,"max_hp_per_floor":[76,76,76,76,76,76,90,90,90,90,90,90,90,90,90,90,90,90,90,90,90,90,90,90,90,90,90,90,90,90,90,90,90,90,90,90,90,90,90,100,100,100,100,100,100,100,100,100,107,107],"card_choices":[{"not_picked":["chefmod:Gelato","chefmod:BaoBuns","chefmod:Sorbet"],"picked":"SKIP","floor":1},{"not_picked":["chefmod:SliceAndDice","chefmod:IcePick"],"picked":"chefmod:FreezeSolid","floor":7},{"not_picked":["chefmod:Sorbet","chefmod:IcePick"],"picked":"chefmod:Escargot","floor":11},{"not_picked":["chefmod:FireUp","chefmod:MonsterBait"],"picked":"chefmod:OrderUp","floor":12},{"not_picked":["chefmod:BaoBuns","chefmod:Defrost"],"picked":"chefmod:KnifeFlurry","floor":13},{"not_picked":["chefmod:CandyBowl","chefmod:Mince"],"picked":"chefmod:SushiPlatter","floor":16},{"not_picked":["chefmod:HotSoup","chefmod:SpaghettiCarbonara"],"picked":"chefmod:SaveForLater+1","floor":18},{"not_picked":["chefmod:ColdSteel+1","chefmod:DoubleChop","chefmod:SliceAndDice"],"picked":"SKIP","floor":19},{"not_picked":["chefmod:HotSoup+1","chefmod:Fillet"],"picked":"chefmod:Sorbet","floor":20},{"not_picked":["chefmod:IcePick","chefmod:FireUp","chefmod:FryPan"],"picked":"SKIP","floor":21},{"not_picked":["chefmod:Chop","chefmod:ColdSteel+1","chefmod:Mince"],"picked":"SKIP","floor":23},{"not_picked":["chefmod:Granita","chefmod:Ratatouille","chefmod:DoubleChop","chefmod:FullBurn"],"picked":"SKIP","floor":27},{"not_picked":["chefmod:Granita","chefmod:FullBurn+1","chefmod:DimSum+1","chefmod:FireUp+1"],"picked":"SKIP","floor":28},{"not_picked":["chefmod:IcePick","chefmod:HotSoup","chefmod:ColdSteel","chefmod:DoubleChop"],"picked":"SKIP","floor":29},{"not_picked":["chefmod:FireUp+1","chefmod:DinoKale+1","chefmod:IcePick","chefmod:Sorbet+1"],"picked":"SKIP","floor":35},{"not_picked":["chefmod:FarmersMarket","chefmod:Fillet+1","chefmod:CuttingBoard+1"],"picked":"chefmod:FiveAlarmChili","floor":36},{"not_picked":["chefmod:FreshProduce","chefmod:Fillet","chefmod:DinoKale","chefmod:Granita"],"picked":"SKIP","floor":38},{"not_picked":["chefmod:ColdSteel","chefmod:Sorbet","chefmod:TonkotsuRamen+1","chefmod:ZaruSoba"],"picked":"SKIP","floor":39},{"not_picked":["chefmod:DoubleChop+1","chefmod:FrozenTuna","chefmod:HotSoup","chefmod:VegetableTart"],"picked":"SKIP","floor":41},{"not_picked":["chefmod:LocoMoco+1","chefmod:IcePick","chefmod:SaveForLater"],"picked":"chefmod:FreshProduce+1","floor":44},{"not_picked":["chefmod:Defrost+1","chefmod:Fillet","chefmod:FullBurn+1","chefmod:Flambe"],"picked":"SKIP","floor":45},{"not_picked":["chefmod:DinoKale","chefmod:SliceAndDice+1","chefmod:FryPan+1","chefmod:HotSoup+1"],"picked":"SKIP","floor":46},{"not_picked":["chefmod:Julienne","chefmod:BaoBuns+1","chefmod:Bruschetta"],"picked":"chefmod:FiveAlarmChili+1","floor":48}],"player_experience":565892,"relics_obtained":[{"floor":5,"key":"Blood Vial"},{"floor":7,"key":"Mango"},{"floor":9,"key":"Meat on the Bone"},{"floor":12,"key":"InkBottle"},{"floor":23,"key":"Question Card"},{"floor":26,"key":"Oddly Smooth Stone"},{"floor":27,"key":"TungstenRod"},{"floor":29,"key":"Anchor"},{"floor":36,"key":"Shovel"},{"floor":40,"key":"Pear"},{"floor":41,"key":"Mummified Hand"},{"floor":42,"key":"Bronze Scales"},{"floor":43,"key":"CeramicFish"},{"floor":45,"key":"MawBank"},{"floor":47,"key":"White Beast Statue"},{"floor":48,"key":"FossilizedHelix"},{"floor":49,"key":"Strawberry"}],"event_choices":[{"damage_healed":0,"gold_gain":0,"player_choice":"Read","damage_taken":0,"max_hp_gain":0,"max_hp_loss":0,"event_name":"The Library","floor":22,"gold_loss":0,"cards_obtained":["chefmod:FreshProduce"]},{"damage_healed":0,"gold_gain":0,"player_choice":"Obtained Relic","damage_taken":0,"relics_obtained":["Sundial"],"max_hp_gain":0,"max_hp_loss":0,"event_name":"Addict","floor":24,"gold_loss":85},{"damage_healed":0,"gold_gain":0,"cards_transformed":["chefmod:Strike"],"player_choice":"Transformed","damage_taken":0,"max_hp_gain":0,"max_hp_loss":0,"event_name":"Transmorgrifier","floor":31,"gold_loss":0,"cards_obtained":["chefmod:OldCookbook"]},{"damage_healed":0,"gold_gain":0,"player_choice":"Fight","damage_taken":0,"max_hp_gain":0,"max_hp_loss":0,"event_name":"Mysterious Sphere","floor":36,"gold_loss":0}],"is_beta":false,"boss_relics":[{"not_picked":["Snecko Eye","Runic Dome"],"picked":"expansioncontent:StudyCardRelic"},{"not_picked":["Sozu","Busted Crown"],"picked":"Fusion Hammer"}],"items_purged_floors":[14,37],"is_endless":false,"potions_floor_spawned":[1,12,18,21,28,36,39,44,46,48],"ascension_level":1}}