{"host":"0fm1w3v00gid44jl","time":1608231116,"event":{"mods":["AchievementEnabler","BaseMod","Colored Map","Colored Powertips","Displayed Cursed Tome","Downfall","Googly Eyes","Highlight Path","Minty Spire (QoL Compilation)","Permanent Neow","Relic Stats","StSLib","SuperFastMode","slay the spire mod where everything is the same but ironclad has a cowboy hat"],"gold_per_floor":[349,361,24,24,24,24,24],"floor_reached":6,"playtime":223,"items_purged":[],"score":32,"play_id":"16f6e4e8-a066-4fb5-b64f-a5db4ad25ffb","local_time":"20201217125156","is_ascension_mode":false,"campfire_choices":[{"data":"champ:Execute","floor":1,"key":"SMITH"}],"circlet_count":0,"master_deck":["champ:Strike","champ:Strike","champ:Strike","champ:Strike","champ:Defend","champ:Defend","champ:Defend","champ:Defend","champ:Execute+1","champ:Taunt","champ:Control","champ:StrikeOfGenius","champ:AdrenalArmor","Enlightenment","champ:BladeFlurry"],"relics":["champ:ChampionCrown","Juzu Bracelet","downfall:ShatteredFragment"],"acts_visited":["Exordium"],"potions_floor_usage":[],"damage_taken":[{"damage":5,"enemies":"Cultist","floor":2,"turns":3},{"damage":5,"enemies":"downfall:FleeingMerchant","floor":3,"turns":4},{"damage":84,"enemies":"Gremlin Nob","floor":6,"turns":4}],"seed_played":"6920396504108758757","potions_obtained":[{"floor":4,"key":"SkillPotion"},{"floor":4,"key":"DistilledChaos"},{"floor":4,"key":"Dexterity Potion"}],"is_trial":false,"path_per_floor":["R","M","$","?","?","E"],"character_chosen":"THE_CHAMP","items_purchased":["champ:AdrenalArmor","Enlightenment","Juzu Bracelet","champ:BladeFlurry"],"campfire_rested":0,"item_purchase_floors":[3,3,3,3],"current_hp_per_floor":[81,81,81,81,54,0,0],"gold":24,"neow_bonus":"TWO_FIFTY_GOLD","is_daily":false,"chose_seed":false,"campfire_upgraded":1,"win_rate":0.0,"timestamp":1608231116,"path_taken":["R","M","$","?","?","E"],"items_purchased_type":["Card","Card","Relic","Card"],"build_version":"2020-12-13","purchased_purges":0,"victory":false,"max_hp_per_floor":[81,81,81,81,81,81,81],"relic_stats":{"counters":[3,11],"Juzu Bracelet":2,"obtain_stats":[{"downfall:ShatteredFragment":5,"champ:ChampionCrown":0,"Juzu Bracelet":3},{"downfall:ShatteredFragment":2,"champ:ChampionCrown":0,"Juzu Bracelet":2},{"downfall:ShatteredFragment":7,"champ:ChampionCrown":0,"Juzu Bracelet":7}]},"card_choices":[{"not_picked":["champ:Circumvent","champ:CrookedStrike"],"picked":"champ:Control","floor":2},{"not_picked":["champ:FocusedGladiator","champ:TornadoPunch"],"picked":"champ:StrikeOfGenius","floor":3}],"player_experience":1379176,"relics_obtained":[],"event_choices":[{"damage_healed":0,"gold_gain":0,"player_choice":"Got Potions","damage_taken":0,"max_hp_gain":0,"max_hp_loss":0,"event_name":"Lab","floor":4,"gold_loss":0}],"is_beta":false,"boss_relics":[],"items_purged_floors":[],"is_endless":false,"potions_floor_spawned":[],"killed_by":"Gremlin Nob","ascension_level":0}}