{"host":"2ttsipbxjlhedj1t","time":1608242626,"event":{"mods":["2.2 Compatiblity","Act Like it!","BaseMod","Colored Map","Colored Powertips","Curses Come First","Highlight Path","Minty Spire (QoL Compilation)","Quick Restart","Robot Space Explorer","Shop Mod","StSLib"],"gold_per_floor":[115,127,146,29,43,43,43,43,70,70,70,84,115,134,134,235,235,246,258,268,37,37,63,24,58,58,58,85,100,100,5,5,100,150,167,167,246,246,260,288,303,303,328,342,392,406,426,441,441,441],"floor_reached":51,"playtime":3855,"items_purged":["RobotSpaceExplorer:Defend"],"score":805,"play_id":"4f352ead-f8aa-46a8-9935-a9202ad9d917","local_time":"20201217170346","is_ascension_mode":true,"campfire_choices":[{"data":"RobotSpaceExplorer:LuckyStrike","floor":6,"key":"SMITH"},{"data":"RobotSpaceExplorer:Probe","floor":8,"key":"SMITH"},{"data":"RobotSpaceExplorer:Scan","floor":11,"key":"SMITH"},{"data":"RobotSpaceExplorer:Exploration","floor":15,"key":"SMITH"},{"data":"RobotSpaceExplorer:Accelerator","floor":27,"key":"SMITH"},{"floor":32,"key":"REST"},{"data":"RobotSpaceExplorer:MiniBoosters","floor":49,"key":"SMITH"}],"circlet_count":0,"master_deck":["RobotSpaceExplorer:Strike","RobotSpaceExplorer:Strike+1","RobotSpaceExplorer:Strike","RobotSpaceExplorer:Strike","RobotSpaceExplorer:Defend","RobotSpaceExplorer:Defend","RobotSpaceExplorer:Scan+1","RobotSpaceExplorer:MiniLasers","RobotSpaceExplorer:FranticSearch","RobotSpaceExplorer:LuckyStrike+1","RobotSpaceExplorer:Probe+1","RobotSpaceExplorer:ImprovisedAttack","RobotSpaceExplorer:Accelerator+1","RobotSpaceExplorer:ScrapMissile","RobotSpaceExplorer:MiniDrones","RobotSpaceExplorer:ScrapToss+1","RobotSpaceExplorer:MiniBoosters+1","RobotSpaceExplorer:ScrapMissile","RitualDagger+1","RobotSpaceExplorer:ImprovisedAttack","RobotSpaceExplorer:MiniBoosters+1","RobotSpaceExplorer:Fix","RobotSpaceExplorer:ScrapToss+1","RobotSpaceExplorer:Multitool"],"relics":["RobotSpaceExplorer:RoboCore","Anchor","CaptainsWheel","Tiny Chest","Question Card","Busted Crown","Toolbox","Nilry\u0027s Codex","Darkstone Periapt","RobotSpaceExplorer:RingOfTheNewt","Sundial","Orichalcum","Tiny House","InkBottle","PreservedInsect","Pantograph","Whetstone","Gambling Chip"],"acts_visited":["Exordium","TheCity","TheBeyond"],"potions_floor_usage":[13,13,16,23,33,39,40,40,45],"damage_taken":[{"damage":0,"enemies":"Cultist","floor":1,"turns":3},{"damage":0,"enemies":"Jaw Worm","floor":2,"turns":4},{"damage":2,"enemies":"2 Louse","floor":3,"turns":2},{"damage":5,"enemies":"Exordium Thugs","floor":5,"turns":5},{"damage":0,"enemies":"3 Louse","floor":12,"turns":2},{"damage":0,"enemies":"Lagavulin","floor":13,"turns":4},{"damage":3,"enemies":"2 Fungi Beasts","floor":14,"turns":3},{"damage":59,"enemies":"The Guardian","floor":16,"turns":15},{"damage":0,"enemies":"2 Thieves","floor":18,"turns":4},{"damage":0,"enemies":"3 Byrds","floor":19,"turns":4},{"damage":3,"enemies":"Shelled Parasite and Fungi","floor":20,"turns":4},{"damage":8,"enemies":"Book of Stabbing","floor":23,"turns":5},{"damage":0,"enemies":"Gremlin Leader","floor":25,"turns":5},{"damage":2,"enemies":"Sentry and Sphere","floor":29,"turns":4},{"damage":27,"enemies":"Automaton","floor":33,"turns":8},{"damage":10,"enemies":"Orb Walker","floor":35,"turns":4},{"damage":28,"enemies":"3 Darklings","floor":39,"turns":3},{"damage":6,"enemies":"Giant Head","floor":40,"turns":7},{"damage":5,"enemies":"Writhing Mass","floor":41,"turns":6},{"damage":0,"enemies":"4 Shapes","floor":44,"turns":2},{"damage":10,"enemies":"Mind Bloom Boss Battle","floor":45,"turns":6},{"damage":0,"enemies":"3 Darklings","floor":46,"turns":2},{"damage":0,"enemies":"Sphere and 2 Shapes","floor":47,"turns":3},{"damage":0,"enemies":"Jaw Worm Horde","floor":48,"turns":3},{"damage":38,"enemies":"Time Eater","floor":50,"turns":11}],"seed_played":"-8350990920499550082","potions_obtained":[{"floor":2,"key":"RobotSpaceExplorer:PlasmaFlask"},{"floor":5,"key":"LiquidMemories"},{"floor":13,"key":"Regen Potion"},{"floor":14,"key":"DuplicationPotion"},{"floor":18,"key":"Strength Potion"},{"floor":25,"key":"Weak Potion"},{"floor":33,"key":"EssenceOfSteel"},{"floor":34,"key":"FairyPotion"},{"floor":35,"key":"DistilledChaos"},{"floor":41,"key":"BlessingOfTheForge"},{"floor":45,"key":"Fruit Juice"},{"floor":46,"key":"FearPotion"}],"is_trial":false,"path_per_floor":["M","M","M","$","M","R","?","R","T","T","R","M","E","M","R","B",null,"M","M","M","$","?","E","$","E","T","R","T","M","?","$","R","B",null,"M","?","T","?","M","E","M","T","T","M","?","M","M","M","R","B",null],"character_chosen":"RobotSpaceExplorer","items_purchased":["RobotSpaceExplorer:LuckyStrike","RobotSpaceExplorer:Probe","Toolbox","RobotSpaceExplorer:MiniBoosters","Fruit Juice"],"campfire_rested":1,"item_purchase_floors":[4,4,21,24,31],"current_hp_per_floor":[82,82,80,80,75,75,68,68,68,68,68,68,68,65,65,6,82,82,82,79,79,63,55,55,55,55,55,55,53,47,47,71,49,92,82,82,82,82,54,63,58,58,58,62,86,90,94,97,97,63],"gold":441,"neow_bonus":"TEN_PERCENT_HP_BONUS","is_daily":false,"chose_seed":false,"campfire_upgraded":6,"win_rate":0.0,"timestamp":1608242626,"path_taken":["M","M","?","$","M","R","?","R","T","?","R","M","E","M","R","BOSS","M","?","M","$","?","E","?","E","T","R","?","M","?","?","R","BOSS","M","?","?","?","?","E","?","?","T","M","?","M","M","M","R","BOSS"],"items_purchased_type":["Card","Card","Relic","Card","Potion"],"build_version":"2020-12-13","purchased_purges":1,"victory":true,"max_hp_per_floor":[82,82,82,82,82,82,82,82,82,82,82,82,82,82,82,82,82,82,82,82,82,82,82,82,82,82,82,82,82,82,82,82,87,92,92,92,92,92,92,92,92,92,92,92,97,97,97,97,97,97],"card_choices":[{"not_picked":["RobotSpaceExplorer:DoubleFind","RobotSpaceExplorer:SurgingShield"],"picked":"RobotSpaceExplorer:FranticSearch","floor":1},{"not_picked":["RobotSpaceExplorer:GlueShot","RobotSpaceExplorer:ShockKick","RobotSpaceExplorer:Pulsar"],"picked":"SKIP","floor":2},{"not_picked":["RobotSpaceExplorer:DoubleFind","RobotSpaceExplorer:GlueSpray","RobotSpaceExplorer:DoubleBlock"],"picked":"SKIP","floor":3},{"not_picked":["RobotSpaceExplorer:StarDust","RobotSpaceExplorer:PowerCollector"],"picked":"RobotSpaceExplorer:ImprovisedAttack","floor":5},{"not_picked":["RobotSpaceExplorer:ScrapMissile","RobotSpaceExplorer:MiniDrones","RobotSpaceExplorer:DualCore"],"picked":"SKIP","floor":12},{"not_picked":["RobotSpaceExplorer:ImprovisedAttack","RobotSpaceExplorer:JunkDive"],"picked":"RobotSpaceExplorer:Exploration","floor":13},{"not_picked":["RobotSpaceExplorer:PlasmaMissile","RobotSpaceExplorer:GlueSpray","RobotSpaceExplorer:PowerGlove"],"picked":"SKIP","floor":14},{"not_picked":["RobotSpaceExplorer:BlastShield","RobotSpaceExplorer:HighVoltage"],"picked":"RobotSpaceExplorer:Accelerator","floor":16},{"not_picked":["RobotSpaceExplorer:Smokescreen"],"picked":"RobotSpaceExplorer:ScrapMissile","floor":18},{"not_picked":["RobotSpaceExplorer:GlueSpray","RobotSpaceExplorer:SwiftStep"],"picked":"SKIP","floor":19},{"not_picked":["RobotSpaceExplorer:PowerGlove"],"picked":"RobotSpaceExplorer:MiniDrones","floor":20},{"not_picked":["RobotSpaceExplorer:MetalStrike"],"picked":"RobotSpaceExplorer:ScrapToss","floor":23},{"not_picked":["RobotSpaceExplorer:SwiftStep+1"],"picked":"RobotSpaceExplorer:ScrapMissile","floor":25},{"not_picked":["RobotSpaceExplorer:GlueShot","RobotSpaceExplorer:DroneSwarm"],"picked":"SKIP","floor":29},{"not_picked":["RobotSpaceExplorer:Autoloader"],"picked":"RobotSpaceExplorer:Wormhole","floor":33},{"not_picked":["RobotSpaceExplorer:Blitz"],"picked":"RobotSpaceExplorer:ImprovisedAttack","floor":34},{"not_picked":["RobotSpaceExplorer:FrostMissile","RobotSpaceExplorer:ExhaustFan+1"],"picked":"SKIP","floor":35},{"not_picked":["RobotSpaceExplorer:SurgingShield","RobotSpaceExplorer:FrostMissile"],"picked":"SKIP","floor":39},{"not_picked":["RobotSpaceExplorer:DoubleFind+1"],"picked":"RobotSpaceExplorer:MiniBoosters","floor":40},{"not_picked":["RobotSpaceExplorer:ImprovisedAttack"],"picked":"RobotSpaceExplorer:Fix","floor":41},{"not_picked":["RobotSpaceExplorer:MakeshiftVolley+1"],"picked":"RobotSpaceExplorer:ScrapToss+1","floor":44},{"not_picked":["RobotSpaceExplorer:Counterblock+1"],"picked":"RobotSpaceExplorer:Multitool","floor":46},{"not_picked":["RobotSpaceExplorer:ExhaustFan+1","RobotSpaceExplorer:FreezingShield"],"picked":"SKIP","floor":47},{"not_picked":["RobotSpaceExplorer:ExhaustFan","RobotSpaceExplorer:SurgingShield"],"picked":"SKIP","floor":48}],"player_experience":354390,"relics_obtained":[{"floor":9,"key":"Anchor"},{"floor":10,"key":"CaptainsWheel"},{"floor":13,"key":"Tiny Chest"},{"floor":16,"key":"Question Card"},{"floor":22,"key":"Nilry\u0027s Codex"},{"floor":23,"key":"Darkstone Periapt"},{"floor":25,"key":"RobotSpaceExplorer:RingOfTheNewt"},{"floor":26,"key":"Sundial"},{"floor":28,"key":"Orichalcum"},{"floor":37,"key":"InkBottle"},{"floor":40,"key":"PreservedInsect"},{"floor":42,"key":"Pantograph"},{"floor":43,"key":"Whetstone"},{"floor":45,"key":"Gambling Chip"}],"event_choices":[{"cards_removed":["RobotSpaceExplorer:Defend"],"damage_healed":0,"gold_gain":0,"player_choice":"Card Removal","damage_taken":7,"max_hp_gain":0,"max_hp_loss":0,"event_name":"Golden Wing","floor":7,"gold_loss":0},{"damage_healed":0,"gold_gain":0,"player_choice":"Obtained Book","damage_taken":16,"max_hp_gain":0,"max_hp_loss":0,"event_name":"Cursed Tome","floor":22,"gold_loss":0},{"damage_healed":0,"gold_gain":0,"player_choice":"Joined the Cult","damage_taken":6,"max_hp_gain":0,"max_hp_loss":0,"event_name":"Nest","floor":30,"gold_loss":0,"cards_obtained":["RitualDagger"]},{"damage_healed":0,"gold_gain":0,"player_choice":"1 cards matched","damage_taken":0,"max_hp_gain":0,"max_hp_loss":0,"event_name":"Match and Keep!","floor":36,"gold_loss":0,"cards_obtained":["RobotSpaceExplorer:SlimeMissile"]},{"damage_healed":0,"gold_gain":0,"player_choice":"Upgraded","damage_taken":0,"max_hp_gain":0,"max_hp_loss":0,"event_name":"Upgrade Shrine","floor":38,"gold_loss":0,"cards_upgraded":["RobotSpaceExplorer:MiniBoosters"]},{"damage_healed":0,"gold_gain":0,"player_choice":"Fight","damage_taken":0,"max_hp_gain":0,"max_hp_loss":0,"event_name":"MindBloom","floor":45,"gold_loss":0}],"is_beta":false,"boss_relics":[{"not_picked":["Astrolabe","Velvet Choker"],"picked":"Busted Crown"},{"not_picked":["Pandora\u0027s Box","SlaversCollar"],"picked":"Tiny House"}],"items_purged_floors":[21],"is_endless":false,"potions_floor_spawned":[2,5,13,14,18,25,33,35,41,45,46],"ascension_level":1}}