{"host":"609l7sx3bs4zmbf1","time":1608243630,"event":{"mods":["AchievementEnabler","Aspiration","BaseMod","Bestiary","Better Altar","Better Match","Better Note","Better Sensory Stone","Better Skull","Better Third Choice","BetterRewards","Conspire","GifTheSpireLib","Hero for Fun","Hubris","Minty Spire (QoL Compilation)","Rare Cards Sparkle","Spicy Shops","StSLib","Stuff the Spire","The Blue Laboratory","Uncapped","Waifu the Spire","vexMod"],"gold_per_floor":[110,110,110,130,130,197,197,222,222,222,245,265,449,484,484,595,595,639,972,972,1001,1027,1027,1053,1053,1053],"floor_reached":25,"playtime":1915,"items_purged":[],"score":211,"play_id":"1b55cc97-fcc5-4d3d-b5ee-d74b617a7785","local_time":"20201217162030","is_ascension_mode":false,"campfire_choices":[{"floor":7,"key":"REST"},{"floor":15,"key":"RECALL"},{"floor":23,"key":"REST"}],"circlet_count":0,"master_deck":["Strike_B","Strike_B","Strike_B","Strike_B","Defend_B","Defend_B","Defend_B","Defend_B","Zap+1","Dualcast","Ball Lightning","Injury","Wish","Beam Cell","Conserve Battery","conspire:Rain","Redo","Sweeping Beam","Doubt","White Noise","Thunder Strike","Loop+1","Streamline","Creative AI+1"],"relics":["Cracked Core","aspiration:Nostalgia","Burning Blood","Frozen Egg 2","CeramicFish","conspire:IceCreamScoop","Potion Belt","aspiration:SecretTechniqueScroll"],"acts_visited":["TheCity"],"potions_floor_usage":[11,14,16,21,25],"damage_taken":[{"damage":3,"enemies":"Jaw Worm","floor":1,"turns":4},{"damage":0,"enemies":"2 Louse","floor":4,"turns":2},{"damage":57,"enemies":"Lagavulin","floor":6,"turns":7},{"damage":0,"enemies":"Cultist","floor":8,"turns":3},{"damage":5,"enemies":"Blue Slaver","floor":11,"turns":2},{"damage":12,"enemies":"Large Slime","floor":12,"turns":4},{"damage":8,"enemies":"3 Sentries","floor":14,"turns":6},{"damage":41,"enemies":"Hexaghost","floor":16,"turns":10},{"damage":0,"enemies":"Shell Parasite","floor":18,"turns":6},{"damage":13,"enemies":"3 Byrds","floor":21,"turns":4},{"damage":25,"enemies":"Cultist and Chosen","floor":24,"turns":6},{"damage":0,"enemies":"Slavers","floor":25,"turns":1}],"seed_played":"3270405400555903312","potions_obtained":[{"floor":6,"key":"blueLaboratory:RelayPotion"},{"floor":12,"key":"EssenceOfSteel"},{"floor":14,"key":"blueLaboratory:NullPotion"},{"floor":18,"key":"ColorlessPotion"},{"floor":24,"key":"EssenceOfSteel"}],"is_trial":false,"path_per_floor":["M","?","?","M","?","E","R","M","T","?","M","M","?","E","R","B",null,"M","?","?","M","T","R","M","E"],"character_chosen":"DEFECT","items_purchased":[],"campfire_rested":2,"item_purchase_floors":[],"current_hp_per_floor":[75,75,75,75,75,24,46,52,52,52,53,47,47,45,45,10,75,75,53,53,46,46,68,49,49,49],"gold":1053,"neow_bonus":"NOSTALGIA","is_daily":false,"chose_seed":false,"campfire_upgraded":0,"win_rate":0.0,"timestamp":1608243630,"path_taken":["M","?","?","?","?","E","R","M","T","?","M","M","?","E","R","BOSS","M","?","?","?","?","R","M","E"],"items_purchased_type":[],"build_version":"2020-12-13","purchased_purges":0,"victory":false,"max_hp_per_floor":[75,75,75,75,75,75,75,75,75,75,75,75,75,75,75,75,75,75,75,75,75,75,75,75,75,75],"card_choices":[{"not_picked":["Undo","Beam Cell"],"picked":"Ball Lightning","floor":1},{"not_picked":["Heatsinks+1","Chill"],"picked":"Beam Cell","floor":4},{"not_picked":["Consume","Heatsinks+1"],"picked":"Conserve Battery","floor":6},{"not_picked":["StuffTheSpire:SnapShoot","Chaos"],"picked":"conspire:Rain","floor":8},{"not_picked":["Rebound","Heatsinks+1"],"picked":"Redo","floor":11},{"not_picked":["StuffTheSpire:LoadUp","Recycle"],"picked":"Sweeping Beam","floor":12},{"not_picked":["Seek","Doom and Gloom"],"picked":"White Noise","floor":14},{"not_picked":["StuffTheSpire:EventHorizon","StuffTheSpire:Purify"],"picked":"Thunder Strike","floor":16},{"not_picked":["Steam+1","Leap"],"picked":"Loop+1","floor":18},{"not_picked":["Compile Driver","Fusion"],"picked":"Streamline","floor":21},{"not_picked":["StuffTheSpire:LoadUp","Scrape"],"picked":"Creative AI+1","floor":24}],"player_experience":399012,"relics_obtained":[{"floor":6,"key":"CeramicFish"},{"floor":9,"key":"conspire:IceCreamScoop"},{"floor":14,"key":"Potion Belt"}],"event_choices":[{"damage_healed":0,"gold_gain":1,"player_choice":"4","damage_taken":0,"max_hp_gain":0,"max_hp_loss":0,"event_name":"betterStone:BetterStone","floor":3,"gold_loss":0,"cards_obtained":["Wish"]},{"damage_healed":0,"gold_gain":0,"player_choice":"Ignored","damage_taken":0,"max_hp_gain":0,"max_hp_loss":0,"event_name":"Golden Wing","floor":5,"gold_loss":0},{"damage_healed":0,"gold_gain":0,"player_choice":"Disagree","damage_taken":0,"max_hp_gain":0,"max_hp_loss":0,"event_name":"conspire:LoneGhost","floor":10,"gold_loss":0},{"damage_healed":0,"gold_gain":175,"player_choice":"AGREE","damage_taken":265,"max_hp_gain":0,"max_hp_loss":0,"event_name":"betterThird:BetterSerpent","floor":13,"gold_loss":0},{"damage_healed":0,"gold_gain":333,"player_choice":"GO GO GO ","damage_taken":25,"relics_obtained":[],"max_hp_gain":0,"max_hp_loss":0,"event_name":"betterSkull:BetterSkull","floor":19,"gold_loss":0,"cards_upgraded":[]},{"damage_healed":0,"gold_gain":0,"player_choice":"Upgraded","damage_taken":0,"max_hp_gain":0,"max_hp_loss":0,"event_name":"Upgrade Shrine","floor":20,"gold_loss":0,"cards_upgraded":["Zap"]}],"is_beta":false,"boss_relics":[{"not_picked":["vexMod:FluxCapacitor","StuffTheSpire:ModemDavis"],"picked":"aspiration:SecretTechniqueScroll"}],"items_purged_floors":[],"is_endless":false,"potions_floor_spawned":[6,12,14,18,24],"killed_by":"Slavers","ascension_level":0}}