{"host":"wvjetiwvtzv47vcu","time":1608238660,"event":{"mods":["AchievementEnabler","Act Like it!","BaseMod","BetterRewards","Colored Map","Colored Powertips","Downfall","Gensokyo","Hubris","Koishi","Marisa????????","Minty Spire (QoL Compilation)","Rare Cards Sparkle","StSLib","The Animator"],"gold_per_floor":[99,99,99,99,99,131,158,158,93,18,3,17,17,31,44,44,44],"floor_reached":16,"playtime":831,"items_purged":["Slimebound:Strike_Slimebound"],"score":121,"play_id":"fc6ec904-c874-4a84-8364-2eb44ec58df0","local_time":"20201217125740","is_ascension_mode":false,"campfire_choices":[{"data":"Slimebound:Split","floor":1,"key":"SMITH"},{"data":"Slimebound:AcidTongue","floor":10,"key":"SMITH"}],"circlet_count":0,"master_deck":["Slimebound:Strike_Slimebound","Slimebound:Strike_Slimebound","Slimebound:Tackle","Slimebound:Defend_Slimebound","Slimebound:Defend_Slimebound+1","Slimebound:Defend_Slimebound","Slimebound:Defend_Slimebound","Slimebound:Split+1","Slimebound:CorrosiveSpit","Slimebound:LivingWall+1","Slimebound:RainOfGoop","Slimebound:SplitAcid","Slimebound:AcidTongue+1","Slimebound:OneTwoCombo+1","Slimebound:GoopSpray","Regret","Slimebound:SlimeTap"],"relics":["Slimebound:AbsorbEndCombat","downfall:HeartsMalice","hubris:PeanutButter","Smiling Mask","downfall:ShatteredFragment","Regal Pillow","Anchor","downfall:HeartBlessingGreen"],"acts_visited":["Exordium"],"potions_floor_usage":[],"damage_taken":[{"damage":0,"enemies":"Cultist","floor":4,"turns":1},{"damage":0,"enemies":"3 Sentries","floor":6,"turns":1},{"damage":0,"enemies":"Jaw Worm","floor":8,"turns":1},{"damage":5,"enemies":"downfall:FleeingMerchant","floor":9,"turns":4},{"damage":10,"enemies":"downfall:FleeingMerchant","floor":11,"turns":4},{"damage":4,"enemies":"Small Slimes","floor":12,"turns":2},{"damage":12,"enemies":"Blue Slaver","floor":14,"turns":3},{"damage":4,"enemies":"Exordium Thugs","floor":15,"turns":3},{"damage":65,"enemies":"downfall:Defect","floor":16,"turns":5}],"seed_played":"-2865440708917025424","potions_obtained":[{"floor":12,"key":"Block Potion"},{"floor":14,"key":"SpeedPotion"}],"is_trial":false,"path_per_floor":["R","T","?","M","?","E","T","M","$","R","$","M","?","M","M","B"],"character_chosen":"SLIMEBOUND","items_purchased":[],"campfire_rested":0,"item_purchase_floors":[],"current_hp_per_floor":[60,60,48,48,30,30,30,30,43,43,51,60,60,59,60,0,0],"gold":44,"neow_bonus":"THREE_ENEMY_KILL","is_daily":false,"chose_seed":false,"campfire_upgraded":2,"win_rate":0.0,"timestamp":1608238660,"path_taken":["R","?","?","M","?","E","T","M","$","R","?","M","?","?","M","BOSS"],"items_purchased_type":[],"build_version":"2020-12-13","purchased_purges":1,"victory":false,"max_hp_per_floor":[60,60,60,60,60,60,60,60,60,60,60,60,60,60,60,60,60],"card_choices":[{"not_picked":["Slimebound:LeechingTouch","Slimebound:SplitAcid"],"picked":"Slimebound:LivingWall","floor":4},{"not_picked":["Slimebound:FlameTackle","Slimebound:ForwardTackle"],"picked":"Slimebound:RainOfGoop","floor":6},{"not_picked":["Slimebound:SplitBruiser","Slimebound:LeechingTouch"],"picked":"Slimebound:SplitAcid","floor":8},{"not_picked":["Slimebound:DuplicatedForm","Slimebound:BestDefense"],"picked":"Slimebound:AcidTongue","floor":9},{"not_picked":["Slimebound:SplitBruiser","Slimebound:SamplingLick"],"picked":"Slimebound:OneTwoCombo","floor":11},{"not_picked":["Slimebound:RollThrough","Slimebound:PressTheAttack"],"picked":"Slimebound:GoopSpray","floor":12},{"not_picked":["Slimebound:RollThrough","Slimebound:SplitBruiser"],"picked":"Slimebound:SlimeTap","floor":14},{"not_picked":["Slimebound:SlimeSpikes","Slimebound:GoopTackle","Slimebound:SlimeBrawl"],"picked":"SKIP","floor":15}],"player_experience":244087,"relics_obtained":[{"floor":2,"key":"hubris:PeanutButter"},{"floor":6,"key":"Regal Pillow"},{"floor":7,"key":"Anchor"}],"event_choices":[{"damage_healed":0,"gold_gain":0,"player_choice":"Success","damage_taken":12,"relics_obtained":["Smiling Mask"],"max_hp_gain":0,"max_hp_loss":0,"event_name":"Scrap Ooze","floor":3,"gold_loss":0}],"is_beta":false,"boss_relics":[],"items_purged_floors":[9],"is_endless":false,"potions_floor_spawned":[12,14],"killed_by":"downfall:Defect","ascension_level":0}}