{"host":"nn0usk9aafse27ii","time":1608248428,"event":{"mods":["BaseMod","Colored Map","Highlight Path","Minty Spire (QoL Compilation)","Replay The Spire","Shop Mod","StSLib"],"gold_per_floor":[114,114,129,129,144,144,144,159,159,39,39,39,54,69,69,169,169,184,29,29,128,38,38,38,38,63,63,63,63,63,78,78,78,78],"floor_reached":33,"playtime":4138,"items_purged":["ReplayTheSpireMod:Doomed"],"score":306,"play_id":"ce096109-aeee-45c4-84fd-3ba2c3641c25","local_time":"20201217154028","daily_mods":["Specialized","Flight","Lethality"],"is_ascension_mode":false,"campfire_choices":[{"floor":6,"key":"REST"},{"data":"White Noise","floor":7,"key":"SMITH"},{"data":"BasicCrystalCard","floor":11,"key":"SMITH"},{"data":"Dualcast","floor":12,"key":"SMITH"},{"floor":15,"key":"REST"},{"floor":23,"key":"REST"},{"data":"Crystallizer","floor":24,"key":"SMITH"},{"data":"Crystallizer","floor":25,"key":"SMITH"},{"floor":27,"key":"REST"},{"data":"Buffer","floor":29,"key":"SMITH"},{"floor":30,"key":"REST"},{"data":"Hologram","floor":32,"key":"SMITH"}],"circlet_count":0,"master_deck":["Strike_B","Strike_B","Strike_B","Strike_B","Defend_B","Defend_B","Defend_B","Defend_B","Zap+1","Dualcast+1","Aggregate","Aggregate","Aggregate","Aggregate","Aggregate","BasicCrystalCard+1","White Noise+1","Regret","Glacier","Stack","White Noise+1","Crystallizer+1","Consume","Buffer+1","Gash","Crystallizer+1","Sweeping Beam+1","White Noise+1","Hologram+1"],"relics":["Cracked Core","Omamori","The Courier","DollysMirror","Replay:Ancient Bell","Replay:Rubber Ducky","Replay:Ringing Soul","Mango","ReplayTheSpireMod:TigerMarble"],"acts_visited":["Exordium","TheCity"],"potions_floor_usage":[8,16,18,22,33],"damage_taken":[{"damage":9,"enemies":"Cultist","floor":1,"turns":3},{"damage":8,"enemies":"2 Louse","floor":3,"turns":2},{"damage":23,"enemies":"Jaw Worm","floor":5,"turns":4},{"damage":0,"enemies":"2 Fungi Beasts","floor":8,"turns":3},{"damage":8,"enemies":"3 Louse","floor":13,"turns":4},{"damage":12,"enemies":"Large Slime","floor":14,"turns":6},{"damage":20,"enemies":"Slime Boss","floor":16,"turns":14},{"damage":59,"enemies":"Chosen","floor":18,"turns":9},{"damage":27,"enemies":"2 Thieves","floor":22,"turns":5},{"damage":13,"enemies":"Sentry and Sphere","floor":31,"turns":10},{"damage":94,"enemies":"Pondfish","floor":33,"turns":12}],"seed_played":"-4230686447748436371","potions_obtained":[{"floor":5,"key":"BlessingOfTheForge"},{"floor":8,"key":"Languid Potion"},{"floor":16,"key":"Toxic Potion"},{"floor":31,"key":"Block Potion"}],"is_trial":false,"path_per_floor":["M","?","M","?","M","R","R","M","T","$","R","R","M","M","R","B",null,"M","$","?","?","M","R","R","R","T","R","?","R","R","M","R","B"],"character_chosen":"DEFECT","items_purchased":["DollysMirror","Crystallizer","PowerPotion"],"campfire_rested":5,"item_purchase_floors":[10,19,19],"current_hp_per_floor":[66,66,58,58,35,57,57,57,57,57,57,57,49,37,59,39,92,36,39,39,39,15,45,45,45,45,75,78,78,104,94,94,0,0],"gold":78,"neow_bonus":"","is_daily":true,"chose_seed":false,"campfire_upgraded":7,"win_rate":0.0,"timestamp":1608248428,"path_taken":["M","?","M","?","M","R","R","M","T","?","R","R","M","M","R","BOSS","M","$","?","?","M","R","R","R","T","R","?","R","R","?","R","BOSS"],"items_purchased_type":["Relic","Card","Potion"],"build_version":"2020-12-13","purchased_purges":1,"victory":false,"max_hp_per_floor":[75,75,75,75,75,75,75,75,75,75,75,75,75,75,75,75,92,95,98,98,98,101,101,101,101,101,101,104,104,104,107,107,107,107],"card_choices":[{"not_picked":["Chaos","Panic Button"],"picked":"BasicCrystalCard","floor":1},{"not_picked":["Stack","Hello World"],"picked":"White Noise","floor":3},{"not_picked":["Beam Cell","Compile Driver"],"picked":"Glacier","floor":5},{"not_picked":["Go for the Eyes","Steam"],"picked":"Stack","floor":8},{"not_picked":["Hologram","Stack"],"picked":"Crystallizer","floor":13},{"not_picked":["Beam Cell","Compile Driver"],"picked":"Consume","floor":14},{"not_picked":["ReplayTheSpireMod:Fabricate Wheel","Multi-Cast"],"picked":"Buffer","floor":16},{"not_picked":["Spreading Infection","Parasite"],"picked":"ReplayTheSpireMod:Splinters","floor":17},{"not_picked":["CommonCold","Sickly"],"picked":"ReplayTheSpireMod:Restless Dread","floor":17},{"not_picked":["Parasite","Normality"],"picked":"ReplayTheSpireMod:Doomed","floor":17},{"not_picked":["Meteor Strike","Hologram"],"picked":"Gash","floor":18},{"not_picked":["Glacier+1","Ball Lightning"],"picked":"Sweeping Beam+1","floor":22},{"not_picked":["BasicCrystalCard","Crystallizer"],"picked":"Hologram","floor":31}],"player_experience":316200,"relics_obtained":[{"floor":9,"key":"The Courier"},{"floor":26,"key":"ReplayTheSpireMod:TigerMarble"}],"event_choices":[{"damage_healed":0,"gold_gain":0,"player_choice":"Box","damage_taken":0,"relics_obtained":["Omamori"],"max_hp_gain":0,"max_hp_loss":0,"event_name":"Big Fish","floor":4,"gold_loss":0,"cards_obtained":["Regret"]},{"damage_healed":0,"gold_gain":0,"player_choice":"Ignored","damage_taken":0,"max_hp_gain":0,"max_hp_loss":0,"event_name":"Ghosts","floor":20,"gold_loss":0},{"damage_healed":0,"gold_gain":99,"player_choice":"Stole From Cult","damage_taken":0,"max_hp_gain":0,"max_hp_loss":0,"event_name":"Nest","floor":21,"gold_loss":0},{"damage_healed":0,"gold_gain":0,"player_choice":"Copied","damage_taken":0,"max_hp_gain":0,"max_hp_loss":0,"event_name":"Duplicator","floor":28,"gold_loss":0,"cards_obtained":["White Noise"]}],"is_beta":false,"boss_relics":[{"not_picked":["Velvet Choker","Inserter"],"picked":"Replay:Ancient Bell"},{"not_picked":["Lantern","Replay:Mystery Machine"],"picked":"Replay:Rubber Ducky"},{"not_picked":["Golden Egg","Frozen Egg 2"],"picked":"Replay:Ringing Soul"},{"not_picked":["Replay:Arrowhead","Du-Vu Doll"],"picked":"Mango"}],"items_purged_floors":[19],"is_endless":false,"potions_floor_spawned":[5,8,16,31],"killed_by":"Pondfish","ascension_level":0}}