{"host":"aovv4e73998kgan0","time":1608236292,"event":{"mods":["BaseMod","Minty Spire (QoL Compilation)","StSLib"],"gold_per_floor":[115,135,145,161,161,161,186,186,210,224,255,272,272,272],"floor_reached":13,"playtime":1064,"items_purged":[],"score":102,"play_id":"c28e7320-8965-46ec-8021-3aa5883e0326","local_time":"20201217151812","is_ascension_mode":true,"campfire_choices":[{"data":"Eruption","floor":6,"key":"SMITH"},{"data":"Vigilance","floor":8,"key":"SMITH"}],"circlet_count":0,"master_deck":["Strike_P","Strike_P","Strike_P","Strike_P","Defend_P","Defend_P","Defend_P","Defend_P","Eruption+1","Vigilance+1","PathToVictory","JustLucky","CutThroughFate","EmptyBody","ClearTheMind","Weave","Establishment","Pray"],"relics":["PureWater","Regal Pillow","Smiling Mask","Centennial Puzzle"],"acts_visited":["Exordium"],"potions_floor_usage":[7,7,11,12],"damage_taken":[{"damage":1,"enemies":"Jaw Worm","floor":1,"turns":3},{"damage":1,"enemies":"Cultist","floor":2,"turns":4},{"damage":0,"enemies":"Small Slimes","floor":3,"turns":3},{"damage":2,"enemies":"Blue Slaver","floor":4,"turns":4},{"damage":22,"enemies":"3 Sentries","floor":7,"turns":11},{"damage":6,"enemies":"2 Fungi Beasts","floor":10,"turns":3},{"damage":10,"enemies":"Lagavulin","floor":11,"turns":5},{"damage":2,"enemies":"Exordium Thugs","floor":12,"turns":4},{"damage":19,"enemies":"3 Sentries","floor":13,"turns":6}],"seed_played":"-7890625773540127212","potions_obtained":[{"floor":1,"key":"FearPotion"},{"floor":2,"key":"BlessingOfTheForge"},{"floor":10,"key":"Fire Potion"},{"floor":11,"key":"EssenceOfSteel"}],"is_trial":false,"path_per_floor":["M","M","M","M","?","R","E","R","T","M","E","M","E"],"character_chosen":"WATCHER","items_purchased":[],"campfire_rested":0,"item_purchase_floors":[],"current_hp_per_floor":[71,70,70,68,68,68,46,46,46,40,30,28,9,9],"gold":272,"neow_bonus":"THREE_CARDS","is_daily":false,"chose_seed":false,"campfire_upgraded":2,"win_rate":0.0,"timestamp":1608236292,"path_taken":["M","M","M","M","?","R","E","R","T","M","E","M","E"],"items_purchased_type":[],"build_version":"2020-12-13","purchased_purges":0,"victory":false,"max_hp_per_floor":[72,72,72,72,72,72,72,72,72,72,72,72,72,72],"card_choices":[{"not_picked":["BowlingBash","InnerPeace"],"picked":"PathToVictory","floor":0},{"not_picked":["WheelKick","Prostrate"],"picked":"JustLucky","floor":1},{"not_picked":["EmptyFist","Evaluate"],"picked":"CutThroughFate","floor":2},{"not_picked":["ClearTheMind","Evaluate"],"picked":"EmptyBody","floor":3},{"not_picked":["FlyingSleeves","EmptyBody"],"picked":"ClearTheMind","floor":4},{"not_picked":["Sanctity","JustLucky"],"picked":"Weave","floor":7},{"not_picked":["WheelKick","JustLucky","WindmillStrike"],"picked":"SKIP","floor":10},{"not_picked":["PathToVictory","Scrawl"],"picked":"Establishment","floor":11},{"not_picked":["Swivel","Worship"],"picked":"Pray","floor":12}],"player_experience":160091,"relics_obtained":[{"floor":7,"key":"Regal Pillow"},{"floor":9,"key":"Smiling Mask"},{"floor":11,"key":"Centennial Puzzle"}],"event_choices":[{"damage_healed":0,"gold_gain":0,"player_choice":"Ignored","damage_taken":0,"max_hp_gain":0,"max_hp_loss":0,"event_name":"Liars Game","floor":5,"gold_loss":0}],"is_beta":false,"boss_relics":[],"items_purged_floors":[],"is_endless":false,"potions_floor_spawned":[1,2,10,11],"killed_by":"3 Sentries","ascension_level":1}}