{"host":"f55as6l9it18gcgo","time":1608191533,"event":{"mods":["Aspiration","BaseMod","Colored Map","Colored Powertips","DeckTracker","Highlight Path","Hubris","Infinite Spire","Minty Spire (QoL Compilation)","Quick Restart","Random Character Button","Relic Sorter","Replay The Spire","StSLib","SuperFastMode","Synergy Search","The Cursed","The Disciple","The Jungle","The Runesmith","The Servant 0.9.4"],"gold_per_floor":[117,133,152,162,177,204,216,66,66,66,86,86,103,121,121,121,121],"floor_reached":16,"playtime":610,"items_purged":[],"score":108,"play_id":"e6196c86-8b4c-4de3-acbc-dc487de5e942","local_time":"20201216235213","is_ascension_mode":false,"campfire_choices":[{"floor":12,"key":"REST"},{"floor":15,"key":"REST"}],"circlet_count":2,"master_deck":["Strike_S+1","Strike_S","Strike_S","Strike_S","Defend_S","Defend_S","Defend_S","Defend_S","KidneyShot+1","Exchange","TheWorld","FanOfKnives","Potential","Ricochet","ShatteredReality","ReturningBlade","Barrier","Rearm","Rearm","Defy","Spin"],"relics":["Uniform","Darkstone Periapt","Whetstone","Circlet"],"acts_visited":[],"potions_floor_usage":[6,6,6,11,16],"damage_taken":[{"damage":2,"enemies":"Cultist","floor":1,"turns":5},{"damage":11,"enemies":"Jaw Worm","floor":2,"turns":3},{"damage":0,"enemies":"Small Slimes","floor":3,"turns":3},{"damage":0,"enemies":"2 Fungi Beasts","floor":4,"turns":2},{"damage":7,"enemies":"Looter","floor":5,"turns":3},{"damage":40,"enemies":"Lagavulin","floor":6,"turns":9},{"damage":1,"enemies":"3 Louse","floor":7,"turns":3},{"damage":0,"enemies":"2 Fungi Beasts","floor":11,"turns":3},{"damage":7,"enemies":"Looter","floor":13,"turns":3},{"damage":5,"enemies":"Red Slaver","floor":14,"turns":4},{"damage":42,"enemies":"The Guardian","floor":16,"turns":8}],"seed_played":"-7792905755997701991","potions_obtained":[{"floor":1,"key":"SkillPotion"},{"floor":4,"key":"Block Potion"},{"floor":5,"key":"ColorlessPotion"},{"floor":7,"key":"PowerPotion"},{"floor":14,"key":"PowerPotion"}],"is_trial":false,"path_per_floor":["M","M","M","M","M","E","M","$","T","AVR","M","R","M","M","R","B"],"character_chosen":"THE_SERVANT","items_purchased":["Whetstone"],"campfire_rested":2,"item_purchase_floors":[8],"current_hp_per_floor":[63,52,52,52,45,5,4,4,4,4,4,23,16,11,30,0,0],"gold":121,"neow_bonus":"ONE_RANDOM_RARE_CARD","is_daily":false,"chose_seed":false,"campfire_upgraded":0,"win_rate":0.0,"timestamp":1608191533,"path_taken":["M","M","M","M","M","E","M","$","T","AVR","M","R","M","M","R","BOSS"],"items_purchased_type":["Relic"],"build_version":"2020-12-13","purchased_purges":0,"victory":false,"max_hp_per_floor":[65,65,65,65,65,65,65,65,65,65,65,65,65,65,65,65,65],"card_choices":[{"not_picked":["Read","Alleviate"],"picked":"FanOfKnives","floor":1},{"not_picked":["Read","Rearm"],"picked":"Potential","floor":2},{"not_picked":["Unruled","TrueSight"],"picked":"Ricochet","floor":3},{"not_picked":["Moondial","Moonlight"],"picked":"ShatteredReality","floor":4},{"not_picked":["Rearm","Revamp"],"picked":"ReturningBlade","floor":5},{"not_picked":["DoubleEdge","Moonlight"],"picked":"Barrier","floor":6},{"not_picked":["Unruled","Barrier"],"picked":"Rearm","floor":7},{"not_picked":["Starlight","Unruled"],"picked":"Rearm","floor":11},{"not_picked":["Reset","Ricochet"],"picked":"Defy","floor":13},{"not_picked":["FastForward","TimeWarp"],"picked":"Spin","floor":14}],"player_experience":75017,"relics_obtained":[{"floor":6,"key":"Darkstone Periapt"},{"floor":9,"key":"Circlet"}],"event_choices":[],"is_beta":false,"boss_relics":[],"items_purged_floors":[],"is_endless":false,"potions_floor_spawned":[1,4,5,7,14],"killed_by":"The Guardian","ascension_level":0}}