{"host":"mvlqq966zh3ccmv5","time":1608233172,"event":{"mods":["AchievementEnabler","BaseMod","DeckTracker","Minty Spire (QoL Compilation)","SuperFastMode"],"gold_per_floor":[113,127,142,142,160,193,209,209,209],"floor_reached":8,"playtime":247,"items_purged":[],"score":90,"play_id":"0a786f8c-c818-42d1-9684-93d56042978b","local_time":"20201218042612","is_ascension_mode":true,"campfire_choices":[],"circlet_count":0,"master_deck":["AscendersBane","Strike_G","Strike_G","Strike_G","Strike_G","Defend_G","Defend_G","Defend_G","Defend_G","Survivor","Neutralize","Backflip","Poisoned Stab","Blade Dance","Backstab","Accuracy"],"relics":["Empty Cage","Peace Pipe"],"acts_visited":["Exordium"],"potions_floor_usage":[6],"damage_taken":[{"damage":0,"enemies":"Cultist","floor":1,"turns":4},{"damage":3,"enemies":"Jaw Worm","floor":2,"turns":8},{"damage":1,"enemies":"Small Slimes","floor":3,"turns":5},{"damage":4,"enemies":"Blue Slaver","floor":5,"turns":4},{"damage":19,"enemies":"3 Sentries","floor":6,"turns":7},{"damage":12,"enemies":"Gremlin Gang","floor":7,"turns":5},{"damage":26,"enemies":"Lagavulin","floor":8,"turns":6}],"seed_played":"-9142526728056422891","potions_obtained":[{"floor":1,"key":"SteroidPotion"}],"is_trial":false,"path_per_floor":["M","M","M","?","M","E","M","E"],"character_chosen":"THE_SILENT","items_purchased":[],"campfire_rested":0,"item_purchase_floors":[],"current_hp_per_floor":[63,60,59,59,55,36,24,0,0],"gold":209,"neow_bonus":"BOSS_RELIC","is_daily":false,"chose_seed":false,"campfire_upgraded":0,"win_rate":0.0,"timestamp":1608233172,"path_taken":["M","?","M","?","M","E","M","E"],"items_purchased_type":[],"build_version":"2020-12-13","purchased_purges":0,"victory":false,"max_hp_per_floor":[70,70,70,70,70,70,70,70,70],"card_choices":[{"not_picked":["Dodge and Roll","Deadly Poison"],"picked":"Backflip","floor":1},{"not_picked":["Acrobatics","Outmaneuver"],"picked":"Poisoned Stab","floor":2},{"not_picked":["Sucker Punch","Underhanded Strike"],"picked":"Blade Dance","floor":3},{"not_picked":["Heel Hook","Sucker Punch"],"picked":"Backstab","floor":5},{"not_picked":["Flechettes","Calculated Gamble"],"picked":"Accuracy","floor":6},{"not_picked":["Dagger Spray","Prepared","Skewer"],"picked":"SKIP","floor":7}],"player_experience":214091,"relics_obtained":[{"floor":6,"key":"Peace Pipe"}],"event_choices":[{"damage_healed":0,"gold_gain":0,"player_choice":"Ignored","damage_taken":0,"max_hp_gain":0,"max_hp_loss":0,"event_name":"Liars Game","floor":4,"gold_loss":0}],"is_beta":false,"boss_relics":[],"items_purged_floors":[],"is_endless":false,"potions_floor_spawned":[1],"killed_by":"Lagavulin","ascension_level":10}}