{"host":"02w9hl92h62kgkzk","time":1608189982,"event":{"mods":["2.2 Compatiblity","AchievementEnabler","Act Like it!","AlwaysNeverKeys","Aspiration","Bard","BaseMod","Beaked The Cultist","Better Altar","Better Match","Better Note","Better Sensory Stone","Better Skull","Better Third Choice","Better Vampires","BetterRewards","Block Reminder","CCEM","ChefMod","Colored Map","Colored Powertips","Conspire","Dio Mod","Downfall","Ekko","Elementarium","Emptier Cage","Energized Spire","Fireblade Mod","Friendly Minions","FruityMod","Gensokyo","GifTheSpireLib","Halation","Hallownest","Hermit","Hubris","Jorbs\u0027s Wanderer Trilogy","Magitek Elite","Marisa????????","Marked Mod","Mimic Mod","Minty Spire (QoL Compilation)","Permanent Neow","QueenMod","Quick Restart","Rare Cards Sparkle","Replay The Spire","Retaliation","Reworked Bosses","Robot Space Explorer","SIMod","Shade Mod","Shop Mod","Somnambulant","Spicy Shops","Spikes Relics","StSLib","Stuff the Spire","Synergy Search","The Administrix","The Alterego","The Animator","The Blackbeard","The Blue Laboratory","The Bug Knight","The Construct","The Cursed","The Death Knight","The Disciple","The Factory","The Fake Hero","The Forsaken","The Gatherer","The Hayseed","The Hierophant","The Judge","The Jungle","The Runesmith","The Valiant","The Vixen","The Wild Card","TheHero","TheVacant","Trackpad","Transform Curses","Unceasing Turn Reminder","Wandering Minibosses","thorton","vexMod"],"gold_per_floor":[116,128,128,181,197,228,243,45,45,9,9,24,52,71,71,167,167,183,36,53,53,68,99,109,127,151,151,151,170,53,88,88,193,193,207,167,142,156,167,167,59,59,96,115,129,139,150,165,165,165,165],"floor_reached":50,"playtime":9464,"items_purged":["alterego_mod:1TonWallop","alterego_mod:Mirror","alterego_mod:Mirror"],"score":750,"play_id":"5b31284f-1064-4723-a4f4-e4be884c2252","local_time":"20201217012622","daily_mods":["Draft","Heirloom"],"is_ascension_mode":false,"campfire_choices":[{"data":"alterego_mod:BiFurious","floor":15,"key":"SMITH"},{"data":"alterego_mod:Exercise","floor":27,"key":"SMITH"},{"data":"alterego_mod:Palingenesis","floor":32,"key":"SMITH"},{"data":"alterego_mod:BusterCard","floor":40,"key":"SMITH"},{"data":"alterego_mod:ClassAdvantage","floor":42,"key":"SMITH"},{"data":"alterego_mod:Palingenesis+1","floor":49,"key":"SMITH"}],"circlet_count":0,"master_deck":["alterego_mod:Birthday","alterego_mod:TrashNCrash","alterego_mod:Bloomers","alterego_mod:IndependentAction","alterego_mod:Exercise+1","alterego_mod:BiFurious","alterego_mod:BusterCard+1","alterego_mod:Mirror","alterego_mod:SakuraFive","alterego_mod:Birthday","alterego_mod:Bounce","alterego_mod:Palingenesis+2","alterego_mod:BiFurious+1","alterego_mod:BiFurious+1","alterego_mod:ClassAdvantage+1","alterego_mod:BusterCard+1","Parasite"],"relics":["alterego_mod:MasochisticConstitution","Ring of Chaos","Archangels Feather","SnailShell","MerchantsRug","RoseTintedShades","conspire:DecoderRing","Gem_Box","Sling","StuffTheSpire:PointBlank","hubris:SlimyHat","ReplayTheSpireMod:Ring of Exchange","halation:Sosunser","StuffTheSpire:EmeraldSignet","construct:WeddingRing"],"acts_visited":["Exordium","TheCity","TheBeyond"],"potions_floor_usage":[13,48],"damage_taken":[{"damage":11,"enemies":"Jaw Worm","floor":1,"turns":3},{"damage":4,"enemies":"2 Louse","floor":2,"turns":1},{"damage":4,"enemies":"Small Slimes","floor":5,"turns":1},{"damage":0,"enemies":"Gremlin Nob","floor":6,"turns":2},{"damage":8,"enemies":"Red Slaver","floor":7,"turns":2},{"damage":1,"enemies":"Exordium Wildlife","floor":12,"turns":2},{"damage":12,"enemies":"3 Sentries","floor":13,"turns":3},{"damage":5,"enemies":"Looter","floor":14,"turns":2},{"damage":16,"enemies":"Fading Forest","floor":16,"turns":11},{"damage":16,"enemies":"Shell Parasite","floor":18,"turns":3},{"damage":0,"enemies":"3 Byrds","floor":20,"turns":3},{"damage":16,"enemies":"Snake Plant","floor":22,"turns":3},{"damage":27,"enemies":"Book of Stabbing","floor":23,"turns":3},{"damage":25,"enemies":"Centurion and Healer","floor":24,"turns":5},{"damage":11,"enemies":"Cultist and Chosen","floor":25,"turns":4},{"damage":30,"enemies":"Shelled Parasite and Fungi","floor":29,"turns":3},{"damage":21,"enemies":"Gremlin Leader","floor":31,"turns":2},{"damage":63,"enemies":"Pondfish","floor":33,"turns":6},{"damage":33,"enemies":"3 Darklings","floor":35,"turns":4},{"damage":10,"enemies":"Orb Walker","floor":38,"turns":2},{"damage":0,"enemies":"Maw","floor":39,"turns":4},{"damage":1,"enemies":"Spire Growth","floor":43,"turns":4},{"damage":38,"enemies":"Spire Growth","floor":44,"turns":4},{"damage":41,"enemies":"Jaw Worm Horde","floor":45,"turns":4},{"damage":7,"enemies":"Sphere and 2 Shapes","floor":46,"turns":4},{"damage":30,"enemies":"Writhing Mass","floor":47,"turns":4},{"damage":2,"enemies":"Transient","floor":48,"turns":5},{"damage":102,"enemies":"Time Eater","floor":50,"turns":5}],"seed_played":"7165928569007100648","potions_obtained":[{"floor":5,"key":"Explosive Potion"},{"floor":6,"key":"Weak Potion"},{"floor":12,"key":"DistilledChaos"},{"floor":16,"key":"blueLaboratory:PhilterOfMotion"},{"floor":18,"key":"Languid Potion"},{"floor":20,"key":"blueLaboratory:BottleOfVodka"},{"floor":29,"key":"SteroidPotion"},{"floor":36,"key":"blueLaboratory:CorrosionFlask"},{"floor":36,"key":"blueLaboratory:BottledHope"},{"floor":36,"key":"blueLaboratory:ForbiddenFruitJuice"},{"floor":39,"key":"blueLaboratory:BubblePotion"},{"floor":45,"key":"AttackPotion"},{"floor":47,"key":"DDmod:CleansePotion"}],"is_trial":true,"path_per_floor":["M","M","?","?","M","E","M","$","T","$","?","M","E","M","R","B",null,"M","$","M","?","M","E","M","M","T","R","?","M","$","E","R","B",null,"M","?","$","M","M","R","$","R","MIM","M","M","M","M","M","R","B"],"character_chosen":"The_Alterego","items_purchased":["MerchantsRug","trackpad:PocketGalaxy","Strawberry","Sling","halation:Sosunser"],"campfire_rested":0,"item_purchase_floors":[8,8,10,19,30],"current_hp_per_floor":[60,67,67,67,70,73,66,66,66,73,73,81,75,83,83,77,85,74,74,86,86,75,63,64,74,74,74,74,65,65,63,63,21,93,63,63,63,70,88,88,88,88,96,59,39,53,48,57,57,0,0],"gold":165,"neow_bonus":"","is_daily":false,"chose_seed":false,"campfire_upgraded":6,"win_rate":0.0,"timestamp":1608189982,"path_taken":["M","M","?","?","M","E","M","$","T","$","?","?","E","M","R","BOSS","M","$","M","?","M","E","M","M","T","R","?","M","?","E","R","BOSS","M","?","$","?","M","R","$","R","MIM","M","?","M","M","M","R","BOSS"],"items_purchased_type":["Relic","Relic","Relic","Relic","Relic"],"build_version":"2020-12-13","purchased_purges":3,"victory":false,"max_hp_per_floor":[71,72,72,72,73,73,74,74,74,81,81,82,83,84,84,85,85,86,86,86,86,87,88,89,90,90,90,90,91,91,92,92,93,93,94,94,94,95,95,95,95,95,96,97,98,99,100,101,101,101,101],"card_choices":[{"not_picked":["alterego_mod:Cycle","alterego_mod:Maid"],"picked":"alterego_mod:Birthday","floor":0},{"not_picked":["alterego_mod:Cushion","alterego_mod:Cycle"],"picked":"alterego_mod:TrashNCrash","floor":0},{"not_picked":["alterego_mod:Cycle","alterego_mod:PurpleHair"],"picked":"alterego_mod:Bloomers","floor":0},{"not_picked":["alterego_mod:DustData","alterego_mod:Skirt"],"picked":"alterego_mod:IndependentAction","floor":0},{"not_picked":["alterego_mod:TrashNCrash","alterego_mod:Jiggle"],"picked":"alterego_mod:Exercise","floor":0},{"not_picked":["alterego_mod:DiscoLights","alterego_mod:RocketPunch"],"picked":"alterego_mod:BiFurious","floor":0},{"not_picked":["alterego_mod:GoddessCore","alterego_mod:PerceptionDisorder"],"picked":"alterego_mod:BusterCard","floor":0},{"not_picked":["alterego_mod:Table","alterego_mod:Punishment"],"picked":"alterego_mod:Mirror","floor":0},{"not_picked":["alterego_mod:Jiggle","alterego_mod:DustData"],"picked":"alterego_mod:Mirror","floor":0},{"not_picked":["alterego_mod:Schoolgirl","alterego_mod:Undulate"],"picked":"alterego_mod:SakuraFive","floor":0},{"not_picked":["alterego_mod:Belts","alterego_mod:Cycle"],"picked":"alterego_mod:Skirt","floor":0},{"not_picked":["alterego_mod:Cycle","alterego_mod:Undulate"],"picked":"alterego_mod:Birthday","floor":0},{"not_picked":["alterego_mod:SuperDuperMasochism","alterego_mod:Table"],"picked":"alterego_mod:1TonWallop","floor":0},{"not_picked":["alterego_mod:Maid","alterego_mod:Collar"],"picked":"alterego_mod:Mirror","floor":0},{"not_picked":["alterego_mod:TrashNCrash","alterego_mod:Skirt"],"picked":"alterego_mod:Bounce","floor":0},{"not_picked":["alterego_mod:Cooking","alterego_mod:MagicResistance","alterego_mod:Exercise"],"picked":"SKIP","floor":1},{"not_picked":["alterego_mod:Jiggle","alterego_mod:Lingerie","alterego_mod:Birthday"],"picked":"SKIP","floor":2},{"not_picked":["alterego_mod:Nekomimi","alterego_mod:HighServant","alterego_mod:BiFurious"],"picked":"SKIP","floor":5},{"not_picked":["alterego_mod:Skirt","alterego_mod:Nekomimi"],"picked":"alterego_mod:Palingenesis","floor":6},{"not_picked":["alterego_mod:DestructionOfProperty","alterego_mod:BoobPocket","alterego_mod:Mirror"],"picked":"SKIP","floor":7},{"not_picked":["alterego_mod:PurpleHair","alterego_mod:Crossover"],"picked":"alterego_mod:BiFurious","floor":12},{"not_picked":["alterego_mod:Punishment","alterego_mod:SuperDuperMasochism","alterego_mod:Cooking"],"picked":"SKIP","floor":13},{"not_picked":["alterego_mod:Birthday","alterego_mod:RidiculouslyBig","alterego_mod:BoobPocket"],"picked":"SKIP","floor":14},{"not_picked":["alterego_mod:HighServant+1","alterego_mod:Table","alterego_mod:MaintainEyeContact"],"picked":"SKIP","floor":18},{"not_picked":["alterego_mod:Bunnysuit","alterego_mod:Belle","alterego_mod:Birthday"],"picked":"SKIP","floor":20},{"not_picked":["alterego_mod:RidiculouslyBig+1","alterego_mod:IndependentAction","alterego_mod:Jiggle+1"],"picked":"SKIP","floor":22},{"not_picked":["alterego_mod:SuperDuperMasochism+1","alterego_mod:Swimsuit","alterego_mod:Maid"],"picked":"SKIP","floor":23},{"not_picked":["alterego_mod:Punishment","alterego_mod:Birthday","alterego_mod:Nekomimi+1"],"picked":"SKIP","floor":24},{"not_picked":["alterego_mod:Belts","alterego_mod:Bounce","alterego_mod:BiFurious"],"picked":"SKIP","floor":25},{"not_picked":["alterego_mod:TrashNCrash","alterego_mod:1TonWallop","alterego_mod:Maid"],"picked":"SKIP","floor":29},{"not_picked":["alterego_mod:Skirt","alterego_mod:Palingenesis"],"picked":"alterego_mod:BiFurious+1","floor":31},{"not_picked":["alterego_mod:AlterEgo","alterego_mod:GIGAMILK"],"picked":"alterego_mod:ClassAdvantage","floor":33},{"not_picked":["alterego_mod:Skirt","alterego_mod:SakuraPetals+1","alterego_mod:Punishment+1"],"picked":"SKIP","floor":35},{"not_picked":["alterego_mod:Bounce","alterego_mod:DiscoLights","alterego_mod:BreastValley+1"],"picked":"SKIP","floor":38},{"not_picked":["alterego_mod:Santa+1","alterego_mod:Pet"],"picked":"alterego_mod:BusterCard+1","floor":39},{"not_picked":["alterego_mod:BiFurious","alterego_mod:HighServant","alterego_mod:PresenceConcealment"],"picked":"SKIP","floor":44},{"not_picked":["alterego_mod:BiFurious","alterego_mod:PerceptionDisorder","alterego_mod:Valentines+1"],"picked":"SKIP","floor":45},{"not_picked":["alterego_mod:Nekomimi","alterego_mod:SuperDuperMasochism","alterego_mod:GoddessCore+1"],"picked":"SKIP","floor":46},{"not_picked":["alterego_mod:Lingerie+1","alterego_mod:Nekomimi+1","alterego_mod:MagicResistance"],"picked":"SKIP","floor":47},{"not_picked":["alterego_mod:Stockings","alterego_mod:Clones","alterego_mod:STier"],"picked":"SKIP","floor":48}],"player_experience":1093294,"relics_obtained":[{"floor":6,"key":"SnailShell"},{"floor":9,"key":"RoseTintedShades"},{"floor":13,"key":"conspire:DecoderRing"},{"floor":23,"key":"StuffTheSpire:PointBlank"},{"floor":26,"key":"hubris:SlimyHat"},{"floor":28,"key":"ReplayTheSpireMod:Ring of Exchange"},{"floor":31,"key":"StuffTheSpire:EmeraldSignet"}],"event_choices":[{"cards_removed":["alterego_mod:Skirt"],"damage_healed":0,"gold_gain":0,"player_choice":"Forget","damage_taken":0,"max_hp_gain":0,"max_hp_loss":0,"event_name":"Living Wall","floor":3,"gold_loss":0},{"damage_healed":0,"gold_gain":53,"player_choice":"Gained Gold","damage_taken":0,"max_hp_gain":0,"max_hp_loss":0,"event_name":"Golden Wing","floor":4,"gold_loss":0},{"damage_healed":0,"gold_gain":0,"player_choice":"Agree","damage_taken":0,"max_hp_gain":0,"max_hp_loss":0,"event_name":"conspire:LoneGhost","floor":11,"gold_loss":0},{"cards_removed":["alterego_mod:BiFurious"],"damage_healed":0,"gold_gain":0,"player_choice":"Give","damage_taken":0,"max_hp_gain":0,"max_hp_loss":0,"event_name":"betterNote:BetterNote","floor":21,"gold_loss":0,"cards_obtained":["None"]},{"damage_healed":0,"gold_gain":0,"player_choice":"Bought 3 Potions","damage_taken":0,"max_hp_gain":0,"max_hp_loss":0,"event_name":"The Woman in Blue","floor":36,"gold_loss":0}],"is_beta":false,"boss_relics":[{"not_picked":["halation:PlatinumPhoenix","halation:HeavySnake"],"picked":"Gem_Box"},{"not_picked":["Runesmith:UraniumAnvil","hubris:Backtick"],"picked":"construct:WeddingRing"}],"items_purged_floors":[19,37,41],"is_endless":false,"potions_floor_spawned":[5,6,12,16,18,20,29,39,45,47],"killed_by":"Time Eater","ascension_level":0}}