{"host":"2xnjhc1nuqzfyzm4","time":1608177610,"event":{"mods":["Act Like it!","BaseMod","Beaked The Cultist","Bestiary","Better Match","Better Note","Better Sensory Stone","Better Third Choice","Block Reminder","CapriCore","CatGirl Mod","ChefMod","Colored Powertips","Displayed Cursed Tome","Dota2Spire","Downfall","Ekko","Elementarium","Gremlin Mod","GungeonMod","Hallownest","Hermit","Hubris","Humility","Infinite Spire","Jedi Mod","Jorbs\u0027s Wanderer Trilogy","Luminous","Mad Scientist","Marisa????????","Menagerie","Minty Spire (QoL Compilation)","Potionbrewer","Prisma Mod","QueenMod","Relic Stats","Replay The Spire","Robot Space Explorer","SIMod","Shade Mod","Spikes Relics","StSLib","The Alterego","The Animator","The Blackbeard","The Bug Knight","The Cursed","The Death Knight","The Disciple","The Dragon Tamer","The Druid","The Elementalist","The Exalted","The Fake Hero","The Florist","The Gatherer","The Hayseed","The Hierophant","The Immortal","The Jungle","The Mystic","The Necromancer","The Poker Player","The Runesmith","The Sage","The Senshi","The Servant 0.9.4","The Showman","The Spell Scribe","The Valiant","The Wild Card","TheArtist","TheBandit","TheSwordswoman","TheVacant","TheVelvet","TheWitcher","Trackpad","Waifu the Spire","WarShipGirlsR/????R mod","???????????mod"],"gold_per_floor":[118,136,148,148,166,198,214,214,214,214],"floor_reached":8,"playtime":982,"items_purged":[],"score":85,"play_id":"4a047360-148f-4ab8-abf4-5df8b0ea8277","local_time":"20201216200010","is_ascension_mode":false,"metric_token":5203,"campfire_choices":[],"dtmod_dragon_data":[18,50,-1,-1,0,0],"circlet_count":0,"master_deck":["DTMod:Strike","DTMod:Strike","DTMod:Strike","DTMod:Strike","DTMod:TargetDefense","DTMod:TargetDefense","DTMod:TargetDefense","DTMod:TargetDefense","DTMod:SwitchingTactic","DTMod:Training","DTMod:BlueScale","DTMod:CrossStep","DTMod:StarRain","DTMod:FlameSlash","DTMod:BalancedStrike","DTMod:DeepFocus"],"relics":["DTMod:PactStone","Vajra"],"acts_visited":["Exordium"],"potions_floor_usage":[6,7],"damage_taken":[{"damage":6,"enemies":"Jaw Worm","floor":1,"turns":5},{"damage":0,"enemies":"Cultist","floor":2,"turns":4},{"damage":0,"enemies":"Small Slimes","floor":3,"turns":3},{"damage":13,"enemies":"Exordium Thugs","floor":5,"turns":8},{"damage":0,"enemies":"Lagavulin","floor":6,"turns":10},{"damage":7,"enemies":"Exordium Wildlife","floor":7,"turns":4},{"damage":4,"enemies":"3 Sentries","floor":8,"turns":4}],"seed_played":"-4945174244371645997","potions_obtained":[{"floor":5,"key":"Dexterity Potion"},{"floor":6,"key":"AttackPotion"}],"is_trial":false,"path_per_floor":["M","M","M","?","M","E","M","E"],"character_chosen":"THE_DT","items_purchased":[],"campfire_rested":0,"item_purchase_floors":[],"current_hp_per_floor":[43,43,43,43,30,30,23,19,19,19],"gold":214,"neow_bonus":"TEN_PERCENT_HP_BONUS","is_daily":false,"chose_seed":false,"campfire_upgraded":0,"win_rate":0.0,"timestamp":1608177610,"path_taken":["M","M","M","?","M","E","?","E"],"items_purchased_type":[],"build_version":"2020-12-13","purchased_purges":0,"victory":false,"max_hp_per_floor":[49,49,49,49,49,49,49,49,49,49],"relic_stats":{"counters":[7,38],"obtain_stats":[{"DTMod:PactStone":0,"Vajra":6,"DemoMod:GlassGuonStoneRelic":5},{"DTMod:PactStone":0,"Vajra":5,"DemoMod:GlassGuonStoneRelic":4},{"DTMod:PactStone":0,"Vajra":30,"DemoMod:GlassGuonStoneRelic":20}]},"card_choices":[{"not_picked":["DTMod:HeatWave","DTMod:FlameSlash"],"picked":"DTMod:Training","floor":1},{"not_picked":["DTMod:HeatWave","DTMod:BurningEnergy"],"picked":"DTMod:BlueScale","floor":2},{"not_picked":["DTMod:HeatWave","DTMod:BlueScale"],"picked":"DTMod:CrossStep","floor":3},{"not_picked":["DTMod:Coolant","DTMod:BlueScale"],"picked":"DTMod:FlameSlash","floor":5},{"not_picked":["DTMod:BlazingStrike","DTMod:BurningEnergy"],"picked":"DTMod:BalancedStrike","floor":6},{"not_picked":["DTMod:Conduct","DTMod:Coolant"],"picked":"DTMod:DeepFocus","floor":7}],"player_experience":176708,"relics_obtained":[{"floor":6,"key":"Vajra"}],"event_choices":[{"damage_healed":0,"gold_gain":0,"cards_transformed":["DTMod:DoubleHit"],"player_choice":"Transformed","damage_taken":0,"max_hp_gain":0,"max_hp_loss":0,"event_name":"Transmorgrifier","floor":4,"gold_loss":0,"cards_obtained":["DTMod:StarRain"]}],"is_beta":false,"boss_relics":[],"items_purged_floors":[],"is_endless":false,"potions_floor_spawned":[5,6],"killed_by":"3 Sentries","ascension_level":0}}