{"host":"utqe55yv0jihe4d6","time":1608236228,"event":{"mods":["2.2 Compatiblity","AchievementEnabler","BaseMod","Block Reminder","Colored Map","Colored Powertips","Minty Spire (QoL Compilation)","Quick Restart","Rare Cards Sparkle","Relic Stats","SuperFastMode"],"gold_per_floor":[359,17,32,32,32,61,88,88,88],"floor_reached":8,"playtime":159,"items_purged":[],"score":108,"play_id":"5439238c-7342-4740-a9c7-a3ade1bec5e9","local_time":"20201217151708","is_ascension_mode":true,"campfire_choices":[],"circlet_count":0,"master_deck":["AscendersBane","Strike_R","Strike_R","Strike_R","Strike_R","Strike_R","Defend_R","Defend_R","Defend_R","Defend_R","Bash","Whirlwind","Immolate","Flame Barrier","Uppercut","True Grit"],"relics":["Burning Blood","OrangePellets","Prayer Wheel","Meat on the Bone","Odd Mushroom"],"acts_visited":["Exordium"],"potions_floor_usage":[6,6],"damage_taken":[{"damage":4,"enemies":"Small Slimes","floor":1,"turns":4},{"damage":0,"enemies":"2 Louse","floor":3,"turns":1},{"damage":20,"enemies":"Gremlin Nob","floor":6,"turns":4},{"damage":5,"enemies":"The Mushroom Lair","floor":7,"turns":2},{"damage":66,"enemies":"Lagavulin","floor":8,"turns":8}],"seed_played":"-1211002974506878125","potions_obtained":[{"floor":1,"key":"ColorlessPotion"},{"floor":3,"key":"BlessingOfTheForge"}],"is_trial":false,"path_per_floor":["M","$","M","?","?","E","?","E"],"character_chosen":"IRONCLAD","items_purchased":["OrangePellets","Immolate"],"campfire_rested":0,"item_purchase_floors":[2,2],"current_hp_per_floor":[68,68,68,73,55,41,54,0,0],"gold":88,"neow_bonus":"TWO_FIFTY_GOLD","is_daily":false,"chose_seed":false,"campfire_upgraded":0,"win_rate":0.0,"timestamp":1608236228,"path_taken":["M","$","M","?","?","E","?","E"],"items_purchased_type":["Relic","Card"],"build_version":"2020-12-13","purchased_purges":0,"victory":false,"max_hp_per_floor":[68,68,68,73,73,73,73,73,73],"relic_stats":{"OrangePellets":[0],"counters":[5,19],"Prayer Wheel":0,"obtain_stats":[{"OrangePellets":2,"Prayer Wheel":5,"Odd Mushroom":7,"Burning Blood":0,"Meat on the Bone":6},{"OrangePellets":1,"Prayer Wheel":2,"Odd Mushroom":4,"Burning Blood":0,"Meat on the Bone":3},{"OrangePellets":4,"Prayer Wheel":5,"Odd Mushroom":11,"Burning Blood":0,"Meat on the Bone":9}],"Burning Blood":16,"Meat on the Bone":12},"card_choices":[{"not_picked":["Cleave","Blood for Blood"],"picked":"Whirlwind","floor":1},{"not_picked":["Power Through","Sword Boomerang"],"picked":"Flame Barrier","floor":3},{"not_picked":["Ghostly Armor","Headbutt"],"picked":"Uppercut","floor":6},{"not_picked":["Dual Wield","Anger"],"picked":"True Grit","floor":7}],"player_experience":2790781,"relics_obtained":[{"floor":6,"key":"Meat on the Bone"},{"floor":7,"key":"Odd Mushroom"}],"event_choices":[{"damage_healed":0,"gold_gain":0,"player_choice":"Donut","damage_taken":0,"max_hp_gain":5,"max_hp_loss":0,"event_name":"Big Fish","floor":4,"gold_loss":0},{"damage_healed":0,"gold_gain":0,"player_choice":"Success","damage_taken":18,"relics_obtained":["Prayer Wheel"],"max_hp_gain":0,"max_hp_loss":0,"event_name":"Scrap Ooze","floor":5,"gold_loss":0},{"damage_healed":0,"gold_gain":0,"player_choice":"Fought Mushrooms","damage_taken":0,"max_hp_gain":0,"max_hp_loss":0,"event_name":"Mushrooms","floor":7,"gold_loss":0}],"is_beta":false,"boss_relics":[],"items_purged_floors":[],"is_endless":false,"potions_floor_spawned":[1,3],"killed_by":"Lagavulin","ascension_level":20}}