{"host":"p6y17sixyu8q9v1f","time":1608205925,"event":{"mods":["BaseMod","Colored Map","Minty Spire (QoL Compilation)"],"gold_per_floor":[116,41,58,233,233,264,46,46,46,46,46,57,74,93,93,192,192,211,78,78,55,74,74,74],"floor_reached":23,"playtime":1752,"items_purged":["Strike_B","Defend_B","Strike_B"],"score":257,"play_id":"1d7776c3-0425-49cf-a09f-804b257125cd","local_time":"20201217055205","is_ascension_mode":true,"campfire_choices":[{"data":"Zap","floor":8,"key":"SMITH"},{"data":"Dualcast","floor":11,"key":"SMITH"},{"data":"Self Repair","floor":15,"key":"SMITH"}],"circlet_count":0,"master_deck":["Strike_B","Strike_B","Defend_B","Defend_B","Defend_B","Zap+1","Dualcast+1","Beam Cell","Steam","Gash","Streamline","Go for the Eyes","Self Repair+1","Beam Cell","Reboot","Redo","Scrape","Beam Cell","Steam","Scrape","Gash","Tempest"],"relics":["Cracked Core","NeowsBlessing","Ice Cream","Membership Card","Regal Pillow","Pear","SacredBark"],"acts_visited":["Exordium","TheCity"],"potions_floor_usage":[14,16,16,22],"damage_taken":[{"damage":0,"enemies":"2 Louse","floor":1,"turns":1},{"damage":0,"enemies":"Jaw Worm","floor":3,"turns":1},{"damage":0,"enemies":"Lagavulin","floor":6,"turns":1},{"damage":0,"enemies":"Cultist","floor":12,"turns":2},{"damage":0,"enemies":"2 Fungi Beasts","floor":13,"turns":3},{"damage":16,"enemies":"Exordium Thugs","floor":14,"turns":4},{"damage":43,"enemies":"The Guardian","floor":16,"turns":10},{"damage":6,"enemies":"Spheric Guardian","floor":18,"turns":3},{"damage":5,"enemies":"Shell Parasite","floor":22,"turns":4},{"damage":91,"enemies":"Book of Stabbing","floor":23,"turns":5}],"seed_played":"6753183315435825116","potions_obtained":[{"floor":6,"key":"Dexterity Potion"},{"floor":12,"key":"FocusPotion"},{"floor":14,"key":"FocusPotion"},{"floor":18,"key":"Block Potion"}],"is_trial":false,"path_per_floor":["M","$","M","?","?","E","$","R","T","?","R","M","M","M","R","B",null,"M","$","?","$","M","E"],"character_chosen":"DEFECT","items_purchased":["Membership Card","Streamline","Scrape","Beam Cell","Steam","Gash"],"campfire_rested":0,"item_purchase_floors":[7,7,19,19,19,21],"current_hp_per_floor":[75,75,75,75,68,68,68,68,68,53,53,53,53,44,44,11,85,85,85,85,85,85,0,0],"gold":74,"neow_bonus":"THREE_ENEMY_KILL","is_daily":false,"chose_seed":false,"campfire_upgraded":3,"win_rate":0.0,"timestamp":1608205925,"path_taken":["M","$","M","?","?","E","?","R","T","?","R","M","M","M","R","BOSS","M","$","?","$","?","E"],"items_purchased_type":["Relic","Card","Card","Card","Card","Card"],"build_version":"2020-12-13","purchased_purges":3,"victory":false,"max_hp_per_floor":[75,75,75,75,75,75,75,75,75,85,85,85,85,85,85,85,85,85,85,85,85,85,85,85],"card_choices":[{"not_picked":["Reprogram","Rebound"],"picked":"Beam Cell","floor":1},{"not_picked":["Double Energy","Leap"],"picked":"Steam","floor":3},{"not_picked":["Rebound","Darkness"],"picked":"Gash","floor":6},{"not_picked":["Leap","Conserve Battery"],"picked":"Go for the Eyes","floor":12},{"not_picked":["FTL","Multi-Cast"],"picked":"Self Repair","floor":13},{"not_picked":["Steam","Rebound"],"picked":"Beam Cell","floor":14},{"not_picked":["Rainbow","Seek"],"picked":"Reboot","floor":16},{"not_picked":["Fusion+1","Steam"],"picked":"Redo","floor":18},{"not_picked":["Cold Snap+1","Conserve Battery"],"picked":"Tempest","floor":22}],"player_experience":762551,"relics_obtained":[{"floor":6,"key":"Ice Cream"},{"floor":9,"key":"Regal Pillow"}],"event_choices":[{"damage_healed":0,"gold_gain":175,"player_choice":"AGREE","damage_taken":0,"max_hp_gain":0,"max_hp_loss":0,"event_name":"Liars Game","floor":4,"gold_loss":0,"cards_obtained":["Doubt"]},{"cards_removed":["Doubt"],"damage_healed":0,"gold_gain":0,"player_choice":"Card Removal","damage_taken":7,"max_hp_gain":0,"max_hp_loss":0,"event_name":"Golden Wing","floor":5,"gold_loss":0},{"damage_healed":0,"gold_gain":0,"player_choice":"Success","damage_taken":25,"relics_obtained":["Pear"],"max_hp_gain":0,"max_hp_loss":0,"event_name":"Scrap Ooze","floor":10,"gold_loss":0},{"damage_healed":0,"gold_gain":0,"player_choice":"Copied","damage_taken":0,"max_hp_gain":0,"max_hp_loss":0,"event_name":"Duplicator","floor":20,"gold_loss":0,"cards_obtained":["Scrape"]}],"is_beta":false,"boss_relics":[{"not_picked":["Philosopher\u0027s Stone","Runic Dome"],"picked":"SacredBark"}],"items_purged_floors":[2,7,19],"is_endless":false,"potions_floor_spawned":[6,12,14,18],"killed_by":"Book of Stabbing","ascension_level":4}}