{"host":"gx04ak8ofzo346nl","time":1608177844,"event":{"mods":["BaseMod","Colored Map","Downfall","Googly Eyes","Minty Spire (QoL Compilation)","Replay The Spire","StSLib"],"gold_per_floor":[99,113,129,54,73,108,156,81,109,34,134,147,166,180,200,300,300,300,315,465,481,481,510,510,528,2,2,2,20,5,25,35,137,137,137,137,168,168,178,189,189,189,205,205,256,270,270,102,115,115,115,147,5,5,5],"floor_reached":56,"playtime":14239,"items_purged":["Normality"],"score":1361,"play_id":"1f522cf9-fe32-46b7-9607-8f86fd0f8893","local_time":"20201216200404","is_ascension_mode":false,"campfire_choices":[{"floor":1.0,"key":"RECALL"},{"data":"Guardian:ShieldCharger","floor":4,"key":"SMITH"},{"data":"Guardian:TwinSlam","floor":8,"key":"SMITH"},{"data":"Guardian:HyperBeam_Guardian","floor":10,"key":"SMITH"},{"data":"Guardian:ConstructionForm","floor":18,"key":"SMITH"},{"data":"Pot Of Greed","floor":27,"key":"SMITH"},{"data":"Guardian:CurlUp","floor":35,"key":"SMITH"},{"data":"Guardian:PrismaticBarrier","floor":42,"key":"SMITH"},{"data":"Guardian:CrystalBeam","floor":44,"key":"SMITH"},{"data":"expansioncontent:Chronoboost","floor":54,"key":"SMITH"}],"circlet_count":0,"master_deck":["Guardian:Strike_Guardian","Guardian:Strike_Guardian","Guardian:Strike_Guardian","Guardian:Defend_Guardian","Guardian:Defend_Guardian","Guardian:Defend_Guardian+1","Guardian:CurlUp+1","Guardian:TwinSlam+1","Guardian:ShieldCharger+1","Guardian:PiercingHide","Pot Of Greed+1","Pot Of Greed+1","Guardian:HyperBeam_Guardian+1","Guardian:MultiBeam+1","Guardian:Suspension+1","Guardian:CrystalBeam+1","Guardian:ConstructionForm+1","Guardian:PrimingBeam","Guardian:PrismaticBeam+1","Guardian:TemporalShield+1","Guardian:BaubleBeam+1","Guardian:DonusPower+1","Guardian:PrismaticBarrier+1","Guardian:VentSteam+1","Guardian:TemporalStrike","Parasite","Guardian:Recover+1","expansioncontent:Chronoboost+1","Guardian:Repulse+1","Guardian:BaubleBeam+1","Panache+1","Enlightenment+1","PanicButton+1","Guardian:Repulse+1"],"relics":["Guardian:ModeShifter","downfall:HeartBlessingRed","Potion Belt","downfall:HeartBlessingBlue","downfall:HeartBlessingGreen","Honey Jar","Ring of Searing","Ring of Fury","Boot","Gambling Chip","Golden Egg","Replay:Bronze Core","Peace Pipe","Divine Protection","Centennial Puzzle","War Paint","ReplayTheSpireMod:ShopPack","Replay:Ringing Soul"],"acts_visited":["Exordium","TheCity","TheBeyond","TheEnding"],"potions_floor_usage":[11,16,16,23,23,30,52,55,55],"damage_taken":[{"damage":6.0,"enemies":"Jaw Worm","floor":2.0,"turns":4.0},{"damage":0,"enemies":"2 Louse","floor":3,"turns":4},{"damage":2,"enemies":"Cultist","floor":5,"turns":3},{"damage":3,"enemies":"Gremlin Nob","floor":6,"turns":5},{"damage":11,"enemies":"3 Sentries","floor":9,"turns":11},{"damage":0,"enemies":"downfall:Heads","floor":11,"turns":3},{"damage":6,"enemies":"Blue Slaver","floor":12,"turns":3},{"damage":0,"enemies":"3 Louse","floor":13,"turns":1},{"damage":0,"enemies":"Gremlin Gang","floor":14,"turns":1},{"damage":0,"enemies":"Exordium Wildlife","floor":15,"turns":2},{"damage":14,"enemies":"downfall:Ironclad","floor":16,"turns":10},{"damage":0,"enemies":"3 Byrds","floor":19,"turns":2},{"damage":5,"enemies":"Snake Plant","floor":21,"turns":2},{"damage":10,"enemies":"Gremlin Leader","floor":23,"turns":4},{"damage":11,"enemies":"Chosen and Byrds","floor":25,"turns":4},{"damage":0,"enemies":"downfall:FleeingMerchant","floor":26,"turns":4},{"damage":12,"enemies":"Sentry and Sphere","floor":29,"turns":6},{"damage":15,"enemies":"downfall:FleeingMerchant","floor":30,"turns":4},{"damage":0,"enemies":"Snake Plant","floor":31,"turns":2},{"damage":0,"enemies":"Centurion and Healer","floor":32,"turns":3},{"damage":12,"enemies":"downfall:Defect","floor":33,"turns":5},{"damage":28,"enemies":"Giant Head","floor":37,"turns":9},{"damage":27,"enemies":"3 Shapes","floor":39,"turns":1},{"damage":0,"enemies":"3 Darklings","floor":40,"turns":1},{"damage":0,"enemies":"Transient","floor":43,"turns":5},{"damage":0,"enemies":"Writhing Mass","floor":46,"turns":2},{"damage":0,"enemies":"downfall:FleeingMerchant","floor":48,"turns":1},{"damage":8,"enemies":"Spire Growth","floor":49,"turns":2},{"damage":0,"enemies":"downfall:Watcher","floor":50,"turns":5},{"damage":7,"enemies":"downfall:CharBossMerchant","floor":52,"turns":5},{"damage":20,"enemies":"downfall:NeowBoss","floor":55,"turns":14}],"seed_played":"-8801931833612335181","potions_obtained":[{"floor":3,"key":"BlessingOfTheForge"},{"floor":5,"key":"Block Potion"},{"floor":14,"key":"BlessingOfTheForge"},{"floor":16,"key":"LifebloodPotion"},{"floor":19,"key":"Fire Potion"},{"floor":21,"key":"FearPotion"},{"floor":25,"key":"Adrenaline Potion"},{"floor":32,"key":"Dexterity Potion"},{"floor":39,"key":"Slimebound:ThreeZeroPotion"},{"floor":46,"key":"champ:CounterPotion"},{"floor":52,"key":"sneckomod:MuddlingPotion"}],"is_trial":false,"path_per_floor":["R","M","M","R","M","E","T","R","E","R","?","M","M","M","M","B",null,"R","M","?","M","?","E","T","M","$","R","?","M","$","M","M","B",null,"R","?","E","?","M","M","T","R","M","R","T","M","?","$","M","B",null,"E","$","R","B",null],"character_chosen":"GUARDIAN","items_purchased":["Golden Egg","Guardian:BaubleBeam","Guardian:Gem_Red","Guardian:Gem_Fragmented","Guardian:BaubleBeam","War Paint","ReplayTheSpireMod:ShopPack","Guardian:Repulse","Fire Potion","Swift Potion"],"campfire_rested":0,"item_purchase_floors":[26,26,26,26,48,48,48,53,53,53],"current_hp_per_floor":[88,82,82,82,80,77,77,87,76,76,76,70,70,70,70,56,98,98,98,98,93,93,83,83,72,72,72,64,52,37,37,37,25,98,98,98,70,70,43,43,43,43,43,43,43,43,43,43,35,35,98,94,97,97,77],"gold":5,"neow_bonus":"TEN_PERCENT_HP_BONUS","is_daily":false,"chose_seed":false,"campfire_upgraded":9,"win_rate":0.0,"timestamp":1608177844,"path_taken":["R","M","M","R","M","E","T","R","E","R","?","M","M","M","M","BOSS","R","M","?","?","?","E","T","M","$","R","?","?","$","M","M","BOSS","R","?","E","?","?","M","T","R","M","R","?","M","?","?","M","BOSS","E","$","R","BOSS"],"items_purchased_type":["Relic","Card","Card","Card","Card","Relic","Relic","Card","Potion","Potion"],"build_version":"2020-12-13","purchased_purges":1,"victory":true,"max_hp_per_floor":[88,88,88,88,88,88,88,98,98,98,98,98,98,98,98,98,98,98,98,98,98,98,98,98,98,98,98,98,98,98,98,98,98,98,98,98,98,98,98,98,98,98,98,98,98,98,98,98,98,98,98,101,104,104,104],"card_choices":[{"not_picked":["Guardian:Incinerate","Guardian:FloatingOrbs"],"picked":"Guardian:ShieldCharger","floor":2.0},{"not_picked":["Guardian:Reroute","Guardian:Recover"],"picked":"Guardian:Gem_White","floor":3},{"not_picked":["Guardian:RollAttack","Guardian:Incinerate"],"picked":"Guardian:PiercingHide","floor":5},{"not_picked":["Guardian:RefractedBeam","Guardian:ShieldCharger"],"picked":"Guardian:Gem_Lightblue","floor":6},{"not_picked":["Guardian:Gem_Red","Guardian:SentryBeam"],"picked":"Guardian:HyperBeam_Guardian","floor":9},{"not_picked":["Guardian:Gem_Lightblue","Guardian:Incinerate"],"picked":"Guardian:Gem_Crimson","floor":11},{"not_picked":["Guardian:ShieldSpikes","Guardian:WalkerClaw"],"picked":"Guardian:Suspension","floor":12},{"not_picked":["Guardian:Gem_Crimson","Guardian:Suspension"],"picked":"Guardian:CrystalBeam","floor":13},{"not_picked":["Guardian:ShieldCharger","Guardian:PiercingHide"],"picked":"Guardian:ConstructionForm","floor":14},{"not_picked":["Guardian:Gem_Green","Guardian:TemporalShield"],"picked":"Guardian:PrimingBeam","floor":15},{"not_picked":["Guardian:RevengeProtocol","Guardian:StasisStrike"],"picked":"Guardian:Gem_Synthetic","floor":16},{"not_picked":["Guardian:RollAttack","Guardian:BronzeArmor","Guardian:Gem_Red"],"picked":"Guardian:PrismaticBeam+1","floor":19},{"not_picked":["Guardian:VentSteam","Guardian:RefractedBeam+1","Guardian:PolyBeam"],"picked":"Guardian:TemporalShield+1","floor":21},{"not_picked":["Guardian:VentSteam","Guardian:DonusPower","Guardian:Incinerate"],"picked":"Guardian:Gem_White","floor":23},{"not_picked":["Guardian:ShieldCharger","Guardian:SentryBeam+1","Guardian:VentSteam"],"picked":"Guardian:Gem_Lightblue","floor":25},{"not_picked":["Guardian:HyperBeam_Guardian","Guardian:SpikerProtocol","Guardian:Reroute+1"],"picked":"Guardian:Gem_Red","floor":26},{"not_picked":["Guardian:GuardianWhirl","Guardian:Suspension","Guardian:ArmoredProtocol"],"picked":"Guardian:Gem_Red","floor":29},{"not_picked":["Guardian:CrystalBeam","Guardian:VentSteam","Guardian:BronzeOrb"],"picked":"Guardian:Gem_White","floor":30},{"not_picked":["Guardian:RefractedBeam+1","Guardian:Incinerate","Guardian:Preprogram"],"picked":"Guardian:DonusPower+1","floor":31},{"not_picked":["Guardian:PrimingBeam","Guardian:VentSteam","Guardian:RollAttack"],"picked":"Guardian:Gem_Purple","floor":32},{"not_picked":["Guardian:StasisStrike","Guardian:SphericShield","Guardian:ConstructionForm"],"picked":"Guardian:Gem_Orange","floor":33},{"not_picked":["Guardian:PrismaticBeam","Guardian:PolyBeam+1","Guardian:Harden+1"],"picked":"Guardian:PrismaticBarrier","floor":37},{"not_picked":["Guardian:GuardianWhirl","Guardian:Gem_Lightblue","Guardian:Reroute+1"],"picked":"Guardian:VentSteam+1","floor":39},{"not_picked":["Guardian:ShieldCharger","Guardian:Planning","Guardian:RevengeProtocol"],"picked":"Guardian:Gem_Cyan","floor":40},{"not_picked":["Guardian:ArmoredProtocol","Guardian:ShieldCharger+1","Guardian:Suspension+1"],"picked":"Guardian:TemporalStrike","floor":43},{"not_picked":["Guardian:EvasiveProtocol","Guardian:RollAttack+1","Guardian:PiercingHide"],"picked":"Guardian:Recover+1","floor":46},{"not_picked":["expansioncontent:GoopSpray","Replay:SS_forest_2","expansioncontent:TimeRipple"],"picked":"expansioncontent:Chronoboost","floor":47},{"not_picked":["Guardian:ChargeCore","Guardian:Gem_Purple","Guardian:Gem_Crimson"],"picked":"Guardian:Repulse+1","floor":48},{"not_picked":["Secret Weapon","Poisoned Strike","expansioncontent:StudyTheSpire"],"picked":"Panache","floor":48},{"not_picked":["expansioncontent:Torchfire","Mind Blast","expansioncontent:PrepareCrush"],"picked":"Enlightenment","floor":48},{"not_picked":["Replay:SS_hec_2","Replay:Parry","expansioncontent:PolyBeam"],"picked":"PanicButton","floor":48},{"not_picked":["Guardian:FloatingOrbs","Guardian:Incinerate+1","Guardian:MultiBeam+1"],"picked":"Guardian:Gem_Crimson","floor":49},{"not_picked":["Guardian:Incinerate+1","Guardian:Planning","Guardian:FastForward"],"picked":"Guardian:Gem_Cyan","floor":52}],"player_experience":140428,"relics_obtained":[{"floor":6,"key":"Potion Belt"},{"floor":9,"key":"Grinning Jar"},{"floor":22,"key":"Ring of Searing"},{"floor":22,"key":"Ring of Fury"},{"floor":23,"key":"Boot"},{"floor":24,"key":"Gambling Chip"},{"floor":37,"key":"Peace Pipe"},{"floor":41,"key":"Divine Protection"},{"floor":45,"key":"Centennial Puzzle"},{"floor":52,"key":"Replay:Ringing Soul"}],"event_choices":[],"is_beta":false,"boss_relics":[{"not_picked":["ChewingGum","Cursed Key"],"picked":"Honey Jar"},{"not_picked":["Painkiller Herb","Kintsugi"],"picked":"Replay:Bronze Core"}],"items_purged_floors":[48],"is_endless":false,"potions_floor_spawned":[3,5,14,16,19,21,25,32,39,46,52],"ascension_level":0}}