{"host":"46hhpd9tbruz5rpt","time":1608191859,"event":{"mods":["BaseMod","Downfall","Minty Spire (QoL Compilation)","Quick Restart","StSLib","UnlockEverythingMod"],"gold_per_floor":[115,129,146,162,237,237,140,167,167,167,167,167,30,48,48,178,178,203,219,237,137,157,201,222,102,102,102,123,123,123,146,146,146,146],"floor_reached":33,"playtime":1382,"items_purged":["sneckomod:Bewildered","Strike_P","Strike_P","Defend_P"],"score":377,"play_id":"84252c65-b4f5-44b1-bdf3-852a667313bd","local_time":"20201217155739","is_ascension_mode":true,"campfire_choices":[{"data":"Eruption","floor":6.0,"key":"SMITH"},{"data":"Evaluate","floor":11.0,"key":"SMITH"},{"data":"Adaptation","floor":15.0,"key":"SMITH"},{"data":"SignatureMove","floor":29.0,"key":"SMITH"},{"data":"Evaluate","floor":32.0,"key":"SMITH"}],"circlet_count":0,"master_deck":["Defend_P","Defend_P","Eruption+1","Vigilance","FlurryOfBlows","EmptyFist","Evaluate+1","SignatureMove+1","Evaluate+1","Adaptation+1","Devotion","Weave+1","Tantrum+1","BowlingBash+1","FlurryOfBlows+1","Prostrate","CutThroughFate"],"relics":["PureWater","Ice Cream","Eternal Feather","The Courier","Golden Idol","FaceOfCleric","Astrolabe","Dead Branch","Blue Candle"],"acts_visited":["Exordium","TheCity"],"potions_floor_usage":[33],"damage_taken":[{"damage":7.0,"enemies":"Small Slimes","floor":1.0,"turns":5.0},{"damage":0.0,"enemies":"Jaw Worm","floor":2.0,"turns":2.0},{"damage":3.0,"enemies":"2 Louse","floor":3.0,"turns":3.0},{"damage":12.0,"enemies":"Gremlin Gang","floor":4.0,"turns":4.0},{"damage":16.0,"enemies":"Gremlin Nob","floor":8.0,"turns":4.0},{"damage":0.0,"enemies":"Looter","floor":14.0,"turns":1.0},{"damage":18.0,"enemies":"Hexaghost","floor":16.0,"turns":8.0},{"damage":10.0,"enemies":"Shell Parasite","floor":18.0,"turns":4.0},{"damage":7.0,"enemies":"3 Byrds","floor":19.0,"turns":4.0},{"damage":14.0,"enemies":"Centurion and Healer","floor":20.0,"turns":4.0},{"damage":0.0,"enemies":"Chosen and Byrds","floor":22.0,"turns":3.0},{"damage":15.0,"enemies":"Slavers","floor":23.0,"turns":2.0},{"damage":0.0,"enemies":"3 Cultists","floor":24.0,"turns":3.0},{"damage":0.0,"enemies":"Snake Plant","floor":28.0,"turns":1.0},{"damage":0.0,"enemies":"Snecko","floor":31.0,"turns":2.0},{"damage":7,"enemies":"Collector","floor":33,"turns":3}],"seed_played":"-8490413841751556551","potions_obtained":[{"floor":1.0,"key":"ColorlessPotion"},{"floor":8.0,"key":"BlessingOfTheForge"},{"floor":16.0,"key":"Dexterity Potion"},{"floor":20.0,"key":"EssenceOfSteel"},{"floor":22.0,"key":"CultistPotion"},{"floor":24.0,"key":"hexamod:EctoCoolerPotion"},{"floor":31.0,"key":"BottledMiracle"}],"is_trial":false,"path_per_floor":["M","M","M","M","?","R","$","E","T","?","R","?","$","M","R","B",null,"M","M","M","$","M","E","M","$","T","?","M","R","$","M","R","B"],"character_chosen":"WATCHER","items_purchased":["Evaluate","Adaptation"],"campfire_rested":0,"item_purchase_floors":[7,13],"current_hp_per_floor":[58,58,55,43,32,32,32,16,16,16,25,25,25,26,35,18,56,47,41,28,28,29,15,16,16,16,10,11,20,20,21,30,23,23],"gold":146,"neow_bonus":"ONE_RARE_RELIC","is_daily":false,"chose_seed":false,"campfire_upgraded":5,"win_rate":0.0,"timestamp":1608191859,"path_taken":["M","M","M","M","?","R","$","E","T","?","R","?","$","M","R","BOSS","M","M","M","$","M","E","?","$","T","?","M","R","$","?","R","BOSS"],"items_purchased_type":["Card","Card"],"build_version":"2020-12-13","purchased_purges":4,"victory":false,"max_hp_per_floor":[72,72,72,72,72,72,72,72,72,67,67,67,67,68,68,69,69,70,71,72,72,73,74,75,75,75,75,76,76,76,77,77,77,77],"card_choices":[{"not_picked":["Study","Swivel"],"picked":"FlurryOfBlows","floor":1.0},{"not_picked":["CarveReality","WheelKick"],"picked":"EmptyFist","floor":2.0},{"not_picked":["Swivel","Halt"],"picked":"Evaluate","floor":3.0},{"not_picked":["Prostrate","Consecrate"],"picked":"SignatureMove","floor":4.0},{"not_picked":["BowlingBash","MasterReality","Nirvana"],"picked":"SKIP","floor":8.0},{"not_picked":["Weave","Wallop","TalkToTheHand"],"picked":"SKIP","floor":14.0},{"not_picked":["MasterReality","Alpha"],"picked":"Devotion","floor":16.0},{"not_picked":["CarveReality","CrushJoints"],"picked":"FlurryOfBlows+1","floor":18.0},{"not_picked":["EmptyFist","EmptyBody+1"],"picked":"Prostrate","floor":19.0},{"not_picked":["Adaptation","FlyingSleeves+1"],"picked":"CutThroughFate","floor":20.0},{"not_picked":["FollowUp","FlurryOfBlows","CrushJoints+1"],"picked":"SKIP","floor":22.0},{"not_picked":["Alpha","ForeignInfluence","Crescendo"],"picked":"SKIP","floor":23.0},{"not_picked":["Prostrate","Wallop","Consecrate"],"picked":"SKIP","floor":24.0},{"not_picked":["PathToVictory","Protect","Halt"],"picked":"SKIP","floor":28.0},{"not_picked":["Wireheading","Adaptation","DeceiveReality"],"picked":"SKIP","floor":31.0}],"player_experience":65728,"relics_obtained":[{"floor":8.0,"key":"Eternal Feather"},{"floor":9.0,"key":"The Courier"},{"floor":23.0,"key":"Dead Branch"},{"floor":26.0,"key":"Blue Candle"}],"event_choices":[{"damage_healed":0.0,"max_hp_gain":0.0,"max_hp_loss":0.0,"gold_gain":75.0,"event_name":"World of Goop","player_choice":"Gather Gold","floor":5.0,"gold_loss":0.0,"damage_taken":11.0},{"damage_healed":0.0,"max_hp_gain":0.0,"max_hp_loss":5.0,"gold_gain":0.0,"event_name":"Golden Idol","player_choice":"Lose Max HP","floor":10.0,"gold_loss":0.0,"damage_taken":0.0,"relics_obtained":["Golden Idol"]},{"damage_healed":0.0,"max_hp_gain":0.0,"max_hp_loss":0.0,"gold_gain":0.0,"event_name":"FaceTrader","player_choice":"Trade","floor":12.0,"gold_loss":0.0,"damage_taken":0.0,"relics_obtained":["FaceOfCleric"]},{"damage_healed":0.0,"max_hp_gain":0.0,"max_hp_loss":0.0,"gold_gain":0.0,"event_name":"Knowing Skull","player_choice":"","floor":27.0,"potions_obtained":[],"gold_loss":0.0,"damage_taken":6.0,"cards_obtained":[]}],"is_beta":false,"boss_relics":[{"not_picked":["Busted Crown","Fusion Hammer"],"picked":"Astrolabe"}],"items_purged_floors":[7,13,21,25],"is_endless":false,"potions_floor_spawned":[1,8,16,20,22,24,31],"killed_by":"Collector","ascension_level":8}}