{"host":"hoz3ngw650fbea07","time":1608238142,"event":{"mods":["AchievementEnabler","BaseMod","Better Altar","Better Match","Better Note","Better Sensory Stone","Better Skull","Better Third Choice","BetterRewards","CCEM","Colored Map","Downfall","GifTheSpireLib","Highlight Path","Infinite Spire","Minty Spire (QoL Compilation)","Permanent Neow","StSLib","Unceasing Turn Reminder","Waifu the Spire","everything is the same but u backflip on backflip","slay the spire mod where everything is the same but ironclad has a cowboy hat"],"gold_per_floor":[99,127,139,139,139,149,176,176,193,193,215,29,29,54,69,166,166,166,185,204,232,250,250,297,314,314,344,360,560,560,576,594,594,594],"floor_reached":33,"playtime":2452,"items_purged":["hexamod:ThirdSeal"],"score":341,"play_id":"22364d03-6598-40a4-8e59-4fc2b0c06820","local_time":"20201217134902","is_ascension_mode":false,"campfire_choices":[{"floor":1.0,"key":"REST"},{"data":"hexamod:Float","floor":8,"key":"SMITH"},{"data":"hexamod:Sear","floor":10,"key":"SMITH"},{"data":"hexamod:Again","floor":18,"key":"SMITH"},{"data":"hexamod:FastForward","floor":23,"key":"SMITH"}],"circlet_count":0,"master_deck":["hexamod:Strike","hexamod:Strike","hexamod:Strike","hexamod:Strike+1","hexamod:Defend","hexamod:Defend+1","hexamod:Defend","hexamod:Defend","hexamod:Sear+1","hexamod:Float+1","hexamod:NightmareGuise","hexamod:HauntingEcho+1","hexamod:ShieldOfDarkness+1","hexamod:AdvancingGuard","hexamod:AdvancingGuard","hexamod:EtherealExpedition","hexamod:SpectersWail+1","hexamod:CatchUp+1","hexamod:RecurringNightmare+1","hexamod:Hexaguard+1","hexamod:Again+1","hexamod:SixthSeal","hexamod:FastForward+1","hexamod:FlamesFromBeyond","infinitespire:FutureSight","hexamod:Again+1","hexamod:GhostLash+1","hexamod:RadiantFlame+1","hexamod:NightmareStrike","infinitespire:Gouge","infinitespire:Menacing","hexamod:UnleashSpirits","hexamod:BurningTouch+1","hexamod:GhostLash+1","hexamod:StepThrough+1"],"relics":["hexamod:SpiritBrand","Potion Belt","Pen Nib","hexamod:TheBrokenSeal","hexamod:IceCube","Prayer Wheel","Regal Pillow","Happy Flower","Blue Candle"],"acts_visited":["Exordium","TheCity"],"potions_floor_usage":[9,11,21,21,21,22,32,33,33],"damage_taken":[{"damage":45,"enemies":"3 Sentries","floor":2,"turns":12},{"damage":4,"enemies":"Jaw Worm","floor":3,"turns":7},{"damage":4,"enemies":"2 Louse","floor":6,"turns":4},{"damage":0,"enemies":"Cultist","floor":9,"turns":4},{"damage":26,"enemies":"Blue Slaver","floor":11,"turns":7},{"damage":10,"enemies":"downfall:FleeingMerchant","floor":12,"turns":4},{"damage":20,"enemies":"2 Fungi Beasts","floor":14,"turns":7},{"damage":0,"enemies":"Blue Slaver","floor":15,"turns":3},{"damage":13,"enemies":"downfall:Silent","floor":16,"turns":6},{"damage":0,"enemies":"Shell Parasite","floor":19,"turns":5},{"damage":9,"enemies":"Spheric Guardian","floor":20,"turns":6},{"damage":0,"enemies":"Nightmare","floor":21,"turns":4},{"damage":20,"enemies":"Cultist and Chosen","floor":22,"turns":10},{"damage":0,"enemies":"Snecko","floor":25,"turns":6},{"damage":28,"enemies":"Slavers","floor":27,"turns":5},{"damage":0,"enemies":"Centurion and Healer","floor":28,"turns":5},{"damage":0,"enemies":"Chosen and Byrds","floor":31,"turns":4},{"damage":0,"enemies":"Snecko","floor":32,"turns":5},{"damage":29,"enemies":"downfall:Ironclad","floor":33,"turns":6}],"seed_played":"-2190105773882914102","potions_obtained":[{"floor":6,"key":"Block Potion"},{"floor":9,"key":"ColorlessPotion"},{"floor":12,"key":"Block Potion"},{"floor":14,"key":"infinitespire:BlackPotion"},{"floor":14,"key":"DistilledChaos"},{"floor":16,"key":"ColorlessPotion"},{"floor":25,"key":"SpeedPotion"},{"floor":27,"key":"sneckomod:MuddlingPotion"},{"floor":28,"key":"hexamod:DoubleChargePotion"},{"floor":31,"key":"SkillPotion"}],"is_trial":false,"path_per_floor":["R","E","M","?","?","M","T","R","M","R","M","$","?","M","M","B",null,"R","M","M","NM","M","R","T","M","AVR","E","M","?","?","M","M","B"],"character_chosen":"THE_SPIRIT","items_purchased":["CultistPotion"],"campfire_rested":1,"item_purchase_floors":[12],"current_hp_per_floor":[70,25,28,28,70,70,70,70,70,70,51,48,48,80,80,67,80,80,80,71,71,51,51,51,51,51,23,23,23,23,23,23,0,0],"gold":594,"neow_bonus":"THREE_RARE_CARDS","is_daily":false,"chose_seed":false,"campfire_upgraded":4,"win_rate":0.0,"timestamp":1608238142,"path_taken":["R","E","M","?","?","M","T","R","?","R","M","$","?","M","M","BOSS","R","M","M","NM","M","R","T","M","AVR","E","M","?","?","M","M","BOSS"],"items_purchased_type":["Potion"],"build_version":"2020-12-13","purchased_purges":1,"victory":false,"max_hp_per_floor":[70,70,70,70,70,70,70,70,70,70,70,70,70,80,80,80,80,80,80,80,80,80,80,80,80,80,80,80,80,80,80,80,80,80],"card_choices":[{"not_picked":["hexamod:SixthSeal","hexamod:GhostflameInferno"],"picked":"hexamod:FifthSeal","floor":0.0},{"not_picked":["hexamod:FourthSeal","hexamod:SixthSeal"],"picked":"hexamod:FirstSeal","floor":2},{"not_picked":["hexamod:BacktrackSmack","hexamod:SkipABeat"],"picked":"hexamod:NightmareGuise","floor":2},{"not_picked":["hexamod:SecondSeal","hexamod:SixthSeal"],"picked":"hexamod:ThirdSeal","floor":3},{"not_picked":["hexamod:PhantomCloak","hexamod:RainOfEmbers"],"picked":"hexamod:HauntingEcho","floor":3},{"not_picked":["hexamod:RainOfEmbers","hexamod:PowerFromBeyond"],"picked":"hexamod:ShieldOfDarkness","floor":6},{"not_picked":["hexamod:Firestarter","hexamod:GhostShield"],"picked":"hexamod:AdvancingGuard","floor":6},{"not_picked":["hexamod:FourthSeal","hexamod:ThirdSeal"],"picked":"hexamod:SecondSeal","floor":6},{"not_picked":["hexamod:SecondSeal","hexamod:ThirdSeal"],"picked":"hexamod:SixthSeal","floor":9},{"not_picked":["hexamod:DynamicBlow","hexamod:SecondSeal"],"picked":"hexamod:ThirdSeal","floor":9},{"not_picked":["hexamod:InspiringFlames","hexamod:DynamicBlow"],"picked":"hexamod:AdvancingGuard","floor":11},{"not_picked":["hexamod:FirstSeal","hexamod:ThirdSeal"],"picked":"hexamod:FourthSeal","floor":11},{"not_picked":["hexamod:SwordOfDarkness","hexamod:ThermalTransfer"],"picked":"hexamod:EtherealExpedition","floor":11},{"not_picked":["hexamod:PhantomCloak","hexamod:SecondSeal"],"picked":"hexamod:SpectersWail","floor":11},{"not_picked":["hexamod:DynamicBlow","hexamod:RainOfEmbers"],"picked":"hexamod:CatchUp","floor":12},{"not_picked":["hexamod:InspiringFlames","hexamod:GhostShield"],"picked":"hexamod:RecurringNightmare","floor":12},{"not_picked":["hexamod:Incineration","hexamod:ChargedBarrage"],"picked":"hexamod:Hexaguard","floor":14},{"not_picked":["hexamod:EtherealExpedition","hexamod:AdvancingGuard"],"picked":"hexamod:Again","floor":15},{"not_picked":["hexamod:FifthSeal","hexamod:GhostflameInferno"],"picked":"hexamod:SixthSeal","floor":16},{"not_picked":["hexamod:ThermalTransfer","hexamod:HauntingEcho"],"picked":"hexamod:FastForward","floor":19},{"not_picked":["hexamod:PowerFromBeyond+1","hexamod:ThermalTransfer"],"picked":"hexamod:FlamesFromBeyond","floor":20},{"not_picked":["infinitespire:NeuralNetwork","infinitespire:UltimateForm"],"picked":"infinitespire:FutureSight","floor":21},{"not_picked":["hexamod:RecurringNightmare","hexamod:ThermalTransfer"],"picked":"hexamod:Again+1","floor":21},{"not_picked":["hexamod:NightmareStrike","hexamod:GhostShield"],"picked":"hexamod:GhostLash+1","floor":22},{"not_picked":["hexamod:GhostflameBarrier","hexamod:NightmareGuise+1"],"picked":"hexamod:RadiantFlame","floor":22},{"not_picked":["hexamod:GhostOfSpireFuture","hexamod:SpectralAdrenaline+1"],"picked":"hexamod:NightmareStrike","floor":25},{"not_picked":["hexamod:NightmareGuise","hexamod:SwordOfDarkness","hexamod:RainOfEmbers"],"picked":"SKIP","floor":25},{"not_picked":["hexamod:Firestarter","hexamod:RecurringNightmare"],"picked":"hexamod:UnleashSpirits","floor":27},{"not_picked":["hexamod:EtherealExpedition","hexamod:ThermalTransfer"],"picked":"hexamod:BurningTouch+1","floor":28},{"not_picked":["hexamod:SwordOfDarkness","hexamod:NightmareStrike"],"picked":"hexamod:GhostLash","floor":28},{"not_picked":["hexamod:Incineration","hexamod:RecurringNightmare"],"picked":"hexamod:StepThrough+1","floor":31},{"not_picked":["hexamod:FastForward","hexamod:BurningTouch","hexamod:RetreatToShadows+1"],"picked":"SKIP","floor":31},{"not_picked":["hexamod:HeatMetal","hexamod:Rewind","hexamod:SkipABeat"],"picked":"SKIP","floor":32},{"not_picked":["hexamod:FastForward","hexamod:GhostShield","hexamod:RetreatToShadows"],"picked":"SKIP","floor":32}],"player_experience":104907,"relics_obtained":[{"floor":2,"key":"Potion Belt"},{"floor":7,"key":"Pen Nib"},{"floor":21,"key":"Prayer Wheel"},{"floor":24,"key":"Regal Pillow"},{"floor":27,"key":"Blue Candle"}],"event_choices":[{"damage_healed":42,"gold_gain":0,"player_choice":"Full Heal","damage_taken":0,"max_hp_gain":0,"max_hp_loss":0,"event_name":"Wheel of Change","floor":5,"gold_loss":0}],"is_beta":false,"boss_relics":[{"not_picked":["Sozu","Runic Pyramid"],"picked":"hexamod:IceCube"}],"items_purged_floors":[12],"is_endless":true,"potions_floor_spawned":[6,9,14,16,25,27,28,31],"killed_by":"downfall:Ironclad","ascension_level":0}}