{"host":"nmjik3bzoelmmajy","time":1608212667,"event":{"mods":["BaseMod","Better Third Choice","Colored Map","DeckTracker","Minty Spire (QoL Compilation)","Quick Restart","Say the Spire","StSLib","SuperFastMode"],"gold_per_floor":[116,132,207,223,234,259,286,286,366,397,30,49,49,49,49,49,49],"floor_reached":16,"playtime":607,"items_purged":["Strike_G"],"score":288,"play_id":"20fe0172-ac05-4082-8757-eb6b60d9f5b8","local_time":"20201217224427","is_ascension_mode":true,"campfire_choices":[{"floor":8.0,"key":"REST"},{"data":"Neutralize","floor":15.0,"key":"SMITH"}],"circlet_count":0,"master_deck":["AscendersBane","Strike_G","Strike_G","Strike_G","Strike_G","Defend_G","Defend_G","Defend_G","Defend_G","Defend_G","Survivor","Neutralize+1","Blade Dance","Dagger Spray","Bouncing Flask+1","Accuracy","Heel Hook"],"relics":["Ring of the Snake","Orichalcum","Calipers","Odd Mushroom","Ornamental Fan","Smiling Mask","Tingsha"],"acts_visited":["Exordium"],"potions_floor_usage":[16],"damage_taken":[{"damage":5.0,"enemies":"Cultist","floor":1.0,"turns":5.0},{"damage":4.0,"enemies":"Small Slimes","floor":2.0,"turns":6.0},{"damage":2.0,"enemies":"Jaw Worm","floor":4.0,"turns":4.0},{"damage":5.0,"enemies":"Looter","floor":5.0,"turns":4.0},{"damage":16.0,"enemies":"3 Sentries","floor":6.0,"turns":7.0},{"damage":11.0,"enemies":"The Mushroom Lair","floor":7.0,"turns":4.0},{"damage":18.0,"enemies":"Gremlin Nob","floor":10.0,"turns":4.0},{"damage":0.0,"enemies":"Large Slime","floor":12.0,"turns":3.0},{"damage":15,"enemies":"The Guardian","floor":16,"turns":8}],"seed_played":"2540190175850403313","potions_obtained":[{"floor":1.0,"key":"Fruit Juice"},{"floor":6.0,"key":"FearPotion"},{"floor":7.0,"key":"CultistPotion"},{"floor":10.0,"key":"Energy Potion"}],"is_trial":false,"path_per_floor":["M","M","?","M","M","E","?","R","T","E","$","M","?","$","R","B"],"character_chosen":"THE_SILENT","items_purchased":["Tingsha"],"campfire_rested":1,"item_purchase_floors":[11],"current_hp_per_floor":[59,55,44,42,37,21,10,31,31,13,13,13,13,13,13,0,0],"gold":49,"neow_bonus":"RANDOM_COMMON_RELIC","is_daily":false,"chose_seed":false,"campfire_upgraded":1,"win_rate":0.0,"timestamp":1608212667,"path_taken":["M","?","?","M","M","E","?","R","T","E","$","M","?","$","R","BOSS"],"items_purchased_type":["Relic"],"build_version":"2020-12-13","purchased_purges":1,"victory":false,"max_hp_per_floor":[71,71,71,71,71,71,71,71,71,71,71,71,71,71,71,71,71],"card_choices":[{"not_picked":["Heel Hook","Deflect"],"picked":"Blade Dance","floor":1.0},{"not_picked":["Dagger Throw","Predator"],"picked":"Dagger Spray","floor":2.0},{"not_picked":["Underhanded Strike","Quick Slash","Deadly Poison"],"picked":"SKIP","floor":4.0},{"not_picked":["Night Terror","Deflect","Flechettes"],"picked":"SKIP","floor":5.0},{"not_picked":["Night Terror","Deflect","Flechettes"],"picked":"SKIP","floor":5.0},{"not_picked":["Cloak And Dagger","After Image"],"picked":"Bouncing Flask","floor":6.0},{"not_picked":["Outmaneuver","Bane"],"picked":"Accuracy","floor":7.0},{"not_picked":["Unload","Eviscerate"],"picked":"Heel Hook","floor":10.0},{"not_picked":["Quick Slash","Outmaneuver","Dagger Throw"],"picked":"SKIP","floor":12.0}],"player_experience":811057,"relics_obtained":[{"floor":6.0,"key":"Calipers"},{"floor":7.0,"key":"Odd Mushroom"},{"floor":9.0,"key":"Ornamental Fan"},{"floor":10.0,"key":"Smiling Mask"}],"event_choices":[{"damage_healed":0.0,"max_hp_gain":0.0,"max_hp_loss":0.0,"gold_gain":75.0,"event_name":"betterThird:BetterGoop","player_choice":"Gold","floor":3.0,"gold_loss":0.0,"damage_taken":11.0},{"damage_healed":0.0,"max_hp_gain":0.0,"max_hp_loss":0.0,"gold_gain":0.0,"event_name":"Mushrooms","player_choice":"Fought Mushrooms","floor":7.0,"gold_loss":0.0,"damage_taken":0.0},{"damage_healed":0.0,"max_hp_gain":0.0,"max_hp_loss":0.0,"gold_gain":0.0,"event_name":"Living Wall","player_choice":"Grow","floor":13.0,"gold_loss":0.0,"damage_taken":0.0,"cards_upgraded":["Bouncing Flask"]}],"is_beta":false,"boss_relics":[],"items_purged_floors":[11],"is_endless":false,"potions_floor_spawned":[1,6,7,10,12],"killed_by":"The Guardian","ascension_level":16}}