{"host":"g1wmg2w41xhsnw8g","time":1608207902,"event":{"mods":["2.2 Compatiblity","Act Like it!","Aspiration","BaseMod","Better Altar","Better Match","Better Note","Better Sensory Stone","Better Skull","Better Third Choice","BetterRewards","Booster Modes","CapriCore","Colored Map","Colored Powertips","Curses Come First","Defuse TimeMaze Blight","Displayed Cursed Tome","Friendly Minions","GifTheSpireLib","Googly Eyes","Hubris","Infinite Spire","Magitek Elite","Minty Spire (QoL Compilation)","Red Circlet Mod","Relic Sorter","SCP261 Mod","Shop Mod","Spicy Shops","StSLib","The Sage","TheBandit","Transform Curses","????"],"gold_per_floor":[116,116,116,116,143,155,195,207,242,268,297,309,334,374,24,132,144,175,187,199,231,243,255,255,255],"floor_reached":23,"playtime":1374,"items_purged":[],"score":391,"play_id":"b3af3b14-740f-49ba-915d-63d35965e4b7","local_time":"20201217072501","daily_mods":["SealedDeck","Specialized","Heirloom","Elite Swarm"],"is_ascension_mode":true,"campfire_choices":[{"data":"wariomod:SmallSprint","floor":6,"key":"SMITH"},{"data":"wariomod:Goblast","floor":8,"key":"SMITH"},{"data":"wariomod:WipeClean","floor":12,"key":"SMITH"}],"circlet_count":0,"master_deck":["wariomod:CursedSpaces","wariomod:CursedSpaces","wariomod:CursedSpaces","wariomod:CursedSpaces","wariomod:SmackSlam","wariomod:DoubleDash","wariomod:SmallSprint+1","wariomod:Goblast+1","wariomod:Bombshield","wariomod:DoubleDash","wariomod:Immortalize","wariomod:TempestBlasts","wariomod:DoubleDip","wariomod:GoAgain","wariomod:Hopshield","wariomod:TrekTime","wariomod:WipeClean+1","wariomod:Game","wariomod:ChargeForth","wariomod:WhirlwindBurst","wariomod:MassiveParty","wariomod:SpacialMastery","wariomod:DiceyMove","wariomod:Leapslam"],"relics":["Cracked Core","hubris:MedicalManual","infinitespire:Cubic Diamond","Meat on the Bone","MawBank","Orichalcum","Letter Opener","MerchantsRug","Bottled Lightning","wariomod:GlassHat","hubris:TerracottaHorce"],"acts_visited":["Exordium","TheCity"],"potions_floor_usage":[7,16],"damage_taken":[{"damage":13,"enemies":"Cultist","floor":1,"turns":4},{"damage":12,"enemies":"2 Louse","floor":5,"turns":4},{"damage":6,"enemies":"Lagavulin","floor":7,"turns":4},{"damage":6,"enemies":"Jaw Worm","floor":10,"turns":3},{"damage":3,"enemies":"Large Slime","floor":11,"turns":5},{"damage":0,"enemies":"Exordium Thugs","floor":13,"turns":3},{"damage":35,"enemies":"Gremlin Nob","floor":14,"turns":5},{"damage":0,"enemies":"Hexaghost","floor":16,"turns":6},{"damage":4,"enemies":"Shell Parasite","floor":18,"turns":2},{"damage":0,"enemies":"Spheric Guardian","floor":21,"turns":3},{"damage":86,"enemies":"Nightmare","floor":23,"turns":5}],"seed_played":"-1730118378494277809","potions_obtained":[{"floor":1,"key":"Explosive Potion"},{"floor":5,"key":"SCP261:ThunderBarPotion"},{"floor":14,"key":"EssenceOfSteel"}],"is_trial":true,"path_per_floor":["M","?","?","?","M","R","E","R","T","M","M","R","M","E","R","B",null,"M","?","?","M","?","NM"],"character_chosen":"THE_BANDIT","items_purchased":["MerchantsRug","Bottled Lightning","wariomod:GlassHat"],"campfire_rested":0,"item_purchase_floors":[15,15,15],"current_hp_per_floor":[67,67,60,60,48,48,42,42,42,48,45,45,45,22,22,34,69,65,65,65,65,80,0,0,0],"gold":255,"neow_bonus":"","is_daily":false,"chose_seed":false,"campfire_upgraded":3,"win_rate":0.0,"timestamp":1608207901,"path_taken":["M","?","?","?","M","R","E","R","T","M","M","R","?","E","R","BOSS","M","?","?","M","?","NM"],"items_purchased_type":["Relic","Relic","Relic"],"build_version":"2020-12-13","purchased_purges":0,"victory":false,"max_hp_per_floor":[80,80,80,80,80,80,80,80,80,80,80,80,80,80,80,80,80,80,80,80,80,80,80,80,80],"card_choices":[{"not_picked":["wariomod:BoomBoom","wariomod:Bombshield"],"picked":"wariomod:Hopshield","floor":1},{"not_picked":["wariomod:BigUpgrade","wariomod:EndlessBlast"],"picked":"wariomod:TrekTime","floor":5},{"not_picked":["wariomod:FabulousPrizes","wariomod:Enshrine"],"picked":"wariomod:WipeClean","floor":7},{"not_picked":["wariomod:Bombtime","wariomod:CursedSpaces"],"picked":"wariomod:Game","floor":10},{"not_picked":["wariomod:Smackflip","wariomod:Goblast"],"picked":"wariomod:ChargeForth","floor":11},{"not_picked":["wariomod:TempestBlasts","wariomod:SpikeSlash"],"picked":"wariomod:WhirlwindBurst","floor":13},{"not_picked":["wariomod:BoomForm","wariomod:GodlyGift"],"picked":"wariomod:MassiveParty","floor":14},{"not_picked":["wariomod:ForbiddenMagic","wariomod:BoomForm"],"picked":"wariomod:SpacialMastery","floor":16},{"not_picked":["wariomod:DamnedStrength","wariomod:GreaterGuard+1"],"picked":"wariomod:DiceyMove","floor":18},{"not_picked":["wariomod:Boomsmack","wariomod:ThatsNotAll"],"picked":"wariomod:Leapslam","floor":21}],"player_experience":1072600,"relics_obtained":[{"floor":7,"key":"hubris:CrystalStatue"},{"floor":9,"key":"Orichalcum"},{"floor":14,"key":"Letter Opener"}],"event_choices":[{"damage_healed":0,"gold_gain":0,"player_choice":"Relic ","damage_taken":7,"max_hp_gain":0,"max_hp_loss":0,"event_name":"betterThird:BetterScrap","floor":3,"gold_loss":0,"cards_obtained":["aspiration:Polymerization"]},{"damage_healed":0,"gold_gain":0,"player_choice":"Gave Potion","damage_taken":0,"relics_obtained":["MawBank"],"max_hp_gain":0,"max_hp_loss":0,"event_name":"WeMeetAgain","floor":4,"gold_loss":0},{"cards_removed":["wariomod:Goblast"],"damage_healed":0,"gold_gain":0,"player_choice":"Give","damage_taken":0,"max_hp_gain":0,"max_hp_loss":0,"event_name":"betterNote:BetterNote","floor":19,"gold_loss":0,"cards_obtained":["None"]},{"damage_healed":0,"gold_gain":0,"player_choice":"Ignored","damage_taken":0,"max_hp_gain":0,"max_hp_loss":0,"event_name":"Ghosts","floor":20,"gold_loss":0},{"cards_removed":["wariomod:CursedSpaces"],"damage_healed":15,"gold_gain":0,"player_choice":"Offered Uncommon","damage_taken":0,"max_hp_gain":0,"max_hp_loss":0,"event_name":"Bonfire Elementals","floor":22,"gold_loss":0}],"is_beta":false,"boss_relics":[{"not_picked":["sagemod:Falmels_Amulet","hubris:BlackHole"],"picked":"hubris:TerracottaHorce"}],"items_purged_floors":[],"is_endless":true,"potions_floor_spawned":[1,5,14],"killed_by":"Nightmare","ascension_level":1}}