{"host":"8e68pzgs4bln6t6e","time":1608223638,"event":{"mods":["AchievementEnabler","Act Like it!","BaseMod","Better Note","BetterRewards","Colored Powertips","Googly Eyes","Hallownest","Hubris","Jorbs\u0027s Wanderer Trilogy","Marisa????????","Minty Spire (QoL Compilation)","Quick Restart","Rare Cards Sparkle","Replay The Spire","Shop Mod","StSLib","The Animator","The Bug Knight","The Cursed","The Disciple","The Hierophant","The Servant 0.9.4"],"gold_per_floor":[218,393,393,413,413,413,439,439,439,439,456,587,600,618,618,721,721,738,118,129,129,162,162,162,162,241,258,78,18,18,18,18],"floor_reached":31,"playtime":1952,"items_purged":["Doubt"],"score":243,"play_id":"4d94661a-6031-4954-953b-7d15391b86cb","local_time":"20201217174718","is_ascension_mode":false,"campfire_choices":[{"data":"FIFO Queue","floor":6,"key":"SMITH"},{"floor":8,"key":"REST"},{"floor":10,"key":"REST"},{"floor":15,"key":"REST"},{"floor":23,"key":"REST"}],"circlet_count":0,"master_deck":["Zap","Dualcast","Ball Lightning","FIFO Queue+1","Barrage","Redo","Turbo","hubris:NaturalOne","Go for the Eyes","Loop","Mirror Shield","ReplaySolidLightProjector","Coolheaded","Fusion","Hello World","Cold Snap","Conserve Battery","Glacier","Ball Lightning","Rebound+1","Hello World+1","HandOfGreed","Melter","Machine Learning+1","Defend_P","Glacier","Master of Strategy"],"relics":["Cracked Core","Blood Vial","hubris:Icosahedron","Meat on the Bone","hubris:BallOfYels","Matryoshka","Pandora\u0027s Box","Nloth\u0027s Gift","Ornamental Fan","Carrot"],"acts_visited":["Exordium","TheCity"],"potions_floor_usage":[12,12,16,16],"damage_taken":[{"damage":5,"enemies":"Small Slimes","floor":1,"turns":3},{"damage":4,"enemies":"2 Louse","floor":4,"turns":4},{"damage":26,"enemies":"Lagavulin","floor":7,"turns":8},{"damage":6,"enemies":"Jaw Worm","floor":11,"turns":3},{"damage":64,"enemies":"3 Sentries","floor":12,"turns":10},{"damage":9,"enemies":"Blue Slaver","floor":13,"turns":4},{"damage":7,"enemies":"Large Slime","floor":14,"turns":5},{"damage":38,"enemies":"Hexaghost","floor":16,"turns":9},{"damage":30,"enemies":"2 Thieves","floor":18,"turns":4},{"damage":22,"enemies":"Chosen","floor":20,"turns":5},{"damage":17,"enemies":"Sentry and Sphere","floor":22,"turns":3},{"damage":13,"enemies":"Cultist and Chosen","floor":27,"turns":7},{"damage":19,"enemies":"Snake Plant","floor":31,"turns":5}],"seed_played":"1804221656860639495","potions_obtained":[{"floor":1,"key":"CultistPotion"},{"floor":7,"key":"Ancient Potion"},{"floor":11,"key":"Ancient Potion"},{"floor":14,"key":"AttackPotion"}],"is_trial":false,"path_per_floor":["M","?","?","M","?","R","E","R","T","R","M","E","M","M","R","B",null,"M","$","M","?","M","R","?","?","T","M","$","?","?","M"],"character_chosen":"DEFECT","items_purchased":["Hello World+1","HandOfGreed","hubris:GlazedTorus","Master of Strategy"],"campfire_rested":4,"item_purchase_floors":[19,19,19,28],"current_hp_per_floor":[70,70,52,50,50,50,26,48,48,70,66,16,21,28,50,26,75,45,45,37,37,34,56,56,56,56,45,45,45,12,0,0],"gold":18,"neow_bonus":"HUNDRED_GOLD","is_daily":false,"chose_seed":false,"campfire_upgraded":1,"win_rate":0.0,"timestamp":1608223638,"path_taken":["M","?","?","M","?","R","E","R","T","R","M","E","M","M","R","BOSS","M","$","M","?","M","R","?","?","T","?","$","?","?","M"],"items_purchased_type":["Card","Card","Relic","Card"],"build_version":"2020-12-13","purchased_purges":1,"victory":false,"max_hp_per_floor":[75,75,75,75,75,75,75,75,75,75,75,75,75,75,75,75,75,75,75,75,75,75,75,75,75,75,75,75,75,75,75,75],"card_choices":[{"not_picked":["Auto Shields","Barrage"],"picked":"Ball Lightning","floor":1},{"not_picked":["Sweeping Beam","White Noise"],"picked":"FIFO Queue","floor":4},{"not_picked":["Compile Driver","Static Discharge"],"picked":"Barrage","floor":7},{"not_picked":["Compile Driver","ReplayGash"],"picked":"Redo","floor":11},{"not_picked":["Hologram","Go for the Eyes"],"picked":"Turbo","floor":12},{"not_picked":["Ball Lightning","Heatsinks"],"picked":"Go for the Eyes","floor":13},{"not_picked":["Ball Lightning","Auto Shields"],"picked":"Loop","floor":14},{"not_picked":["Creative AI","Amplify"],"picked":"Mirror Shield","floor":16},{"not_picked":["Go for the Eyes","Hologram"],"picked":"Rebound+1","floor":18},{"not_picked":["Leap","Ball Lightning"],"picked":"Melter","floor":20},{"not_picked":["Leap","Scrape"],"picked":"Machine Learning","floor":22},{"not_picked":["Compile Driver","Rebound"],"picked":"Glacier","floor":27}],"player_experience":185159,"relics_obtained":[{"floor":7,"key":"Meat on the Bone"},{"floor":9,"key":"hubris:BallOfYels"},{"floor":12,"key":"Matryoshka"},{"floor":26,"key":"Ornamental Fan"},{"floor":26,"key":"Carrot"}],"event_choices":[{"damage_healed":0,"gold_gain":175,"player_choice":"AGREE","damage_taken":0,"max_hp_gain":0,"max_hp_loss":0,"event_name":"Liars Game","floor":2,"gold_loss":0,"cards_obtained":["Doubt"]},{"damage_healed":0,"gold_gain":0,"player_choice":"Success","damage_taken":18,"relics_obtained":["Blood Vial"],"max_hp_gain":0,"max_hp_loss":0,"event_name":"Scrap Ooze","floor":3,"gold_loss":0},{"damage_healed":0,"gold_gain":0,"player_choice":"Traded Relic","damage_taken":0,"relics_obtained":["Nloth\u0027s Gift"],"max_hp_gain":0,"max_hp_loss":0,"event_name":"N\u0027loth","floor":21,"relics_lost":["hubris:GlazedTorus"],"gold_loss":0},{"damage_healed":0,"gold_gain":0,"player_choice":"Upgraded","damage_taken":0,"max_hp_gain":0,"max_hp_loss":0,"event_name":"Upgrade Shrine","floor":24,"gold_loss":0,"cards_upgraded":["Machine Learning"]},{"cards_removed":["Fusion"],"damage_healed":0,"gold_gain":0,"player_choice":"Take \u0026 Give","damage_taken":0,"max_hp_gain":0,"max_hp_loss":0,"event_name":"betterNote:BetterNote","floor":25,"gold_loss":0,"cards_obtained":["Defend_P"]}],"is_beta":false,"boss_relics":[{"not_picked":["ChewingGum","Runic Dome"],"picked":"Pandora\u0027s Box"}],"items_purged_floors":[19],"is_endless":false,"potions_floor_spawned":[1,7,11,14],"killed_by":"Snake Plant","ascension_level":0}}