{"host":"2461dio7vetlq1z3","time":1608243639,"event":{"mods":["2.2 Compatiblity","AchievementEnabler","BaseMod","Better Third Choice","Hermit","Marisa????????","Minty Spire (QoL Compilation)","Relic Stats","Spicy Shops","StSLib","Waifu the Spire"],"gold_per_floor":[10,10,28,38,56,56,91,16,16,36,50,50,50,83,83,182,182,202,11,11,11,27,58,76,76,76,76,76,93,93,108,108,204,204,218,272,51,62,77,108,108,120,196,213,63,63,95,105,105,105,105,105,105,133,133],"floor_reached":56,"playtime":2336,"items_purged":["Defend_P","Vigilance+1","CrushJoints+1","SpiritShield+1"],"score":1539,"play_id":"a8713c3a-b845-4c20-9635-d87fab2b9922","local_time":"20201217232039","is_ascension_mode":false,"campfire_choices":[{"data":"Eruption","floor":6,"key":"SMITH"},{"data":"Vigilance","floor":12,"key":"SMITH"},{"data":"CrushJoints","floor":15,"key":"SMITH"},{"data":"Prostrate","floor":27,"key":"SMITH"},{"data":"InnerPeace","floor":30,"key":"SMITH"},{"floor":32,"key":"RECALL"},{"floor":49,"key":"DIG"},{"data":"Flash of Steel","floor":52,"key":"SMITH"}],"circlet_count":0,"master_deck":["InnerPeace+1","Ragnarok+1","Deep Breath+1","Prostrate+1","Flash of Steel+1"],"relics":["PureWater","Art of War","Gremlin Horn","Bird Faced Urn","Astrolabe","PreservedInsect","TungstenRod","Empty Cage","Shovel","FossilizedHelix","Regal Pillow","Pantograph","Blue Candle"],"acts_visited":["Exordium","TheCity","TheBeyond","TheEnding"],"potions_floor_usage":[14,55,55],"damage_taken":[{"damage":1,"enemies":"Jaw Worm","floor":1,"turns":4},{"damage":6,"enemies":"Small Slimes","floor":3,"turns":4},{"damage":0,"enemies":"Cultist","floor":4,"turns":2},{"damage":0,"enemies":"3 Louse","floor":5,"turns":2},{"damage":12,"enemies":"Gremlin Nob","floor":7,"turns":3},{"damage":1,"enemies":"2 Fungi Beasts","floor":10,"turns":2},{"damage":0,"enemies":"Exordium Thugs","floor":11,"turns":2},{"damage":10,"enemies":"3 Sentries","floor":14,"turns":6},{"damage":20,"enemies":"Hexaghost","floor":16,"turns":6},{"damage":0,"enemies":"Shell Parasite","floor":18,"turns":2},{"damage":10,"enemies":"Chosen","floor":22,"turns":2},{"damage":0,"enemies":"Book of Stabbing","floor":23,"turns":2},{"damage":0,"enemies":"Shelled Parasite and Fungi","floor":24,"turns":5},{"damage":0,"enemies":"Snake Plant","floor":29,"turns":3},{"damage":0,"enemies":"Centurion and Healer","floor":31,"turns":2},{"damage":0,"enemies":"Collector","floor":33,"turns":2},{"damage":0,"enemies":"3 Shapes","floor":35,"turns":2},{"damage":0,"enemies":"2 Orb Walkers","floor":36,"turns":2},{"damage":0,"enemies":"3 Darklings","floor":38,"turns":1},{"damage":0,"enemies":"4 Shapes","floor":39,"turns":1},{"damage":0,"enemies":"Giant Head","floor":40,"turns":1},{"damage":0,"enemies":"Spire Growth","floor":42,"turns":1},{"damage":0,"enemies":"Transient","floor":44,"turns":5},{"damage":0,"enemies":"Reptomancer","floor":47,"turns":1},{"damage":0,"enemies":"4 Shapes","floor":48,"turns":1},{"damage":0,"enemies":"Awakened One","floor":50,"turns":2},{"damage":0,"enemies":"Shield and Spear","floor":54,"turns":1},{"damage":59,"enemies":"The Heart","floor":55,"turns":3}],"seed_played":"2875959606024445483","potions_obtained":[{"floor":5,"key":"BottledMiracle"},{"floor":10,"key":"SneckoOil"},{"floor":14,"key":"GamblersBrew"},{"floor":16,"key":"Block Potion"},{"floor":42,"key":"PowerPotion"}],"is_trial":false,"path_per_floor":["M","?","M","M","M","R","E","$","T","M","M","R","?","E","R","B",null,"M","$","?","?","M","E","M","?","T","R","$","M","R","M","R","B",null,"M","?","$","M","M","E","?","M","T","M","$","?","E","M","R","B",null,"R","$","E","B",null],"character_chosen":"WATCHER","items_purchased":["Deep Breath","Flash of Steel"],"campfire_rested":0,"item_purchase_floors":[19,37],"current_hp_per_floor":[71,71,65,65,65,65,53,53,53,52,52,52,52,42,42,22,72,72,72,72,72,62,62,62,49,49,49,49,51,51,51,51,51,77,77,77,77,77,77,77,73,73,73,73,73,73,73,73,73,73,73,73,73,73,14],"gold":133,"neow_bonus":"REMOVE_TWO","is_daily":false,"chose_seed":false,"campfire_upgraded":6,"win_rate":0.0,"timestamp":1608243639,"path_taken":["M","?","M","M","M","R","E","$","T","M","M","R","?","E","R","BOSS","M","?","?","?","?","E","M","?","T","R","$","M","R","M","R","BOSS","M","?","$","M","M","E","?","M","T","M","$","?","E","?","R","BOSS","R","$","E","BOSS"],"items_purchased_type":["Card","Card"],"build_version":"2020-12-13","purchased_purges":4,"victory":true,"max_hp_per_floor":[72,72,72,72,72,72,72,72,72,72,72,72,72,72,72,72,72,72,72,72,72,72,72,72,77,77,77,77,77,77,77,77,77,77,77,77,77,77,77,77,73,73,73,73,73,73,73,73,73,73,73,73,73,73,73],"relic_stats":{"Regal Pillow":0,"Shovel":1,"Gremlin Horn":[21,22],"counters":[28,70],"Bird Faced Urn":[2],"Astrolabe":["DevaForm","SpiritShield","Ragnarok"],"Pantograph":0,"Blue Candle":[0],"PreservedInsect":252,"Art of War":[5],"obtain_stats":[{"Regal Pillow":47,"Gremlin Horn":9,"Astrolabe":17,"Blue Candle":54,"PreservedInsect":23,"Empty Cage":34,"Shovel":36,"Bird Faced Urn":14,"Pantograph":49,"Art of War":7,"PureWater":0,"TungstenRod":26,"FossilizedHelix":40},{"Regal Pillow":24,"Gremlin Horn":5,"Astrolabe":9,"Blue Candle":27,"PreservedInsect":12,"Empty Cage":16,"Shovel":18,"Bird Faced Urn":8,"Pantograph":25,"Art of War":5,"PureWater":0,"TungstenRod":13,"FossilizedHelix":21},{"Regal Pillow":63,"Gremlin Horn":15,"Astrolabe":31,"Blue Candle":67,"PreservedInsect":37,"Empty Cage":49,"Shovel":53,"Bird Faced Urn":25,"Pantograph":64,"Art of War":15,"PureWater":0,"TungstenRod":42,"FossilizedHelix":56}],"TungstenRod":39},"card_choices":[{"not_picked":["FollowUp","EmptyFist","Weave"],"picked":"SKIP","floor":1},{"not_picked":["Perseverance","FlurryOfBlows","Study"],"picked":"SKIP","floor":3},{"not_picked":["CrushJoints","Vengeance","BowlingBash"],"picked":"SKIP","floor":4},{"not_picked":["CrushJoints","Conclude","ClearTheMind"],"picked":"SKIP","floor":5},{"not_picked":["JustLucky","EmptyBody","DeceiveReality"],"picked":"SKIP","floor":7},{"not_picked":["JustLucky","Consecrate","SashWhip"],"picked":"SKIP","floor":10},{"not_picked":["Ragnarok","CrushJoints"],"picked":"InnerPeace","floor":11},{"not_picked":["EmptyBody","FearNoEvil","Consecrate"],"picked":"SKIP","floor":14},{"not_picked":["Study+1","Wireheading","EmptyFist"],"picked":"SKIP","floor":18},{"not_picked":["ThirdEye","FlurryOfBlows","FlyingSleeves"],"picked":"SKIP","floor":22},{"not_picked":["LikeWater","Wish","SashWhip"],"picked":"SKIP","floor":23},{"not_picked":["FlyingSleeves","EmptyFist"],"picked":"Prostrate","floor":24},{"not_picked":["FollowUp","Worship+1","Wireheading"],"picked":"SKIP","floor":29},{"not_picked":["MentalFortress","BowlingBash","FlurryOfBlows"],"picked":"SKIP","floor":31},{"not_picked":["Protect+1","ThirdEye","PathToVictory"],"picked":"SKIP","floor":35},{"not_picked":["TalkToTheHand","Halt+1","Protect"],"picked":"SKIP","floor":38},{"not_picked":["Halt+1","CutThroughFate","CrushJoints+1"],"picked":"SKIP","floor":39},{"not_picked":["Swivel+1","Fasting2+1","Wireheading"],"picked":"SKIP","floor":40},{"not_picked":["Collect","PathToVictory","BowlingBash"],"picked":"SKIP","floor":42},{"not_picked":["Weave+1","SignatureMove+1","ForeignInfluence"],"picked":"SKIP","floor":44},{"not_picked":["Vengeance+1","Protect+1","ConjureBlade"],"picked":"SKIP","floor":47},{"not_picked":["FlyingSleeves+1","Crescendo","Study"],"picked":"SKIP","floor":48},{"not_picked":["BowlingBash","WreathOfFlame","Omniscience"],"picked":"SKIP","floor":54}],"player_experience":806485,"relics_obtained":[{"floor":7,"key":"Art of War"},{"floor":9,"key":"Gremlin Horn"},{"floor":14,"key":"Bird Faced Urn"},{"floor":23,"key":"PreservedInsect"},{"floor":26,"key":"TungstenRod"},{"floor":36,"key":"Shovel"},{"floor":40,"key":"FossilizedHelix"},{"floor":47,"key":"Regal Pillow"},{"floor":49,"key":"Pantograph"},{"floor":54,"key":"Blue Candle"}],"event_choices":[{"cards_removed":["Defend_P"],"damage_healed":0,"gold_gain":0,"player_choice":"Forget","damage_taken":0,"max_hp_gain":0,"max_hp_loss":0,"event_name":"Living Wall","floor":2,"gold_loss":0},{"damage_healed":0,"gold_gain":0,"cards_transformed":["Strike_P"],"player_choice":"Transformed","damage_taken":0,"max_hp_gain":0,"max_hp_loss":0,"event_name":"Transmorgrifier","floor":13,"gold_loss":0,"cards_obtained":["CrushJoints"]},{"damage_healed":0,"gold_gain":0,"player_choice":"Forge","damage_taken":0,"max_hp_gain":0,"max_hp_loss":0,"event_name":"Accursed Blacksmith","floor":21,"gold_loss":0,"cards_upgraded":["Deep Breath"]},{"damage_healed":0,"gold_gain":0,"player_choice":"Shed Blood","damage_taken":18,"max_hp_gain":5,"max_hp_loss":0,"event_name":"Forgotten Altar","floor":25,"gold_loss":0},{"damage_healed":0,"gold_gain":0,"player_choice":"Fight","damage_taken":0,"max_hp_gain":0,"max_hp_loss":0,"event_name":"Mysterious Sphere","floor":36,"gold_loss":0},{"damage_healed":0,"gold_gain":0,"player_choice":"Max HP","damage_taken":0,"max_hp_gain":0,"max_hp_loss":4,"event_name":"Winding Halls","floor":41,"gold_loss":0},{"damage_healed":0,"gold_gain":0,"player_choice":"Bought 0 Potions","damage_taken":0,"max_hp_gain":0,"max_hp_loss":0,"event_name":"The Woman in Blue","floor":46,"gold_loss":0}],"is_beta":false,"boss_relics":[{"not_picked":["VioletLotus","Busted Crown"],"picked":"Astrolabe"},{"not_picked":["Fusion Hammer","Philosopher\u0027s Stone"],"picked":"Empty Cage"}],"items_purged_floors":[8,19,37,45],"is_endless":false,"potions_floor_spawned":[5,10,14,16,22,31,36,38,40,42],"ascension_level":0}}