{"host":"08ybifllvpb8gqpc","time":1608217227,"event":{"mods":["Act Like it!","BaseMod","Gensokyo","Marisa????????","Minty Spire (QoL Compilation)","StSLib","The Runesmith","everything is the same but u backflip on backflip"],"gold_per_floor":[110,122,122,140,193,193,203,203,203,81,106,106,139,152,152,251,251,267,282,282,299,214,214,245,245,326,343,373,386,386,420,420,520,520,536,588,588,643,245,245,245,245,245,245,273,293,293,307,307,307],"floor_reached":51,"playtime":3000,"items_purged":["Runesmith:Strike_RS","Runesmith:Strike_RS"],"score":1103,"play_id":"b194aa7d-bcb1-4a0d-a10d-6026a5a31d36","local_time":"20201217120027","is_ascension_mode":true,"campfire_choices":[{"data":"Runesmith:Fortify","floor":6.0,"key":"SMITH"},{"data":"Runesmith:CraftFirestone","floor":8.0,"key":"SMITH"},{"floor":12.0,"key":"REST"},{"data":"Runesmith:HammerThrow","floor":15.0,"key":"SMITH"},{"data":"Runesmith:LithiumIon","floor":23.0,"key":"SMITH"},{"data":"Runesmith:HeatExchange","floor":25.0,"key":"SMITH"},{"data":"Runesmith:HeatedChisel","floor":32.0,"key":"SMITH"},{"data":"Runesmith:EnergizedChisel","floor":40,"key":"SMITH"},{"data":"Runesmith:CraftMagma","floor":42,"key":"SMITH"},{"data":"Runesmith:EarthShield","floor":44,"key":"SMITH"},{"data":"Runesmith:FissionHammer","floor":47,"key":"SMITH"},{"floor":49,"key":"REST"}],"circlet_count":0,"master_deck":["Runesmith:Strike_RS","Runesmith:Defend_RS","Runesmith:Defend_RS","Runesmith:Defend_RS","Runesmith:CraftFirestone+1","Runesmith:Fortify+1","Runesmith:FissionHammer+1","Runesmith:HeatedChisel+1","Runesmith:EnergizedChisel+1","Runesmith:CraftMagma+1","Runesmith:ChiselStab","Runesmith:HammerThrow+1","Runesmith:LightningRod","Runesmith:HeatExchange+1","Runesmith:EarthShield+1","Runesmith:LightningRod","Runesmith:ChiselStab","Runesmith:ChiselStab","Runesmith:LithiumIon+1","Runesmith:CraftMagma+1","Runesmith:Reinforce+1","Runesmith:Supernova+1","Runesmith:HeatExchange+1","Runesmith:Grindstone+1","Runesmith:CraftVitae+1"],"relics":["Runesmith:BrokenRuby","Ancient Tea Set","Meat on the Bone","Torii","Vajra","Runic Pyramid","Bag of Preparation","Mango","Toxic Egg 2","Bottled Flame","Pantograph","SlaversCollar","CatCart","Du-Vu Doll","Letter Opener","Bottled Tornado","Singing Bowl","Anchor"],"acts_visited":["Exordium","TheCity","TheBeyond"],"potions_floor_usage":[50,50],"damage_taken":[{"damage":0.0,"enemies":"Jaw Worm","floor":1.0,"turns":3.0},{"damage":0.0,"enemies":"Cultist","floor":2.0,"turns":3.0},{"damage":0.0,"enemies":"Small Slimes","floor":4.0,"turns":3.0},{"damage":0.0,"enemies":"3 Louse","floor":7.0,"turns":3.0},{"damage":15.0,"enemies":"3 Sentries","floor":11.0,"turns":5.0},{"damage":1.0,"enemies":"Gremlin Nob","floor":13.0,"turns":4.0},{"damage":0.0,"enemies":"Large Slime","floor":14.0,"turns":3.0},{"damage":0.0,"enemies":"Slime Boss","floor":16.0,"turns":7.0},{"damage":0.0,"enemies":"Chosen","floor":18.0,"turns":4.0},{"damage":4.0,"enemies":"3 Byrds","floor":19.0,"turns":4.0},{"damage":0.0,"enemies":"Cultist and Chosen","floor":21.0,"turns":4.0},{"damage":4.0,"enemies":"Slavers","floor":24.0,"turns":5.0},{"damage":6.0,"enemies":"Snake Plant","floor":27.0,"turns":3.0},{"damage":1.0,"enemies":"Gremlin Leader","floor":28.0,"turns":6.0},{"damage":29.0,"enemies":"Shelled Parasite and Fungi","floor":29.0,"turns":4.0},{"damage":3.0,"enemies":"Book of Stabbing","floor":31.0,"turns":5.0},{"damage":0.0,"enemies":"Collector","floor":33.0,"turns":7.0},{"damage":0.0,"enemies":"Orb Walker","floor":35.0,"turns":2.0},{"damage":0.0,"enemies":"Orin","floor":36.0,"turns":7.0},{"damage":20.0,"enemies":"2 Orb Walkers","floor":38.0,"turns":4.0},{"damage":0,"enemies":"Nemesis","floor":45,"turns":3},{"damage":0,"enemies":"3 Shapes","floor":46,"turns":3},{"damage":0,"enemies":"Maw","floor":48,"turns":5},{"damage":0,"enemies":"Time Eater","floor":50,"turns":11}],"seed_played":"5868910106288792258","potions_obtained":[{"floor":2.0,"key":"Explosive Potion"},{"floor":4.0,"key":"FairyPotion"},{"floor":13.0,"key":"EssenceOfSteel"},{"floor":14.0,"key":"GamblersBrew"},{"floor":21.0,"key":"BlessingOfTheForge"},{"floor":24.0,"key":"AttackPotion"},{"floor":28.0,"key":"Regen Potion"},{"floor":31.0,"key":"PowerPotion"},{"floor":45,"key":"AttackPotion"}],"is_trial":false,"path_per_floor":["M","M","?","M","T","R","M","R","T","$","E","R","E","M","R","B",null,"M","M","?","M","?","R","E","R","T","M","E","M","?","E","R","B",null,"M","?","?","?","$","R","T","R","T","R","E","M","R","M","R","B",null],"character_chosen":"RUNESMITH_CLASS","items_purchased":["Runesmith:HammerThrow","Letter Opener","Runesmith:Grindstone+1"],"campfire_rested":2,"item_purchase_floors":[10,39,39],"current_hp_per_floor":[70,70,63,63,63,63,63,63,63,63,48,69,68,68,68,68,70,70,66,66,66,66,66,76,76,76,70,69,52,52,49,49,74,84,84,84,84,64,64,64,64,64,64,64,64,66,66,68,88,88],"gold":307,"neow_bonus":"ONE_RANDOM_RARE_CARD","is_daily":false,"chose_seed":false,"campfire_upgraded":10,"win_rate":0.0,"timestamp":1608217227,"path_taken":["M","M","?","M","?","R","M","R","T","$","E","R","E","?","R","BOSS","M","M","?","M","?","R","E","R","T","M","E","M","?","E","R","BOSS","M","?","?","?","$","R","?","R","T","R","E","M","R","M","R","BOSS"],"items_purchased_type":["Card","Relic","Card"],"build_version":"2020-12-13","purchased_purges":2,"victory":true,"max_hp_per_floor":[70,70,70,70,70,70,70,70,70,70,70,70,70,70,70,70,70,70,70,70,70,70,70,84,84,84,84,84,84,84,84,84,84,84,84,84,84,84,84,84,84,84,84,84,84,86,86,88,88,88],"card_choices":[{"not_picked":["Runesmith:Grindstone","Runesmith:ChargedHammer"],"picked":"Runesmith:HeatedChisel","floor":1.0},{"not_picked":["Runesmith:Overpower","Runesmith:Firestorm"],"picked":"Runesmith:EnergizedChisel","floor":2.0},{"not_picked":["Runesmith:ChiselStab","Runesmith:ShiftingStrike"],"picked":"Runesmith:CraftMagma","floor":4.0},{"not_picked":["Runesmith:ShiftingStrike","Runesmith:BackupBattery"],"picked":"Runesmith:ChiselStab","floor":7.0},{"not_picked":["Runesmith:NegativeSpace","Runesmith:Prism"],"picked":"Runesmith:LightningRod","floor":11.0},{"not_picked":["Runesmith:RuneHurl","Runesmith:CraftMagma"],"picked":"Runesmith:HeatExchange","floor":13.0},{"not_picked":["Runesmith:NanitesCloud","Runesmith:Repurpose"],"picked":"Runesmith:EarthShield","floor":14.0},{"not_picked":["Runesmith:ReplicatingBarrier","Runesmith:CraftPrismatica"],"picked":"Runesmith:LightningRod","floor":16.0},{"not_picked":["Runesmith:ShiftingStrike","Runesmith:ChaoticBlast"],"picked":"Runesmith:ChiselStab","floor":18.0},{"not_picked":["Runesmith:OneForEveryone","Runesmith:EnergizedChisel+1"],"picked":"Runesmith:ChiselStab","floor":19.0},{"not_picked":["Runesmith:Superposition","Runesmith:Firewall"],"picked":"Runesmith:LithiumIon","floor":21.0},{"not_picked":["Runesmith:ReplicatingBarrier","Runesmith:ChaoticBlast","Runesmith:ElementalConversion"],"picked":"SKIP","floor":24.0},{"not_picked":["Runesmith:Repurpose+1","Runesmith:MakeshiftArmor+1","Runesmith:HammerTime"],"picked":"SKIP","floor":27.0},{"not_picked":["Runesmith:EarthShield+1","Runesmith:RuneHurl"],"picked":"Runesmith:CraftMagma+1","floor":28.0},{"not_picked":["Runesmith:CraftMagma+1","Runesmith:Discharge"],"picked":"Runesmith:Reinforce+1","floor":29.0},{"not_picked":["Runesmith:HammerThrow","Runesmith:MakeshiftArmor+1","Runesmith:NegativeSpace+1"],"picked":"SKIP","floor":31.0},{"not_picked":["Runesmith:ReplicatingBarrier","Runesmith:CraftIndustria+1"],"picked":"Runesmith:Supernova+1","floor":33.0},{"not_picked":["Runesmith:HammerThrow+1","Runesmith:RunicBlueprint+1","Runesmith:Firewall+1"],"picked":"SKIP","floor":35.0},{"not_picked":["Runesmith:StaticCage+1","Runesmith:Superposition"],"picked":"Runesmith:HeatExchange+1","floor":36.0},{"not_picked":["Runesmith:Accelerate+1","Runesmith:HammerThrow+1"],"picked":"Runesmith:CraftVitae+1","floor":45},{"not_picked":["Runesmith:MakeshiftArmor+1","Runesmith:Superposition","Runesmith:UnstableHammer"],"picked":"Singing Bowl","floor":46},{"not_picked":["Runesmith:EnergizedChisel+1","Runesmith:RunicBlueprint+1","Runesmith:CraftVitae+1"],"picked":"Singing Bowl","floor":48}],"player_experience":1075549,"relics_obtained":[{"floor":5.0,"key":"Ancient Tea Set"},{"floor":9.0,"key":"Meat on the Bone"},{"floor":11.0,"key":"Torii"},{"floor":13.0,"key":"Vajra"},{"floor":24.0,"key":"Mango"},{"floor":26.0,"key":"Toxic Egg 2"},{"floor":28.0,"key":"Bottled Flame"},{"floor":31.0,"key":"Pantograph"},{"floor":36.0,"key":"CatCart"},{"floor":38.0,"key":"Du-Vu Doll"},{"floor":41,"key":"Bottled Tornado"},{"floor":43,"key":"Singing Bowl"},{"floor":45,"key":"Anchor"}],"event_choices":[{"cards_removed":["Runesmith:Defend_RS"],"damage_healed":0.0,"max_hp_gain":0.0,"max_hp_loss":0.0,"gold_gain":0.0,"event_name":"Golden Wing","player_choice":"Card Removal","floor":3.0,"gold_loss":0.0,"damage_taken":7.0},{"cards_removed":["Runesmith:Strike_RS"],"damage_healed":0.0,"max_hp_gain":0.0,"max_hp_loss":0.0,"gold_gain":0.0,"event_name":"Back to Basics","player_choice":"Elegance","floor":20.0,"gold_loss":0.0,"damage_taken":0.0},{"damage_healed":0.0,"max_hp_gain":0.0,"max_hp_loss":0.0,"gold_gain":0.0,"event_name":"Addict","player_choice":"Obtained Relic","floor":22.0,"gold_loss":85.0,"damage_taken":0.0,"relics_obtained":["Bag of Preparation"]},{"damage_healed":0.0,"max_hp_gain":0.0,"max_hp_loss":0.0,"gold_gain":0.0,"event_name":"The Mausoleum","player_choice":"Ignored","floor":30.0,"gold_loss":0.0,"damage_taken":0.0},{"damage_healed":0.0,"max_hp_gain":0.0,"max_hp_loss":0.0,"gold_gain":0.0,"event_name":"OrinTheCat","player_choice":"Fight","floor":36.0,"gold_loss":0.0,"damage_taken":0.0},{"damage_healed":0.0,"max_hp_gain":0.0,"max_hp_loss":0.0,"gold_gain":0.0,"event_name":"Tomb of Lord Red Mask","player_choice":"Ignored","floor":37.0,"gold_loss":0.0,"damage_taken":0.0},{"damage_healed":0.0,"max_hp_gain":0.0,"max_hp_loss":0.0,"gold_gain":0.0,"event_name":"Mysterious Sphere","player_choice":"Fight","floor":38.0,"gold_loss":0.0,"damage_taken":0.0}],"is_beta":false,"boss_relics":[{"not_picked":["Runesmith:PocketReactor","Busted Crown"],"picked":"Runic Pyramid"},{"not_picked":["Coffee Dripper","Cursed Key"],"picked":"SlaversCollar"}],"items_purged_floors":[10,39],"is_endless":false,"potions_floor_spawned":[2,4,13,14,21,24,28,31,45,48],"ascension_level":3}}