{"host":"r53pw7z744tg3fxg","time":1608228433,"event":{"mods":["AchievementEnabler","BaseMod","Colored Map","Colored Powertips","Highlight Path","Minty Spire (QoL Compilation)","Quick Restart","Transform Curses"],"gold_per_floor":[113,113,124,124,124,154,177,177,203,231,48,48,68,102,102,207,207,218,235,235,17,28,28,28,28,28,28,2,25,37,49,61,174,186,214,76,76,76],"floor_reached":37,"playtime":921,"items_purged":["Writhe"],"score":550,"play_id":"0ef3a2f6-670f-43fe-b215-1d5c48350d63","local_time":"20201217110713","is_ascension_mode":true,"campfire_choices":[{"data":"PathToVictory","floor":8.0,"key":"SMITH"},{"floor":12.0,"key":"REST"},{"data":"BattleHymn","floor":15.0,"key":"SMITH"},{"floor":23.0,"key":"REST"},{"floor":25.0,"key":"REST"},{"data":"ForeignInfluence","floor":27.0,"key":"SMITH"},{"data":"Crescendo","floor":32.0,"key":"SMITH"}],"circlet_count":0,"master_deck":["Strike_P+1","Strike_P+1","Strike_P+1","Strike_P+1","Defend_P+1","Defend_P+1","Defend_P+1","Defend_P+1","Eruption+1","Vigilance","Consecrate","PathToVictory","Evaluate","PathToVictory+1","PathToVictory","Crescendo+1","BowlingBash","BattleHymn+1","ConjureBlade","PathToVictory","PathToVictory","ForeignInfluence+1","CutThroughFate","Judgement","EmptyBody+1","Study"],"relics":["PureWater","NeowsBlessing","Ancient Tea Set","PreservedInsect","Odd Mushroom","Art of War","Regal Pillow","Blood Vial","Nunchaku","SlaversCollar","HandDrill","TeardropLocket","MawBank","Strawberry","Black Star"],"acts_visited":["Exordium","TheCity","TheBeyond"],"potions_floor_usage":[],"damage_taken":[{"damage":0.0,"enemies":"2 Louse","floor":1.0,"turns":1.0},{"damage":0.0,"enemies":"Jaw Worm","floor":3.0,"turns":1.0},{"damage":0.0,"enemies":"Gremlin Nob","floor":6.0,"turns":1.0},{"damage":6.0,"enemies":"The Mushroom Lair","floor":7.0,"turns":4.0},{"damage":24.0,"enemies":"Lagavulin","floor":10.0,"turns":3.0},{"damage":0.0,"enemies":"Small Slimes","floor":13.0,"turns":2.0},{"damage":7.0,"enemies":"3 Sentries","floor":14.0,"turns":4.0},{"damage":34.0,"enemies":"Hexaghost","floor":16.0,"turns":5.0},{"damage":20.0,"enemies":"2 Thieves","floor":18.0,"turns":3.0},{"damage":7.0,"enemies":"Chosen","floor":19.0,"turns":3.0},{"damage":24.0,"enemies":"Shelled Parasite and Fungi","floor":22.0,"turns":3.0},{"damage":43.0,"enemies":"Collector","floor":33.0,"turns":5.0},{"damage":35.0,"enemies":"3 Shapes","floor":35.0,"turns":3.0},{"damage":40,"enemies":"3 Darklings","floor":37,"turns":3}],"seed_played":"5665513382977494629","potions_obtained":[{"floor":3.0,"key":"SteroidPotion"},{"floor":7.0,"key":"Weak Potion"},{"floor":10.0,"key":"Fire Potion"},{"floor":16.0,"key":"FearPotion"},{"floor":22.0,"key":"SpeedPotion"}],"is_trial":false,"path_per_floor":["M","?","M","?","T","E","?","R","T","E","$","R","M","E","R","B",null,"M","M","?","$","M","R","$","R","T","R","$","T","?","?","R","B",null,"M","$","M"],"character_chosen":"WATCHER","items_purchased":["Blood Vial","Crescendo","HandDrill","ForeignInfluence","CutThroughFate","Study"],"campfire_rested":3,"item_purchase_floors":[11,11,21,21,28,36],"current_hp_per_floor":[65,65,65,65,65,65,59,59,59,35,35,71,72,65,65,33,62,44,39,39,39,17,53,53,72,72,72,72,72,72,79,79,36,68,35,35,0,0],"gold":76,"neow_bonus":"THREE_ENEMY_KILL","is_daily":false,"chose_seed":false,"campfire_upgraded":4,"win_rate":0.0,"timestamp":1608228433,"path_taken":["M","?","M","?","?","E","?","R","T","E","$","R","M","E","R","BOSS","M","M","?","$","?","R","$","R","T","R","$","?","?","?","R","BOSS","M","$","M"],"items_purchased_type":["Relic","Card","Relic","Card","Card","Card"],"build_version":"2020-12-13","purchased_purges":1,"victory":false,"max_hp_per_floor":[72,72,72,72,72,72,72,72,72,72,72,72,72,72,72,72,72,72,72,72,72,72,72,72,72,72,72,72,72,72,79,79,79,79,79,79,79,79],"card_choices":[{"not_picked":["ThirdEye","EmptyBody"],"picked":"Consecrate","floor":1.0},{"not_picked":["Worship","Vengeance","PathToVictory"],"picked":"SKIP","floor":3.0},{"not_picked":["Worship","Vengeance"],"picked":"PathToVictory","floor":3.0},{"not_picked":["Halt","SashWhip"],"picked":"Evaluate","floor":6.0},{"not_picked":["CutThroughFate","FlurryOfBlows"],"picked":"PathToVictory","floor":7.0},{"not_picked":["Conclude","FollowUp"],"picked":"PathToVictory","floor":10.0},{"not_picked":["Worship","Collect"],"picked":"BowlingBash","floor":13.0},{"not_picked":["MentalFortress","FollowUp"],"picked":"BattleHymn","floor":14.0},{"not_picked":["Ragnarok","Brilliance"],"picked":"ConjureBlade","floor":16.0},{"not_picked":["BowlingBash+1","Fasting2"],"picked":"PathToVictory","floor":18.0},{"not_picked":["SashWhip","ThirdEye"],"picked":"PathToVictory","floor":19.0},{"not_picked":["Worship","Nirvana","Prostrate"],"picked":"SKIP","floor":22.0},{"not_picked":["Blasphemy","Alpha"],"picked":"Judgement","floor":33.0},{"not_picked":["Evaluate+1","PathToVictory+1"],"picked":"EmptyBody+1","floor":35.0}],"player_experience":1114310,"relics_obtained":[{"floor":5.0,"key":"Ancient Tea Set"},{"floor":6.0,"key":"PreservedInsect"},{"floor":7.0,"key":"Odd Mushroom"},{"floor":9.0,"key":"Art of War"},{"floor":10.0,"key":"Regal Pillow"},{"floor":14.0,"key":"Nunchaku"},{"floor":26.0,"key":"TeardropLocket"},{"floor":29.0,"key":"MawBank"}],"event_choices":[{"damage_healed":0.0,"max_hp_gain":0.0,"max_hp_loss":0.0,"gold_gain":0.0,"event_name":"Liars Game","player_choice":"Ignored","floor":2.0,"gold_loss":0.0,"damage_taken":0.0},{"damage_healed":0.0,"max_hp_gain":0.0,"max_hp_loss":0.0,"gold_gain":0.0,"event_name":"Living Wall","player_choice":"Grow","floor":4.0,"gold_loss":0.0,"damage_taken":0.0,"cards_upgraded":["Eruption"]},{"damage_healed":0.0,"max_hp_gain":0.0,"max_hp_loss":0.0,"gold_gain":0.0,"event_name":"Mushrooms","player_choice":"Fought Mushrooms","floor":7.0,"gold_loss":0.0,"damage_taken":0.0},{"damage_healed":0.0,"max_hp_gain":0.0,"max_hp_loss":0.0,"gold_gain":0.0,"event_name":"Transmorgrifier","player_choice":"Ignored","floor":20.0,"gold_loss":0.0,"damage_taken":0.0},{"damage_healed":0.0,"max_hp_gain":0.0,"max_hp_loss":0.0,"gold_gain":0.0,"event_name":"Back to Basics","player_choice":"Simplicity","floor":30.0,"gold_loss":0.0,"damage_taken":0.0,"cards_upgraded":["Strike_P","Strike_P","Strike_P","Strike_P","Defend_P","Defend_P","Defend_P","Defend_P"]},{"damage_healed":0.0,"max_hp_gain":0.0,"max_hp_loss":0.0,"gold_gain":0.0,"event_name":"The Mausoleum","player_choice":"Opened","floor":31.0,"gold_loss":0.0,"damage_taken":0.0,"relics_obtained":["Strawberry"],"cards_obtained":["Writhe"]}],"is_beta":false,"boss_relics":[{"not_picked":["Astrolabe","VioletLotus"],"picked":"SlaversCollar"},{"not_picked":["Runic Pyramid","Snecko Eye"],"picked":"Black Star"}],"items_purged_floors":[36],"is_endless":false,"potions_floor_spawned":[3,7,10,16,22],"killed_by":"3 Darklings","ascension_level":6}}