{"host":"gcl3kjho9wmyw479","time":1608177164,"event":{"mods":["Act Like it!","BaseMod","Better Note","Minty Spire (QoL Compilation)","Permanent Neow","Quick Restart","Replay The Spire","Shop Mod","StSLib","SuperFastMode","Wandering Minibosses"],"gold_per_floor":[111,111,36,49,49,83,83,83,83,100,134,153,178,193,193,290,290,308,308,308,320,189,189,216,243,243,269,269,369,369,369,369,464,464,483,7,7,7,7,7,42,59,59,59,110,110,11,40,40,40,40],"floor_reached":50,"playtime":1823,"items_purged":["Headbutt","Cleave","Amnesia"],"score":443,"play_id":"92946c63-73f5-47d1-860a-6355c0f7f713","local_time":"20201216225244","daily_mods":["Draft","Heirloom","DeadlyEvents","Elite Swarm"],"is_ascension_mode":false,"campfire_choices":[{"data":"Spot Weakness","floor":15,"key":"SMITH"},{"data":"Madness","floor":23,"key":"SMITH"},{"floor":30,"key":"REST"},{"data":"Mayhem","floor":40,"key":"SMITH"},{"floor":44,"key":"RECALL"},{"floor":49,"key":"REST"}],"circlet_count":0,"master_deck":["Heavy Blade+1","Pommel Strike","Clash","Intimidate","Evolve","Flex","Spot Weakness+1","Shrug It Off+1","Madness+1","Flex+1","Offering","Flex","Mayhem+1","Panacea","Blind"],"relics":["Burning Blood","Pocketwatch","Molten Egg 2","Torii","Champion Belt","MerchantsRug","Mirror","Toy Ornithopter","Bottled Tornado","Onion Ring","Cursed Key","Divine Protection","ReplayTheSpireMod:ShopPack","Strawberry","Ice Cream","Replay:Ringing Soul","Pear","Replay:Mystery Machine"],"acts_visited":["Exordium","TheCity","TheBeyond"],"potions_floor_usage":[13,16,16,24,33],"damage_taken":[{"damage":0,"enemies":"Small Slimes","floor":1,"turns":3},{"damage":0,"enemies":"Cultist","floor":4,"turns":2},{"damage":11,"enemies":"Gremlin Nob","floor":6,"turns":3},{"damage":0,"enemies":"2 Louse","floor":10,"turns":2},{"damage":9,"enemies":"Replay:BlueRogue","floor":11,"turns":3},{"damage":10,"enemies":"Looter","floor":12,"turns":2},{"damage":1,"enemies":"Lagavulin","floor":13,"turns":4},{"damage":0,"enemies":"2 Fungi Beasts","floor":14,"turns":2},{"damage":30,"enemies":"The Guardian","floor":16,"turns":5},{"damage":10,"enemies":"3 Byrds","floor":18,"turns":3},{"damage":11,"enemies":"Spheric Guardian","floor":21,"turns":4},{"damage":10,"enemies":"Book of Stabbing","floor":24,"turns":4},{"damage":40,"enemies":"Slavers","floor":25,"turns":4},{"damage":1,"enemies":"Gremlin Leader","floor":27,"turns":4},{"damage":18,"enemies":"Collector","floor":33,"turns":5},{"damage":15,"enemies":"Orb Walker","floor":35,"turns":2},{"damage":7,"enemies":"Giant Head","floor":41,"turns":5},{"damage":0,"enemies":"3 Shapes","floor":42,"turns":3},{"damage":25,"enemies":"Nemesis","floor":48,"turns":7},{"damage":70,"enemies":"Replay:Hell Engine","floor":50,"turns":6}],"seed_played":"5270649572526114555","potions_obtained":[{"floor":6,"key":"SteroidPotion"},{"floor":10,"key":"Block Potion"},{"floor":11,"key":"Milkshake"},{"floor":14,"key":"SteroidPotion"},{"floor":21,"key":"AttackPotion"},{"floor":27,"key":"PowerPotion"},{"floor":33,"key":"SpeedPotion"},{"floor":35,"key":"Strength Potion"},{"floor":41,"key":"Energy Potion"},{"floor":42,"key":"Toxic Potion"}],"is_trial":true,"path_per_floor":["M","?","$","M","WH","E","$","?","T","M","E","M","E","M","R","B",null,"M","?","WH","M","$","R","E","E","T","E","?","WH","R","WH","R","B",null,"M","$","?","WH","WH","R","E","M","T","R","WH","WH","$","E","R","B"],"character_chosen":"IRONCLAD","items_purchased":["MerchantsRug","Divine Protection","ReplayTheSpireMod:ShopPack","Strawberry"],"campfire_rested":2,"item_purchase_floors":[22,36,36,36],"current_hp_per_floor":[80,80,80,80,80,75,75,75,75,80,77,73,78,80,80,56,60,56,56,56,51,51,51,47,13,13,18,23,23,41,41,59,48,60,51,58,58,64,64,64,63,69,69,69,61,64,64,45,70,0,0],"gold":40,"neow_bonus":"RANDOM_COLORLESS","is_daily":false,"chose_seed":false,"campfire_upgraded":3,"win_rate":0.0,"timestamp":1608177164,"path_taken":["M","?","$","M","WH","E","$","?","T","M","E","M","E","M","R","BOSS","M","?","WH","?","$","R","?","E","T","E","?","WH","R","WH","R","BOSS","M","$","?","WH","WH","R","E","M","T","R","WH","WH","$","E","R","BOSS"],"items_purchased_type":["Relic","Relic","Relic","Relic"],"build_version":"2020-12-13","purchased_purges":3,"victory":false,"max_hp_per_floor":[80,80,80,80,80,80,80,80,80,80,80,80,80,80,80,80,60,60,60,60,60,60,60,60,60,60,60,60,60,60,60,60,60,60,60,67,67,73,73,73,73,73,73,73,83,86,86,86,86,86,86],"card_choices":[{"not_picked":["Perfected Strike","Iron Wave"],"picked":"Warcry","floor":0},{"not_picked":["Thunderclap","Wild Strike"],"picked":"Heavy Blade","floor":0},{"not_picked":["Wild Strike","Iron Wave"],"picked":"Headbutt","floor":0},{"not_picked":["Second Wind","Clash"],"picked":"Pommel Strike","floor":0},{"not_picked":["Perfected Strike","Disarm"],"picked":"Iron Wave","floor":0},{"not_picked":["ReplayTheSpireMod:Strike From Hell","Run Through"],"picked":"Anger","floor":0},{"not_picked":["Armaments","Sentinel"],"picked":"Replay:Undeath\u0027s Touch","floor":0},{"not_picked":["Warcry","Headbutt"],"picked":"Clash","floor":0},{"not_picked":["Thunderclap","Replay:Undeath\u0027s Touch"],"picked":"Clash","floor":0},{"not_picked":["Anger","ReplayTheSpireMod:Limb From Limb"],"picked":"Intimidate","floor":0},{"not_picked":["Armaments","Flame Barrier"],"picked":"Anger","floor":0},{"not_picked":["Clothesline","Rampage"],"picked":"Evolve","floor":0},{"not_picked":["Carnage","True Grit"],"picked":"Metallicize","floor":0},{"not_picked":["Clash","Replay:Undeath\u0027s Touch"],"picked":"Flex","floor":0},{"not_picked":["Dark Embrace","Carnage"],"picked":"Cleave","floor":0},{"not_picked":["Anger","Headbutt","Uppercut"],"picked":"SKIP","floor":1},{"not_picked":["Warcry","Dropkick","Disarm"],"picked":"SKIP","floor":4},{"not_picked":["Replay:Many Hands","Brutality","Bludgeon+1"],"picked":"SKIP","floor":6},{"not_picked":["Armaments","Flame Barrier","Pommel Strike+1"],"picked":"SKIP","floor":10},{"not_picked":["Bludgeon+1","Eclipse","Brutality"],"picked":"SKIP","floor":11},{"not_picked":["Heavy Blade+1","Sword Boomerang+1"],"picked":"Spot Weakness","floor":12},{"not_picked":["Eclipse","Corruption","Reaper+1"],"picked":"SKIP","floor":13},{"not_picked":["Ghostly Armor","Sword Boomerang+1"],"picked":"Shrug It Off","floor":14},{"not_picked":["Body Slam+1","Havoc+1","Replay:Undeath\u0027s Touch+1"],"picked":"SKIP","floor":18},{"not_picked":["ReplayTheSpireMod:Trickstab","Mind Blast"],"picked":"Madness","floor":20},{"not_picked":["ReplayTheSpireMod:LeadingStrike+1","Warcry"],"picked":"Flex+1","floor":21},{"not_picked":["Berserk","Replay:Many Hands","Juggernaut"],"picked":"SKIP","floor":24},{"not_picked":["Juggernaut","Bludgeon+1","Hemogenesis+1"],"picked":"SKIP","floor":25},{"not_picked":["Juggernaut","Impervious"],"picked":"Offering","floor":27},{"not_picked":["Infernal Blade","Heavy Blade"],"picked":"Flex","floor":31},{"not_picked":["Clothesline+1","Wild Strike+1","Iron Wave+1"],"picked":"SKIP","floor":35},{"not_picked":["Sadistic Nature","Apotheosis"],"picked":"Mayhem","floor":36},{"not_picked":["Replay:Bootleg Shield Generator","Metamorphosis"],"picked":"Panacea","floor":36},{"not_picked":["Juggernaut","Berserk","Bludgeon+1"],"picked":"SKIP","floor":41},{"not_picked":["Thunderclap+1","Wild Strike+1","Heavy Blade+1"],"picked":"SKIP","floor":42},{"not_picked":["Discovery","Swift Strike"],"picked":"Blind","floor":46},{"not_picked":["Eclipse","Barricade","Hemogenesis+1"],"picked":"SKIP","floor":48}],"player_experience":400164,"relics_obtained":[{"floor":6,"key":"Molten Egg 2"},{"floor":11,"key":"Torii"},{"floor":13,"key":"Champion Belt"},{"floor":24,"key":"Mirror"},{"floor":25,"key":"Toy Ornithopter"},{"floor":26,"key":"Bottled Tornado"},{"floor":27,"key":"Onion Ring"},{"floor":41,"key":"Ice Cream"},{"floor":43,"key":"Replay:Ringing Soul"},{"floor":45,"key":"Pear"},{"floor":48,"key":"Replay:Mystery Machine"}],"event_choices":[{"damage_healed":0,"gold_gain":0,"player_choice":"Forge","damage_taken":0,"max_hp_gain":0,"max_hp_loss":0,"event_name":"Accursed Blacksmith","floor":2,"gold_loss":0,"cards_upgraded":["Heavy Blade"]},{"cards_removed":["Anger"],"damage_healed":0,"gold_gain":0,"player_choice":"Purged","damage_taken":0,"max_hp_gain":0,"max_hp_loss":0,"event_name":"Purifier","floor":5,"gold_loss":0},{"cards_removed":["Iron Wave"],"damage_healed":0,"gold_gain":0,"player_choice":"Forget","damage_taken":0,"max_hp_gain":0,"max_hp_loss":0,"event_name":"Living Wall","floor":8,"gold_loss":0},{"cards_removed":["Clash"],"damage_healed":0,"gold_gain":0,"player_choice":"Card Removal","damage_taken":0,"max_hp_gain":0,"max_hp_loss":0,"event_name":"Wheel of Change","floor":19,"gold_loss":0},{"cards_removed":["Replay:Undeath\u0027s Touch"],"damage_healed":5,"gold_gain":0,"player_choice":"Offered Common","damage_taken":0,"max_hp_gain":0,"max_hp_loss":0,"event_name":"Bonfire Elementals","floor":28,"gold_loss":0},{"cards_removed":["Replay:Undeath\u0027s Touch"],"damage_healed":5,"gold_gain":0,"player_choice":"Offered Special","damage_taken":0,"max_hp_gain":0,"max_hp_loss":0,"event_name":"Bonfire Elementals","floor":28,"gold_loss":0}],"is_beta":false,"boss_relics":[{"not_picked":["Astrolabe","Honey Jar"],"picked":"Replay:Drink Me"},{"not_picked":["SlaversCollar","Philosopher\u0027s Stone"],"picked":"Cursed Key"}],"items_purged_floors":[3,22,47],"is_endless":false,"potions_floor_spawned":[6,10,11,14,21,27,33,35,41,42],"killed_by":"Replay:Hell Engine","ascension_level":0}}