{"host":"21h5e52imz35vo8g","time":1608232622,"event":{"mods":["AchievementEnabler","BaseMod","Colored Map","Colored Powertips","Googly Eyes","Minty Spire (QoL Compilation)","Quick Restart","Rare Cards Sparkle","Replay The Spire","StSLib"],"gold_per_floor":[118,136,10,22,40,73,88,88,88],"floor_reached":8,"playtime":442,"items_purged":[],"score":72,"play_id":"bfb79dc9-c3a0-4328-8467-87c8f57c7922","local_time":"20201218031702","is_ascension_mode":true,"campfire_choices":[],"circlet_count":0,"master_deck":["Strike_G","Strike_G","Strike_G","Strike_G","Strike_G","Defend_G","Defend_G","Defend_G","Defend_G","Defend_G","Survivor","Neutralize","Crippling Poison","Caltrops","Draining Mist","Bane","Blur","Deadly Poison"],"relics":["Black Star","Replay:Rubber Ducky","Pear"],"acts_visited":["Exordium"],"potions_floor_usage":[6,8],"damage_taken":[{"damage":9.0,"enemies":"Cultist","floor":1.0,"turns":6.0},{"damage":5.0,"enemies":"Small Slimes","floor":2.0,"turns":3.0},{"damage":7.0,"enemies":"Jaw Worm","floor":4.0,"turns":4.0},{"damage":16.0,"enemies":"Lots of Slimes","floor":5.0,"turns":3.0},{"damage":23,"enemies":"Lagavulin","floor":6,"turns":8},{"damage":11,"enemies":"Looter","floor":7,"turns":4},{"damage":0,"enemies":"Gremlin Nob","floor":8,"turns":3}],"seed_played":"5258999369423623865","potions_obtained":[{"floor":4.0,"key":"Toxic Potion"},{"floor":7,"key":"LifebloodPotion"}],"is_trial":false,"path_per_floor":["M","M","$","M","M","E","M","E"],"character_chosen":"THE_SILENT","items_purchased":["Draining Mist","Bane"],"campfire_rested":0,"item_purchase_floors":[3,3],"current_hp_per_floor":[61,56,56,49,33,20,9,9,9],"gold":88,"neow_bonus":"BOSS_RELIC","is_daily":false,"chose_seed":false,"campfire_upgraded":0,"win_rate":0.0,"timestamp":1608232622,"path_taken":["M","?","$","M","M","E","M","E"],"items_purchased_type":["Card","Card"],"build_version":"2020-12-13","purchased_purges":0,"victory":false,"max_hp_per_floor":[70,70,70,70,70,80,80,80,80],"card_choices":[{"not_picked":["Slice","Skewer"],"picked":"Crippling Poison","floor":1.0},{"not_picked":["ReplayTheSpireMod:Scrap Shanks","Acrobatics"],"picked":"Caltrops","floor":2.0},{"not_picked":["Masterful Stab","Deflect","Hidden Blade"],"picked":"SKIP","floor":4.0},{"not_picked":["Backstab","Outmaneuver"],"picked":"Blur","floor":5.0},{"not_picked":["Outmaneuver","Blur","Expertise"],"picked":"SKIP","floor":6},{"not_picked":["Infinite Blades","Finisher"],"picked":"Deadly Poison","floor":7}],"player_experience":273781,"relics_obtained":[{"floor":6,"key":"Replay:Rubber Ducky"},{"floor":6,"key":"Pear"}],"event_choices":[],"is_beta":false,"boss_relics":[],"items_purged_floors":[],"is_endless":false,"potions_floor_spawned":[4,7],"killed_by":"Gremlin Nob","ascension_level":4}}