{"host":"90zmhqhem9nbzoc6","time":1608188424,"event":{"mods":["AchievementEnabler","Aspiration","BaseMod","Better Note","Better Third Choice","BetterRewards","Colored Map","Colored Powertips","Conspire","Downfall","Energized Spire","Friendly Minions","GifTheSpireLib","Hermit","Hubris","Infinite Spire","Minty Spire (QoL Compilation)","Quick Restart","Replay The Spire","Spikes Relics","StSLib","Stuff the Spire","The Blue Laboratory","The Jungle"],"gold_per_floor":[118,61,81,81,156,189,189,202,252,212,229,229,244,257,257,359,359,375,392,392,392,6,6,6,37,37,37,37,37,37,37,37,37,37],"floor_reached":33,"playtime":1427,"items_purged":[],"score":261,"play_id":"de0de164-2dce-47d4-9191-ed7fdf8430f9","local_time":"20201216230024","is_ascension_mode":false,"campfire_choices":[{"floor":7,"key":"REST"},{"floor":12,"key":"RECALL"},{"floor":15,"key":"REST"},{"floor":24,"key":"REST"},{"floor":29,"key":"REST"},{"floor":32,"key":"REST"}],"circlet_count":0,"master_deck":["hermit:Strike_Hermit","hermit:Strike_Hermit","hermit:Strike_Hermit","hermit:Strike_Hermit","hermit:Defend_Hermit","hermit:Defend_Hermit","hermit:Defend_Hermit+1","hermit:Defend_Hermit","hermit:Snapshot","hermit:Covet","Good Instincts","hermit:TrackingShot+1","hermit:Gestalt+1","hermit:PistolWhip+1","hermit:BigShot","hermit:BigShot","hermit:GoldenBullet","hermit:Quickdraw","StuffTheSpire:CuriosityCurse","hermit:BigShot"],"relics":["hermit:Momento","SpikesRelics:DaevaFist","ExplosiveVial","infinitespire:Bottled Soul","War Paint","Eternal Feather","Oddly Smooth Stone","Nunchaku","InkBottle","Lantern","Iron Hammer"],"acts_visited":["Exordium","TheCity"],"potions_floor_usage":[6,33,33,33],"damage_taken":[{"damage":2,"enemies":"Jaw Worm","floor":1,"turns":3},{"damage":1,"enemies":"2 Louse","floor":3,"turns":2},{"damage":9,"enemies":"Gremlin Nob","floor":6,"turns":5},{"damage":1,"enemies":"Cultist","floor":8,"turns":3},{"damage":6,"enemies":"2 Fungi Beasts","floor":11,"turns":4},{"damage":3,"enemies":"Blue Slaver","floor":13,"turns":4},{"damage":13,"enemies":"3 Louse","floor":14,"turns":3},{"damage":29,"enemies":"Fading Forest","floor":16,"turns":11},{"damage":34,"enemies":"conspire:FuzzyDice","floor":18,"turns":11},{"damage":14,"enemies":"Shell Parasite","floor":19,"turns":9},{"damage":44,"enemies":"Nightmare","floor":25,"turns":18},{"damage":133,"enemies":"Pondfish","floor":33,"turns":14}],"seed_played":"-5591003056289590107","potions_obtained":[{"floor":1,"key":"Adrenaline Potion"},{"floor":10,"key":"blueLaboratory:PyrophylliteBrew"},{"floor":10,"key":"SteroidPotion"},{"floor":10,"key":"sneckomod:MuddlingPotion"},{"floor":13,"key":"blueLaboratory:HummingbirdPotion"},{"floor":14,"key":"Ancient Potion"},{"floor":18,"key":"blueLaboratory:ForbiddenFruitJuice"}],"is_trial":false,"path_per_floor":["M","$","M","?","?","E","R","M","T","?","M","R","M","M","R","B",null,"M","M","?","?","$","?","R","NM","T","$","?","R","T","$","R","B"],"character_chosen":"HERMIT","items_purchased":["SpikesRelics:DaevaFist","Good Instincts","hermit:TrackingShot+1","ExplosiveVial","hermit:PistolWhip+1","Eternal Feather","Oddly Smooth Stone"],"campfire_rested":5,"item_purchase_floors":[0,0,0,0,2,22,22],"current_hp_per_floor":[73,73,72,75,64,55,75,74,74,74,68,68,65,52,74,45,75,41,27,27,27,27,27,58,14,14,14,14,48,48,48,75,0,0],"gold":37,"neow_bonus":"","is_daily":false,"chose_seed":false,"campfire_upgraded":0,"win_rate":0.0,"timestamp":1608188424,"path_taken":["M","$","M","?","?","E","R","?","T","?","M","R","M","M","R","BOSS","M","M","?","?","$","?","R","NM","T","$","?","R","?","?","R","BOSS"],"items_purchased_type":["Relic","Card","Card","Relic","Card","Relic","Relic"],"build_version":"2020-12-13","purchased_purges":0,"victory":false,"max_hp_per_floor":[75,75,75,75,75,75,75,75,75,75,75,75,75,75,75,75,75,75,75,75,75,75,75,75,75,75,75,75,75,75,75,75,65,65],"card_choices":[{"not_picked":["hermit:Ricochet","hermit:BodyArmor"],"picked":"hermit:Gestalt","floor":1},{"not_picked":["hermit:FullyLoaded","hermit:Midnight","hermit:Snipe"],"picked":"SKIP","floor":3},{"not_picked":["hermit:Manifest","hermit:Snipe","hermit:FlashPowder"],"picked":"SKIP","floor":6},{"not_picked":["hermit:FinalCanter","hermit:Grudge"],"picked":"hermit:BigShot","floor":8},{"not_picked":["hermit:LowProfile","hermit:CalledShot","hermit:Misfire"],"picked":"SKIP","floor":11},{"not_picked":["hermit:CalledShot","hermit:FullyLoaded"],"picked":"hermit:BigShot","floor":13},{"not_picked":["hermit:FullyLoaded","hermit:HoleUp"],"picked":"hermit:GoldenBullet","floor":14},{"not_picked":["hermit:Virtue","hermit:Combo","hermit:Spite"],"picked":"SKIP","floor":18},{"not_picked":["hermit:Snipe+1","hermit:DeadMansHand+1"],"picked":"hermit:Quickdraw","floor":19},{"not_picked":["hermit:TrackingShot","hermit:Quickdraw"],"picked":"hermit:BigShot","floor":25}],"player_experience":210857,"relics_obtained":[{"floor":6,"key":"infinitespire:Bottled Soul"},{"floor":9,"key":"War Paint"},{"floor":25,"key":"InkBottle"},{"floor":26,"key":"Lantern"},{"floor":30,"key":"Iron Hammer"}],"event_choices":[{"damage_healed":0,"gold_gain":75,"player_choice":"Gold","damage_taken":11,"max_hp_gain":0,"max_hp_loss":0,"event_name":"betterThird:BetterGoop","floor":5,"gold_loss":0},{"damage_healed":0,"gold_gain":0,"player_choice":"Bought 3 Potions","damage_taken":0,"max_hp_gain":0,"max_hp_loss":0,"event_name":"The Woman in Blue","floor":10,"gold_loss":0},{"damage_healed":0,"gold_gain":0,"player_choice":"Ignored","damage_taken":0,"max_hp_gain":0,"max_hp_loss":0,"event_name":"betterNote:BetterNote","floor":20,"gold_loss":0,"cards_obtained":["Dualcast"]},{"damage_healed":0,"gold_gain":0,"player_choice":"Leave","damage_taken":0,"max_hp_gain":0,"max_hp_loss":0,"event_name":"conspire:Investor","floor":28,"gold_loss":0}],"is_beta":false,"boss_relics":[{"not_picked":["Painkiller Herb","hubris:BlackHole","energizedSpire:RedRose"]}],"items_purged_floors":[],"is_endless":true,"potions_floor_spawned":[1,13,14,16,18],"killed_by":"Pondfish","ascension_level":0}}