{"host":"hqvh779b89tfrjxy","time":1608207480,"event":{"mods":["Act Like it!","BaseMod","Better Third Choice","Downfall","Elementarium","Filter the Spire","GifTheSpireLib","Marked Mod","Minty Spire (QoL Compilation)","Replay The Spire","Spicy Shops","StSLib"],"gold_per_floor":[10,21,37,37,54,83,101,101,101,126,126,126,136,146,146,243,243,254,254,92,92,15,15,15,26,26,26,52,52,66,85,85,189,189,200,217,217,71,71,71,97,97,120,174,174,201,220,233,233,233,233,233,190,224,224,224],"floor_reached":55,"playtime":2358,"items_purged":["Pain"],"score":945,"play_id":"6fc03d74-6dff-4dc8-944e-98342e49897f","local_time":"20201217131800","is_ascension_mode":true,"campfire_choices":[{"floor":8,"key":"DIG"},{"data":"Vigilance","floor":11,"key":"SMITH"},{"data":"SandsOfTime","floor":15,"key":"SMITH"},{"data":"expansioncontent:Chronoboost","floor":23,"key":"SMITH"},{"data":"Devotion","floor":29,"key":"SMITH"},{"data":"Fasting2","floor":32,"key":"SMITH"},{"floor":40,"key":"DIG"},{"floor":42,"key":"DIG"},{"data":"Strike_P","floor":45,"key":"PURGE"},{"floor":49,"key":"RECALL"},{"data":"Consecrate","floor":52,"key":"PURGE"}],"circlet_count":0,"master_deck":["Strike_P","Strike_P","Strike_P","Defend_P+1","Defend_P+1","Defend_P+1","Eruption","Vigilance+1","WheelKick","SandsOfTime+1","SashWhip","Conclude","SpiritShield","expansioncontent:Chronoboost+1","Devotion+1","BattleHymn+1","Fasting2+1","DevaForm","Fasting2","ReplayTheSpireMod:Faulty Equipment"],"relics":["PureWater","Shovel","WarpedTongs","PreservedInsect","Mercury Hourglass","Ornamental Fan","Replay:Bottled Eggs","Snecko Eye","Replay:Rubber Ducky","Replay:Bottled Flurry","Damaru","Philosopher\u0027s Stone","Bronze Scales","Blood Vial","Regal Pillow","ReplayTheSpireMod:Lightbulb","Peace Pipe","FossilizedHelix","ReplayTheSpireMod:CursedCoin","Oddly Smooth Stone","ReplayTheSpireMod:TigerMarble"],"acts_visited":["Exordium","TheCity","TheBeyond","TheEnding"],"potions_floor_usage":[6,10,16,24,28,44,50,55],"damage_taken":[{"damage":0,"enemies":"2 Louse","floor":1,"turns":2},{"damage":0,"enemies":"Cultist","floor":2,"turns":3},{"damage":0,"enemies":"Small Slimes","floor":3,"turns":2},{"damage":6,"enemies":"Blue Slaver","floor":5,"turns":3},{"damage":31,"enemies":"Lagavulin","floor":6,"turns":5},{"damage":0,"enemies":"Exordium Wildlife","floor":7,"turns":3},{"damage":6,"enemies":"Gremlin Nob","floor":10,"turns":3},{"damage":0,"enemies":"Exordium Thugs","floor":13,"turns":2},{"damage":0,"enemies":"2 Fungi Beasts","floor":14,"turns":2},{"damage":4,"enemies":"Hexaghost","floor":16,"turns":7},{"damage":2,"enemies":"Chosen","floor":18,"turns":3},{"damage":0,"enemies":"Book of Stabbing","floor":24,"turns":3},{"damage":0,"enemies":"Shell Parasite","floor":25,"turns":2},{"damage":8,"enemies":"Gremlin Leader","floor":28,"turns":4},{"damage":0,"enemies":"Snecko","floor":30,"turns":4},{"damage":0,"enemies":"Shelled Parasite and Fungi","floor":31,"turns":2},{"damage":31,"enemies":"Collector","floor":33,"turns":4},{"damage":0,"enemies":"3 Shapes","floor":35,"turns":3},{"damage":0,"enemies":"3 Darklings","floor":36,"turns":5},{"damage":0,"enemies":"Nemesis","floor":41,"turns":7},{"damage":21,"enemies":"2 Orb Walkers","floor":44,"turns":4},{"damage":0,"enemies":"R_Hoarder","floor":46,"turns":4},{"damage":16,"enemies":"Spire Growth","floor":47,"turns":4},{"damage":0,"enemies":"Transient","floor":48,"turns":5},{"damage":0,"enemies":"Replay:Hell Engine","floor":50,"turns":5},{"damage":33,"enemies":"Shield and Spear","floor":54,"turns":4},{"damage":38,"enemies":"The Heart","floor":55,"turns":3}],"seed_played":"-818387840860756879","potions_obtained":[{"floor":1,"key":"Strength Potion"},{"floor":7,"key":"DistilledChaos"},{"floor":10,"key":"ColorlessPotion"},{"floor":12,"key":"SmokeBomb"},{"floor":12,"key":"BlessingOfTheForge"},{"floor":13,"key":"AttackPotion"},{"floor":25,"key":"FearPotion"},{"floor":41,"key":"Elixir"},{"floor":44,"key":"Slimebound:ThreeZeroPotion"},{"floor":46,"key":"Fire Potion"}],"is_trial":false,"path_per_floor":["M","M","M","?","M","E","M","R","T","E","R","?","M","M","R","B",null,"M","?","$","?","$","R","E","M","T","$","E","R","M","M","R","B",null,"M","M","?","$","?","R","E","R","T","?","R","E","M","M","R","B",null,"R","$","E","B"],"character_chosen":"WATCHER","items_purchased":["expansioncontent:Chronoboost","Replay:Rubber Ducky","Bronze Scales","ReplayTheSpireMod:CursedCoin","Oddly Smooth Stone","SteroidPotion"],"campfire_rested":0,"item_purchase_floors":[20,22,38,53,53,53],"current_hp_per_floor":[65,65,65,65,59,28,28,28,28,22,22,22,22,22,22,18,59,57,44,44,44,44,44,44,44,44,44,36,36,36,36,36,5,59,59,59,59,59,59,59,61,61,61,42,42,44,30,32,32,34,66,66,66,35,0,0],"gold":224,"neow_bonus":"ONE_RARE_RELIC","is_daily":false,"chose_seed":false,"campfire_upgraded":5,"win_rate":0.0,"timestamp":1608207480,"path_taken":["M","M","M","?","?","E","M","R","T","E","R","?","M","?","R","BOSS","M","?","$","?","?","R","E","?","T","$","E","R","M","M","R","BOSS","M","M","?","$","?","R","E","R","T","?","R","E","M","M","R","BOSS","R","$","E","BOSS"],"items_purchased_type":["Card","Relic","Relic","Relic","Relic","Potion"],"build_version":"2020-12-13","purchased_purges":1,"victory":false,"max_hp_per_floor":[72,72,72,72,72,72,72,72,72,72,72,72,72,72,72,72,72,72,77,77,77,77,77,77,77,77,77,77,77,77,77,77,77,77,77,77,77,77,77,77,77,77,77,77,77,77,77,77,77,77,77,77,77,77,77,77],"card_choices":[{"not_picked":["Wireheading","FlyingSleeves"],"picked":"WheelKick","floor":1},{"not_picked":["FollowUp","Evaluate"],"picked":"Consecrate","floor":2},{"not_picked":["MarkedMod:GracefulMovements","EmptyFist"],"picked":"SandsOfTime","floor":3},{"not_picked":["EmptyBody","Replay:Cycle"],"picked":"SashWhip","floor":5},{"not_picked":["Pray","Crescendo","Replay:Hum"],"picked":"SKIP","floor":6},{"not_picked":["Evaluate","FlyingSleeves","Fasting2"],"picked":"SKIP","floor":7},{"not_picked":["MarkedMod:GentlePulse","Replay:Hum"],"picked":"Conclude","floor":10},{"not_picked":["Wireheading","Devotion","FlyingSleeves"],"picked":"SKIP","floor":13},{"not_picked":["Consecrate","Fasting2","Pray"],"picked":"SKIP","floor":14},{"not_picked":["Omniscience","MarkedMod:NorthStar"],"picked":"SpiritShield","floor":16},{"not_picked":["MarkedMod:Acupuncture","CutThroughFate","Wireheading"],"picked":"SKIP","floor":18},{"not_picked":["Replay:ManipulateFuture","MarkedMod:OneThousandNeedles","FlurryOfBlows"],"picked":"SKIP","floor":25},{"not_picked":["Halt","Crescendo+1"],"picked":"Devotion","floor":28},{"not_picked":["BowlingBash","Sanctity"],"picked":"BattleHymn+1","floor":30},{"not_picked":["Establishment","EmptyBody"],"picked":"Fasting2","floor":31},{"not_picked":["Blasphemy","Wish"],"picked":"DevaForm","floor":33},{"not_picked":["Adaptation+1","ThirdEye+1","Consecrate+1"],"picked":"SKIP","floor":35},{"not_picked":["Adaptation+1","ThirdEye+1","Consecrate+1"],"picked":"SKIP","floor":35},{"not_picked":["CarveReality","Evaluate+1","Weave+1"],"picked":"SKIP","floor":36},{"not_picked":["Replay:BluntJabs","MarkedMod:FirstStrike+1","PathToVictory"],"picked":"SKIP","floor":41},{"not_picked":["Halt+1","ThirdEye"],"picked":"Fasting2","floor":44},{"not_picked":["Replay:BluntJabs+1","SashWhip+1","ClearTheMind"],"picked":"SKIP","floor":46},{"not_picked":["EmptyBody","MarkedMod:FirstStrike","CutThroughFate+1"],"picked":"SKIP","floor":47},{"not_picked":["Nirvana+1","Replay:Battleflow","Replay:Hum+1"],"picked":"SKIP","floor":48},{"not_picked":["WindmillStrike+1","Evaluate+1","Replay:Vibes"],"picked":"SKIP","floor":54}],"player_experience":133584,"relics_obtained":[{"floor":6,"key":"PreservedInsect"},{"floor":8,"key":"Mercury Hourglass"},{"floor":9,"key":"Ornamental Fan"},{"floor":10,"key":"Replay:Bottled Eggs"},{"floor":26,"key":"Replay:Bottled Flurry"},{"floor":28,"key":"Damaru"},{"floor":40,"key":"Blood Vial"},{"floor":41,"key":"Regal Pillow"},{"floor":42,"key":"ReplayTheSpireMod:Lightbulb"},{"floor":44,"key":"Peace Pipe"},{"floor":46,"key":"FossilizedHelix"},{"floor":54,"key":"ReplayTheSpireMod:TigerMarble"}],"event_choices":[{"damage_healed":0,"gold_gain":0,"player_choice":"Rummage","damage_taken":0,"relics_obtained":["WarpedTongs"],"max_hp_gain":0,"max_hp_loss":0,"event_name":"Accursed Blacksmith","floor":4,"gold_loss":0,"cards_obtained":["Pain"]},{"damage_healed":0,"gold_gain":0,"player_choice":"Got Potions","damage_taken":0,"max_hp_gain":0,"max_hp_loss":0,"event_name":"Lab","floor":12,"gold_loss":0},{"damage_healed":0,"gold_gain":0,"player_choice":"Shed Blood","damage_taken":18,"max_hp_gain":5,"max_hp_loss":0,"event_name":"Forgotten Altar","floor":19,"gold_loss":0},{"cards_removed":["Defend_P"],"damage_healed":0,"gold_gain":0,"player_choice":"Removed Skill","damage_taken":0,"max_hp_gain":0,"max_hp_loss":0,"event_name":"Falling","floor":37,"gold_loss":0},{"damage_healed":0,"gold_gain":0,"player_choice":"Fight","damage_taken":0,"max_hp_gain":0,"max_hp_loss":0,"event_name":"Mysterious Sphere","floor":44,"gold_loss":0}],"is_beta":false,"boss_relics":[{"not_picked":["VioletLotus","HolyWater"],"picked":"Snecko Eye"},{"not_picked":["Runic Dome","Astrolabe"],"picked":"Philosopher\u0027s Stone"}],"items_purged_floors":[20],"is_endless":false,"potions_floor_spawned":[1,7,10,13,24,25,41,44,46,47],"killed_by":"The Heart","ascension_level":8}}