{"host":"ocy7z4248lncoz2b","time":1608199180,"event":{"mods":["BaseMod","Beaked The Cultist","Better Match","Better Sensory Stone","Better Third Choice","BetterRewards","Colored Powertips","Conspire","Downfall","Friendly Minions","Highlight Path","Hubris","Infinite Spire","Marisa????????","Mimic Mod","Minty Spire (QoL Compilation)","READ ME - Guardian Mod","Replay The Spire","Shop Mod","Spicy Shops","Spikes Relics","StSLib","SuperFastMode","The Blue Laboratory","The Construct","The Jungle"],"gold_per_floor":[99,99,117,56,75,108,108,108,108,108],"floor_reached":9,"playtime":426,"items_purged":[],"score":59,"play_id":"8122887c-50ae-4608-9c00-0d91ca00fe1f","local_time":"20201217185940","is_ascension_mode":false,"campfire_choices":[{"data":"construct:SpinDrive","floor":1,"key":"SMITH"},{"data":"construct:PointDefense","floor":8,"key":"SMITH"}],"circlet_count":0,"master_deck":["construct:Strike_Gold","construct:Strike_Gold","construct:Strike_Gold","construct:Strike_Gold","construct:Strike_Gold","construct:Defend_Gold","construct:Defend_Gold","construct:Defend_Gold","construct:Defend_Gold","construct:Defend_Gold","construct:AttackMode","construct:DefenseMode+1","construct:SpinDrive+1","construct:Zapper","construct:LaserCore","construct:SuppressiveFire","construct:ClusterMines","construct:PointDefense+1"],"relics":["construct:ClockworkPhoenix","Replay:Multitool","hubris:TinFlute"],"acts_visited":["Exordium"],"potions_floor_usage":[6],"damage_taken":[{"damage":5,"enemies":"conspire:RoseBush","floor":3,"turns":4},{"damage":10,"enemies":"downfall:FleeingMerchant","floor":4,"turns":4},{"damage":15,"enemies":"Cultist","floor":5,"turns":4},{"damage":19,"enemies":"3 Sentries","floor":6,"turns":3},{"damage":41,"enemies":"Gremlin Nob","floor":9,"turns":5}],"seed_played":"-8337070075412221033","potions_obtained":[{"floor":3,"key":"blueLaboratory:NullPotion"}],"is_trial":false,"path_per_floor":["R","?","M","$","M","E","T","R","E"],"character_chosen":"THE_CONSTRUCT_MOD","items_purchased":["construct:SuppressiveFire"],"campfire_rested":0,"item_purchase_floors":[4],"current_hp_per_floor":[85,85,80,70,55,36,36,36,0,0],"gold":108,"neow_bonus":"ONE_RANDOM_RARE_CARD","is_daily":false,"chose_seed":false,"campfire_upgraded":2,"win_rate":0.0,"timestamp":1608199180,"path_taken":["R","?","M","$","?","E","T","R","E"],"items_purchased_type":["Card"],"build_version":"2020-12-13","purchased_purges":0,"victory":false,"max_hp_per_floor":[85,85,85,85,85,85,85,85,85,85],"card_choices":[{"not_picked":["construct:ShiftGuard","construct:Reinforce"],"picked":"construct:Zapper","floor":3},{"not_picked":["construct:FlakBarrage","construct:Bunker"],"picked":"construct:LaserCore","floor":4},{"not_picked":["construct:Backfire","construct:Analyze"],"picked":"construct:ClusterMines","floor":5},{"not_picked":["construct:Reinforce","construct:BlazingSpeed"],"picked":"construct:PointDefense","floor":6}],"player_experience":222429,"relics_obtained":[{"floor":6,"key":"Replay:Multitool"},{"floor":7,"key":"hubris:TinFlute"}],"event_choices":[{"damage_healed":0,"gold_gain":0,"player_choice":"Upgraded","damage_taken":0,"max_hp_gain":0,"max_hp_loss":0,"event_name":"Upgrade Shrine","floor":2,"gold_loss":0,"cards_upgraded":["construct:DefenseMode"]}],"is_beta":false,"boss_relics":[],"items_purged_floors":[],"is_endless":false,"potions_floor_spawned":[3],"killed_by":"Gremlin Nob","ascension_level":0}}