{"host":"qyjrmrr57odine7m","time":1608218400,"event":{"mods":["AchievementEnabler","BaseMod","Bestiary","Block Reminder","Card Forge","Highlight Path","Minty Spire (QoL Compilation)","Permanent Neow","StSLib"],"gold_per_floor":[114,114,124,138,153,188,200,217,217,252,252,280,298,317,317,420,420,436,446,460,480,496,530,407,407,407,420,420,335,363,396,396,499,499,513,523,64,83,94,127,146,173,173,173,173,191,221,231,231,231],"floor_reached":51,"playtime":2876,"items_purged":[],"score":1007,"play_id":"a434abda-fcfd-44f1-9fb1-90ca81dd3ccc","local_time":"20201217152000","is_ascension_mode":false,"campfire_choices":[{"floor":15,"key":"REST"},{"floor":28,"key":"REST"},{"floor":32,"key":"REST"},{"floor":44,"key":"REST"},{"floor":49,"key":"REST"}],"circlet_count":0,"master_deck":["Defend_R+1","Bash+1","Intimidate+1","Combust+1","Metallicize+1","Cleave+1","Whirlwind+1","Sword Boomerang+1","Thunderclap+1","Cleave+1","Metallicize+1","Shrug It Off+1","Demon Form+1","Shrug It Off+1","Flame Barrier+1"],"relics":["Burning Blood","Hammer of Thor","Seething Fire","Anvil of the Gods","Orichalcum","Bronze Scales","Pear","Mercury Hourglass","Peace Pipe","Velvet Choker","Matryoshka","HornCleat","Bottled Lightning","Omamori","Ornamental Fan","Blood Vial","Red Mask","Cursed Key","FossilizedHelix","HandDrill","The Courier","Ice Cream","Shuriken","StrikeDummy","Self Forming Clay"],"acts_visited":["Exordium","TheCity","TheBeyond"],"potions_floor_usage":[6,12,16,23,31,33,33,41,41,48,50],"damage_taken":[{"damage":0,"enemies":"2 Louse","floor":1,"turns":3},{"damage":0,"enemies":"Cultist","floor":3,"turns":3},{"damage":0,"enemies":"Small Slimes","floor":4,"turns":2},{"damage":0,"enemies":"Looter","floor":5,"turns":4},{"damage":7,"enemies":"3 Sentries","floor":6,"turns":5},{"damage":6,"enemies":"Large Slime","floor":7,"turns":5},{"damage":2,"enemies":"Red Slaver","floor":8,"turns":3},{"damage":2,"enemies":"Gremlin Nob","floor":10,"turns":3},{"damage":3,"enemies":"3 Sentries","floor":12,"turns":4},{"damage":0,"enemies":"2 Fungi Beasts","floor":13,"turns":2},{"damage":2,"enemies":"Exordium Wildlife","floor":14,"turns":2},{"damage":3,"enemies":"Slime Boss","floor":16,"turns":6},{"damage":0,"enemies":"Shell Parasite","floor":18,"turns":3},{"damage":2,"enemies":"Spheric Guardian","floor":19,"turns":3},{"damage":15,"enemies":"Shelled Parasite and Fungi","floor":20,"turns":4},{"damage":17,"enemies":"Snecko","floor":21,"turns":4},{"damage":0,"enemies":"Chosen and Byrds","floor":22,"turns":4},{"damage":1,"enemies":"Slavers","floor":23,"turns":2},{"damage":0,"enemies":"Centurion and Healer","floor":27,"turns":4},{"damage":0,"enemies":"Gremlin Leader","floor":30,"turns":5},{"damage":1,"enemies":"Masked Bandits","floor":31,"turns":2},{"damage":14,"enemies":"Champ","floor":33,"turns":10},{"damage":0,"enemies":"Orb Walker","floor":35,"turns":3},{"damage":0,"enemies":"3 Darklings","floor":36,"turns":4},{"damage":0,"enemies":"Writhing Mass","floor":38,"turns":7},{"damage":0,"enemies":"Maw","floor":39,"turns":6},{"damage":0,"enemies":"Reptomancer","floor":40,"turns":6},{"damage":0,"enemies":"3 Darklings","floor":41,"turns":2},{"damage":4,"enemies":"Giant Head","floor":42,"turns":7},{"damage":9,"enemies":"4 Shapes","floor":46,"turns":4},{"damage":0,"enemies":"Nemesis","floor":47,"turns":5},{"damage":0,"enemies":"Sphere and 2 Shapes","floor":48,"turns":3},{"damage":20,"enemies":"Time Eater","floor":50,"turns":8}],"seed_played":"-4915051911749731853","potions_obtained":[{"floor":1,"key":"ColorlessPotion"},{"floor":3,"key":"DuplicationPotion"},{"floor":8,"key":"FearPotion"},{"floor":10,"key":"GamblersBrew"},{"floor":11,"key":"Block Potion"},{"floor":11,"key":"Block Potion"},{"floor":13,"key":"FairyPotion"},{"floor":14,"key":"Explosive Potion"},{"floor":20,"key":"SpeedPotion"},{"floor":23,"key":"SteroidPotion"},{"floor":30,"key":"DistilledChaos"},{"floor":33,"key":"Explosive Potion"},{"floor":35,"key":"LiquidBronze"},{"floor":39,"key":"ColorlessPotion"},{"floor":41,"key":"Fire Potion"},{"floor":48,"key":"SpeedPotion"}],"is_trial":false,"path_per_floor":["M","?","M","M","M","E","M","M","T","E","?","E","M","M","R","B",null,"M","M","M","M","M","E","$","?","T","M","R","?","E","?","R","B",null,"M","M","$","M","M","E","M","E","T","R","?","M","E","M","R","B",null],"character_chosen":"IRONCLAD","items_purchased":["Metallicize","Shrug It Off","FossilizedHelix","HandDrill"],"campfire_rested":5,"item_purchase_floors":[24,24,37,37],"current_hp_per_floor":[80,80,80,80,80,79,79,80,90,90,90,90,90,90,90,90,90,90,90,81,70,76,81,81,81,81,87,90,90,90,90,90,82,90,90,90,90,90,90,90,90,90,90,90,90,87,90,90,90,76],"gold":231,"neow_bonus":"RANDOM_COMMON_RELIC","is_daily":false,"chose_seed":false,"campfire_upgraded":0,"win_rate":0.0,"timestamp":1608218400,"path_taken":["M","?","M","M","M","E","M","M","T","E","?","E","M","M","R","BOSS","M","M","M","M","M","E","$","?","T","M","R","?","E","?","R","BOSS","M","M","$","M","M","E","M","E","T","R","?","M","E","?","R","BOSS"],"items_purchased_type":["Card","Card","Relic","Relic"],"build_version":"2020-12-13","purchased_purges":0,"victory":true,"max_hp_per_floor":[80,80,80,80,80,80,80,80,90,90,90,90,90,90,90,90,90,90,90,90,90,90,90,90,90,90,90,90,90,90,90,90,90,90,90,90,90,90,90,90,90,90,90,90,90,90,90,90,90,90],"card_choices":[{"not_picked":["Flex","Iron Wave"],"picked":"Intimidate","floor":1},{"not_picked":["Pommel Strike","Warcry","Heavy Blade"],"picked":"SKIP","floor":3},{"not_picked":["Warcry","Perfected Strike","Seeing Red"],"picked":"SKIP","floor":4},{"not_picked":["Hemokinesis","Anger"],"picked":"Combust","floor":5},{"not_picked":["Impervious","Disarm"],"picked":"Uppercut","floor":6},{"not_picked":["Flex","Battle Trance"],"picked":"Metallicize","floor":7},{"not_picked":["Iron Wave","Clothesline"],"picked":"Cleave","floor":8},{"not_picked":["Headbutt","Dual Wield"],"picked":"Juggernaut","floor":10},{"not_picked":["Flex","Havoc"],"picked":"Inflame","floor":12},{"not_picked":["Sentinel","Searing Blow"],"picked":"Whirlwind","floor":13},{"not_picked":["Anger","Warcry","Wild Strike"],"picked":"SKIP","floor":14},{"not_picked":["Warcry+1","Thunderclap"],"picked":"Sword Boomerang","floor":18},{"not_picked":["Anger","Clash"],"picked":"Thunderclap","floor":19},{"not_picked":["Intimidate+1","Sever Soul"],"picked":"Cleave","floor":20},{"not_picked":["Spot Weakness","Sword Boomerang","Intimidate"],"picked":"SKIP","floor":21},{"not_picked":["Wild Strike+1","Pommel Strike","Offering"],"picked":"SKIP","floor":22},{"not_picked":["Shockwave","Cleave","Anger"],"picked":"SKIP","floor":23},{"not_picked":["Anger+1","Burning Pact","Wild Strike"],"picked":"SKIP","floor":27},{"not_picked":["Warcry","Dropkick","Havoc"],"picked":"SKIP","floor":30},{"not_picked":["Feed","Double Tap"],"picked":"Demon Form","floor":33},{"not_picked":["Clash+1","Twin Strike"],"picked":"Rampage","floor":35},{"not_picked":["True Grit","Pommel Strike"],"picked":"Shrug It Off","floor":36},{"not_picked":["Armaments","Warcry","Spot Weakness"],"picked":"SKIP","floor":38},{"not_picked":["Twin Strike","Wild Strike+1","Havoc"],"picked":"SKIP","floor":39},{"not_picked":["Reaper","Body Slam+1","True Grit+1"],"picked":"SKIP","floor":40},{"not_picked":["Inflame","Anger","Shockwave"],"picked":"SKIP","floor":41},{"not_picked":["Warcry+1","Pommel Strike+1","Iron Wave+1"],"picked":"SKIP","floor":42},{"not_picked":["Perfected Strike","Wild Strike","Whirlwind+1"],"picked":"SKIP","floor":46},{"not_picked":["Combust+1","Limit Break"],"picked":"Flame Barrier","floor":47},{"not_picked":["Entrench+1","Blood for Blood","Twin Strike+1"],"picked":"SKIP","floor":48}],"player_experience":1173152,"relics_obtained":[{"floor":6,"key":"Bronze Scales"},{"floor":9,"key":"Pear"},{"floor":10,"key":"Mercury Hourglass"},{"floor":12,"key":"Peace Pipe"},{"floor":23,"key":"Matryoshka"},{"floor":26,"key":"Bottled Lightning"},{"floor":26,"key":"Omamori"},{"floor":30,"key":"Blood Vial"},{"floor":31,"key":"Red Mask"},{"floor":40,"key":"The Courier"},{"floor":42,"key":"Ice Cream"},{"floor":43,"key":"Shuriken"},{"floor":43,"key":"StrikeDummy"},{"floor":47,"key":"Self Forming Clay"}],"event_choices":[{"cards_removed":["Intimidate"],"damage_healed":0,"gold_gain":0,"player_choice":"Forget","damage_taken":0,"max_hp_gain":0,"max_hp_loss":0,"event_name":"Living Wall","floor":2,"gold_loss":0},{"damage_healed":0,"gold_gain":0,"player_choice":"Got Potions","damage_taken":0,"max_hp_gain":0,"max_hp_loss":0,"event_name":"Lab","floor":11,"gold_loss":0},{"damage_healed":0,"gold_gain":0,"player_choice":"Opened","damage_taken":0,"relics_obtained":["HornCleat"],"max_hp_gain":0,"max_hp_loss":0,"event_name":"The Mausoleum","floor":25,"gold_loss":0},{"damage_healed":0,"gold_gain":0,"player_choice":"Obtained Relic","damage_taken":0,"relics_obtained":["Ornamental Fan"],"max_hp_gain":0,"max_hp_loss":0,"event_name":"Addict","floor":29,"gold_loss":85},{"damage_healed":0,"gold_gain":0,"player_choice":"Fought Bandits","damage_taken":0,"max_hp_gain":0,"max_hp_loss":0,"event_name":"Masked Bandits","floor":31,"gold_loss":0},{"damage_healed":0,"gold_gain":0,"player_choice":"0 cards matched","damage_taken":0,"max_hp_gain":0,"max_hp_loss":0,"event_name":"Match and Keep!","floor":45,"gold_loss":0,"cards_obtained":[]}],"is_beta":false,"boss_relics":[{"not_picked":["Black Star","SlaversCollar"],"picked":"Velvet Choker"},{"not_picked":["Pandora\u0027s Box","Snecko Eye"],"picked":"Cursed Key"}],"items_purged_floors":[],"is_endless":false,"potions_floor_spawned":[1,3,8,10,13,14,20,22,23,30,33,35,39,41,48],"ascension_level":0}}