{"host":"k88fqnqg39joo1wf","time":1608181859,"event":{"mods":["Act Like it!","BaseMod","Colored Powertips","Highlight Path","Hubris","Infinite Spire","Jorbs\u0027s Wanderer Trilogy","Mimic Mod","Minty Spire (QoL Compilation)","Pale of the Ancients","StSLib","Wandering Minibosses"],"gold_per_floor":[12,27,27,38,38,38,73,73,73,93,107,427,477,501,501,602,602,1349,814,833,853,853,886,886,921,921,921,932,961,995,1007,1007,1112,1112,1130,1130,701,718,718,718,754,754,754,830,909,678,698,717,717,717,743,756,684,410,410,427,427,149,149,149],"floor_reached":61,"playtime":3944,"items_purged":["stsjorbsmod:Strike_Wanderer"],"score":1667,"play_id":"f5952fee-e632-4b58-846c-142076a7ed3d","local_time":"20201216231059","is_ascension_mode":true,"campfire_choices":[{"data":"infinitespire:NeuralNetwork","floor":6,"key":"SMITH"},{"floor":8,"key":"REST"},{"data":"stsjorbsmod:Pyromancy","floor":15,"key":"SMITH"},{"data":"stsjorbsmod:Fireball","floor":27,"key":"SMITH"},{"data":"stsjorbsmod:Inferno","floor":32,"key":"SMITH"},{"floor":40,"key":"REST"},{"floor":42,"key":"RECALL"},{"data":"stsjorbsmod:Pyromancy","floor":49,"key":"SMITH"},{"data":"stsjorbsmod:ScorchingRay","floor":55,"key":"SMITH"},{"floor":57,"key":"REST"}],"circlet_count":0,"master_deck":["stsjorbsmod:ForbiddenGrimoire+1","stsjorbsmod:Strike_Wanderer","stsjorbsmod:Strike_Wanderer","stsjorbsmod:Defend_Wanderer","stsjorbsmod:Defend_Wanderer","stsjorbsmod:Defend_Wanderer","stsjorbsmod:Defend_Wanderer","stsjorbsmod:FreshAdventure","stsjorbsmod:EyeOfTheStorm","stsjorbsmod:MageArmor","stsjorbsmod:MagicMirror+1","infinitespire:NeuralNetwork+1","stsjorbsmod:FlameWard","stsjorbsmod:BlackTentacles","stsjorbsmod:ScorchingRay+1","stsjorbsmod:Pyromancy+1","stsjorbsmod:Inferno+1","stsjorbsmod:Fireball+1","stsjorbsmod:BurningFlask","stsjorbsmod:Counterspell+1","stsjorbsmod:MageArmor+1","stsjorbsmod:Channel","stsjorbsmod:FracturedMind","stsjorbsmod:BookOfTongues+1","stsjorbsmod:DisguiseSelf+1","stsjorbsmod:BurningFlask","stsjorbsmod:Pyromancy+1","stsjorbsmod:BurningFlask+1","stsjorbsmod:Feast+1","stsjorbsmod:BurningFlask+1","stsjorbsmod:DisguiseSelf+1","hubris:Insight+1","stsjorbsmod:DisguiseSelf+1"],"relics":["stsjorbsmod:GrimoireRelic","hubris:GlazedTorus","Gremlin Horn","infinitespire:WardingShard","Omamori","Old Coin","CaptainsWheel","infinitespire:Cupcake","wanderingMiniBosses:MasterThiefsPresence","Blood Vial","hubris:PeanutButter","Mango","hubris:Icosahedron","Mummified Hand","hubris:SlimyHat","Happy Flower","SacredBark","CeramicFish","Membership Card","Toxic Egg 2","Molten Egg 2","hubris:MobiusCoin","Pen Nib","hubris:MysteriousPyramids","paleoftheancients:Timepiece","paleoftheancients:KeyRelic","Bronze Scales","CultistMask","paleoftheancients:SoulOfTheWokeBloke","Art of War","Incense Burner","Akabeko","Strawberry","Kunai","Chemical X"],"acts_visited":["Exordium","TheCity","TheBeyond","paleoftheancients:PaleOfTheAncients"],"potions_floor_usage":[29,56],"damage_taken":[{"damage":6,"enemies":"2 Louse","floor":1,"turns":3},{"damage":10,"enemies":"Jaw Worm","floor":2,"turns":4},{"damage":1,"enemies":"Cultist","floor":4,"turns":4},{"damage":10,"enemies":"Lagavulin","floor":7,"turns":6},{"damage":2,"enemies":"Exordium Thugs","floor":10,"turns":9},{"damage":1,"enemies":"Exordium Thugs","floor":11,"turns":4},{"damage":2,"enemies":"3 Sentries","floor":12,"turns":6},{"damage":0,"enemies":"Gremlin Gang","floor":13,"turns":3},{"damage":13,"enemies":"Lagavulin","floor":14,"turns":5},{"damage":28,"enemies":"The Guardian","floor":16,"turns":7},{"damage":11,"enemies":"Spheric Guardian","floor":18,"turns":5},{"damage":0,"enemies":"Chosen","floor":20,"turns":4},{"damage":0,"enemies":"Centurion and Healer","floor":21,"turns":4},{"damage":4,"enemies":"Book of Stabbing","floor":23,"turns":5},{"damage":0,"enemies":"Gremlin Leader","floor":25,"turns":4},{"damage":7,"enemies":"Shelled Parasite and Fungi","floor":28,"turns":3},{"damage":24,"enemies":"Slavers","floor":29,"turns":2},{"damage":0,"enemies":"Snecko","floor":30,"turns":3},{"damage":0,"enemies":"Snecko","floor":31,"turns":4},{"damage":1,"enemies":"Automaton","floor":33,"turns":5},{"damage":38,"enemies":"3 Darklings","floor":35,"turns":3},{"damage":0,"enemies":"Orb Walker","floor":38,"turns":3},{"damage":0,"enemies":"Giant Head","floor":41,"turns":5},{"damage":0,"enemies":"Jaw Worm Horde","floor":44,"turns":3},{"damage":0,"enemies":"Spire Growth","floor":45,"turns":3},{"damage":0,"enemies":"Maw","floor":47,"turns":3},{"damage":0,"enemies":"Jaw Worm Horde","floor":48,"turns":4},{"damage":33,"enemies":"infinitespire:MassOfShapes","floor":50,"turns":6},{"damage":51,"enemies":"infinitespire:MassOfShapes","floor":51,"turns":8},{"damage":0,"enemies":"infinitespire:MassOfShapes","floor":52,"turns":5},{"damage":59,"enemies":"infinitespire:MassOfShapes","floor":56,"turns":9},{"damage":0,"enemies":"paleoftheancients:N","floor":60,"turns":5}],"seed_played":"1768226694768331222","potions_obtained":[{"floor":4,"key":"Fire Potion"},{"floor":11,"key":"GamblersBrew"},{"floor":16,"key":"Explosive Potion"},{"floor":31,"key":"FearPotion"},{"floor":47,"key":"DuplicationPotion"}],"is_trial":false,"path_per_floor":["M","M","?","M","?","R","E","R","T","MIM","M","E","M","E","R","B",null,"M","$","M","M","?","E","?","E","T","R","M","E","MIM","M","R","B",null,"M","?","$","M","?","R","E","R","T","M","M","$","M","M","R","B","M","M","?","$","R","M","R","$","?","B",null],"character_chosen":"WANDERER","items_purchased":["Blood Vial","hubris:PeanutButter","stsjorbsmod:BurningFlask","CeramicFish","Membership Card","Toxic Egg 2","stsjorbsmod:BurningFlask+1","Pen Nib","hubris:MysteriousPyramids","hubris:Insight+1","Incense Burner","Akabeko","EntropicBrew","Strawberry","Kunai","Chemical X"],"campfire_rested":3,"item_purchase_floors":[19,19,19,37,37,37,37,46,46,46,54,54,54,58,58,58],"current_hp_per_floor":[63,55,55,55,37,37,30,50,50,48,48,48,50,38,38,10,68,58,58,61,63,63,76,76,79,79,79,75,53,56,59,59,61,82,44,44,44,47,47,71,74,74,74,76,79,79,82,86,86,86,61,76,76,76,76,56,82,89,89,94],"gold":149,"neow_bonus":"ONE_RARE_RELIC","is_daily":false,"chose_seed":false,"campfire_upgraded":6,"win_rate":0.0,"timestamp":1608181859,"path_taken":["M","M","?","M","?","R","E","R","T","?","M","E","?","E","R","BOSS","M","$","?","M","?","E","?","E","T","R","M","E","?","?","R","BOSS","M","?","$","M","?","R","E","R","T","M","M","$","M","?","R","BOSS","M","M","?","$","R","M","R","$","?","BOSS"],"items_purchased_type":["Relic","Relic","Card","Relic","Relic","Relic","Card","Relic","Relic","Card","Relic","Relic","Potion","Relic","Relic","Relic"],"build_version":"2020-12-13","purchased_purges":1,"victory":true,"max_hp_per_floor":[68,68,68,68,68,68,68,68,68,68,68,68,68,68,68,68,68,68,68,68,68,68,82,82,82,82,82,82,82,82,82,82,82,82,82,82,82,82,82,82,82,82,82,82,82,82,82,86,86,86,86,86,86,86,86,88,88,95,95,95],"card_choices":[{"not_picked":["stsjorbsmod:Hurt","stsjorbsmod:WanderingMind"],"picked":"stsjorbsmod:MageArmor","floor":1},{"not_picked":["stsjorbsmod:ChatteringStrike","stsjorbsmod:SmithingStrike"],"picked":"stsjorbsmod:MagicMirror","floor":2},{"not_picked":["stsjorbsmod:MagicMirror","stsjorbsmod:Hibernate","stsjorbsmod:MagicMissiles"],"picked":"SKIP","floor":4},{"not_picked":["infinitespire:Collect","hubris:Rewind"],"picked":"infinitespire:NeuralNetwork","floor":5},{"not_picked":["stsjorbsmod:Banish","stsjorbsmod:Prestidigitation"],"picked":"stsjorbsmod:FlameWard","floor":7},{"not_picked":["stsjorbsmod:DoubleCheck","stsjorbsmod:ArcaneWeapon"],"picked":"stsjorbsmod:BlackTentacles","floor":10},{"not_picked":["stsjorbsmod:MistyStep","stsjorbsmod:Patron"],"picked":"stsjorbsmod:ScorchingRay","floor":11},{"not_picked":["stsjorbsmod:Thorns","stsjorbsmod:Stalwart"],"picked":"stsjorbsmod:Pyromancy","floor":12},{"not_picked":["stsjorbsmod:Materialize","stsjorbsmod:WeightOfMemory"],"picked":"stsjorbsmod:Inferno","floor":13},{"not_picked":["stsjorbsmod:DoubleCheck","stsjorbsmod:TrueStrike","stsjorbsmod:ChatteringStrike"],"picked":"SKIP","floor":14},{"not_picked":["stsjorbsmod:Banish","stsjorbsmod:ThirstingSword"],"picked":"stsjorbsmod:Fireball","floor":16},{"not_picked":["stsjorbsmod:Firebolt","stsjorbsmod:Hibernate","stsjorbsmod:DisguiseSelf"],"picked":"SKIP","floor":18},{"not_picked":["stsjorbsmod:Patron","stsjorbsmod:WeightOfMemory"],"picked":"stsjorbsmod:Counterspell+1","floor":20},{"not_picked":["stsjorbsmod:Firebolt","stsjorbsmod:ScorchingRay"],"picked":"stsjorbsmod:MageArmor+1","floor":21},{"not_picked":["stsjorbsmod:CorrodingBarrier","stsjorbsmod:Introspection"],"picked":"stsjorbsmod:Channel","floor":23},{"not_picked":["stsjorbsmod:MagicMirror+1","stsjorbsmod:Firebolt"],"picked":"stsjorbsmod:FracturedMind","floor":25},{"not_picked":["stsjorbsmod:WanderingMind+1","stsjorbsmod:Will+1"],"picked":"stsjorbsmod:BookOfTongues+1","floor":28},{"not_picked":["stsjorbsmod:Materialize","stsjorbsmod:Message"],"picked":"stsjorbsmod:DisguiseSelf+1","floor":29},{"not_picked":["stsjorbsmod:Mending","stsjorbsmod:Introspection"],"picked":"stsjorbsmod:BurningFlask","floor":30},{"not_picked":["stsjorbsmod:Prepare","stsjorbsmod:Hurt+1","stsjorbsmod:WanderingMind"],"picked":"SKIP","floor":31},{"not_picked":["stsjorbsmod:ThirstingSword","stsjorbsmod:Withdraw"],"picked":"stsjorbsmod:Pyromancy","floor":33},{"not_picked":["stsjorbsmod:MagicMissiles","stsjorbsmod:DoubleCheck+1","stsjorbsmod:ParryingBlow+1"],"picked":"SKIP","floor":35},{"not_picked":["stsjorbsmod:Prepare+1","stsjorbsmod:MagicMissiles","stsjorbsmod:ArcaneWeapon"],"picked":"SKIP","floor":38},{"not_picked":["stsjorbsmod:ParryingBlow+1","stsjorbsmod:SmithingStrike+1","stsjorbsmod:Feast+1"],"picked":"SKIP","floor":41},{"not_picked":["stsjorbsmod:ParryingBlow+1","stsjorbsmod:SmithingStrike+1"],"picked":"stsjorbsmod:Feast+1","floor":41},{"not_picked":["stsjorbsmod:Hibernate+1","stsjorbsmod:ChatteringStrike+1"],"picked":"stsjorbsmod:BurningFlask+1","floor":44},{"not_picked":["stsjorbsmod:Hibernate+1","stsjorbsmod:WeightOfMemory+1"],"picked":"stsjorbsmod:DisguiseSelf+1","floor":45},{"not_picked":["stsjorbsmod:Mending+1","stsjorbsmod:WeightOfMemory+1","stsjorbsmod:Stalwart+1"],"picked":"SKIP","floor":47},{"not_picked":["stsjorbsmod:RayOfFrost+1","stsjorbsmod:Will+1","stsjorbsmod:ParryingBlow+1"],"picked":"SKIP","floor":48},{"not_picked":["stsjorbsmod:SchoolsOfMagic+1","stsjorbsmod:UnseenServant+1"],"picked":"stsjorbsmod:DisguiseSelf+1","floor":51},{"not_picked":["stsjorbsmod:Aid+1","stsjorbsmod:ChainLightning+1","stsjorbsmod:Thorns+1"],"picked":"SKIP","floor":52},{"not_picked":["stsjorbsmod:RefuseToForget+1","stsjorbsmod:Materialize+1","stsjorbsmod:HedgeWizard+1"],"picked":"SKIP","floor":56}],"player_experience":200057,"relics_obtained":[{"floor":7,"key":"Gremlin Horn"},{"floor":9,"key":"infinitespire:WardingShard"},{"floor":10,"key":"Omamori"},{"floor":12,"key":"Old Coin"},{"floor":14,"key":"CaptainsWheel"},{"floor":18,"key":"wanderingMiniBosses:MasterThiefsPresence"},{"floor":23,"key":"Mango"},{"floor":25,"key":"Mummified Hand"},{"floor":26,"key":"hubris:SlimyHat"},{"floor":29,"key":"Happy Flower"},{"floor":41,"key":"Molten Egg 2"},{"floor":43,"key":"hubris:MobiusCoin"},{"floor":51,"key":"paleoftheancients:SoulOfTheWokeBloke"}],"event_choices":[{"damage_healed":0,"gold_gain":0,"player_choice":"Grow","damage_taken":0,"max_hp_gain":0,"max_hp_loss":0,"event_name":"Living Wall","floor":3,"gold_loss":0,"cards_upgraded":["stsjorbsmod:MagicMirror"]},{"cards_removed":["stsjorbsmod:Strike_Wanderer"],"damage_healed":0,"gold_gain":0,"player_choice":"Removed Attack","damage_taken":0,"max_hp_gain":0,"max_hp_loss":0,"event_name":"Falling","floor":36,"gold_loss":0},{"damage_healed":0,"gold_gain":0,"player_choice":"Bought 0 Potions","damage_taken":0,"max_hp_gain":0,"max_hp_loss":0,"event_name":"The Woman in Blue","floor":39,"gold_loss":0},{"damage_healed":0,"gold_gain":0,"player_choice":"Paid Gold","damage_taken":0,"relics_obtained":["Art of War"],"max_hp_gain":0,"max_hp_loss":0,"event_name":"WeMeetAgain","floor":53,"gold_loss":72}],"is_beta":false,"boss_relics":[{"not_picked":["Sozu","Runic Pyramid"],"picked":"infinitespire:Cupcake"},{"not_picked":["Philosopher\u0027s Stone","hubris:GrandSneckoEye"],"picked":"SacredBark"}],"items_purged_floors":[19],"is_endless":false,"potions_floor_spawned":[4,11,16,23,25,28,31,44,47,48,51,52,60],"ascension_level":2}}