{"host":"wpobqx0jtxs252ev","time":1608176245,"event":{"mods":["AchievementEnabler","Act Like it!","BaseMod","Better Note","Better Sensory Stone","Better Skull","Better Third Choice","Colored Powertips","Downfall","Gensokyo","Hermit","Highlight Path","Infinite Spire","Koishi","Marisa????????","Mimic Mod","Minty Spire (QoL Compilation)","Relic Stats","Replay The Spire","Shade Mod","StSLib","The Construct","The Disciple","The Hierophant","The Jungle","The Mystic","The Runesmith"],"gold_per_floor":[99,124,124,124,183,108,108,33,48,82,98,98,120,146,176,286,286,286,317,341,384,409,409,409,80,119,119,119,119,119,150,177,193,193],"floor_reached":33,"playtime":8548,"items_purged":["Regret"],"score":320,"play_id":"c2a49e4b-f2fc-4de6-a8b4-58e87f766f7e","local_time":"20201217003725","is_ascension_mode":false,"campfire_choices":[{"floor":1,"key":"RECALL"},{"data":"Guardian:BaubleBeam","floor":3,"key":"SMITH"},{"data":"Guardian:TwinSlam","floor":6,"key":"SMITH"},{"data":"Guardian:Strike_Guardian","floor":8,"key":"SMITH"},{"data":"Guardian:Suspension","floor":18,"key":"SMITH"},{"floor":23,"key":"REST"},{"floor":27,"key":"REST"}],"circlet_count":0,"master_deck":["Guardian:Strike_Guardian","Guardian:Strike_Guardian","Guardian:Strike_Guardian","Guardian:Strike_Guardian","Guardian:Defend_Guardian","Guardian:Defend_Guardian","Guardian:Defend_Guardian","Guardian:Defend_Guardian","Guardian:CurlUp","Guardian:TwinSlam+1","Guardian:BaubleBeam+1","Guardian:EvasiveProtocol+1","Guardian:Repulse","Guardian:TimeSifter","Guardian:Suspension+1","Guardian:Preprogram+1","Guardian:TimeCapacitor","Guardian:ExploitGems","Guardian:Suspension","Guardian:DonusPower"],"relics":["Guardian:ModeShifter","downfall:HeartsMalice","Simple Rune","Blue Doll","downfall:HeartBlessingRed","downfall:HeartBlessingBlue","Replay:Bandana","Painkiller Herb","Vajra","War Paint","Replay:Bottled Eggs","Art of War","MutagenicStrength"],"acts_visited":["Exordium","TheCity"],"potions_floor_usage":[10,10,16,22,31,32],"damage_taken":[{"damage":0,"enemies":"3 Sentries","floor":2,"turns":1},{"damage":0,"enemies":"infinitespire:Voidling","floor":4,"turns":1},{"damage":0,"enemies":"Gremlin Nob","floor":5,"turns":1},{"damage":0,"enemies":"Small Slimes","floor":9,"turns":2},{"damage":13,"enemies":"Replay:BlueRogue","floor":10,"turns":4},{"damage":0,"enemies":"2 Louse","floor":11,"turns":1},{"damage":5,"enemies":"Exordium Thugs","floor":13,"turns":3},{"damage":8,"enemies":"Large Slime","floor":14,"turns":6},{"damage":6,"enemies":"Exordium Wildlife","floor":15,"turns":3},{"damage":29,"enemies":"downfall:Silent","floor":16,"turns":13},{"damage":8,"enemies":"3 Byrds","floor":19,"turns":4},{"damage":14,"enemies":"Shell Parasite","floor":20,"turns":6},{"damage":29,"enemies":"Nightmare","floor":21,"turns":10},{"damage":22,"enemies":"Snecko","floor":22,"turns":5},{"damage":1,"enemies":"downfall:FleeingMerchant","floor":25,"turns":4},{"damage":37,"enemies":"Replay:Snechameleon","floor":26,"turns":8},{"damage":5,"enemies":"Centurion and Healer","floor":31,"turns":4},{"damage":12,"enemies":"Cultist and Chosen","floor":32,"turns":4},{"damage":32,"enemies":"downfall:Watcher","floor":33,"turns":8}],"seed_played":"-7616080948026813056","potions_obtained":[{"floor":2,"key":"AttackPotion"},{"floor":5,"key":"Strength Potion"},{"floor":9,"key":"Elixir"},{"floor":10,"key":"FearPotion"},{"floor":19,"key":"Adrenaline Potion"},{"floor":26,"key":"Explosive Potion"},{"floor":31,"key":"Death Potion"}],"is_trial":false,"path_per_floor":["R","E","R","M","?","R","T","R","M","E","M","?","M","M","M","B",null,"T","?","?","NM","?","T","T","T","E","T","?","?","?","?","?","B"],"character_chosen":"GUARDIAN","items_purchased":["Replay:Bottled Eggs"],"campfire_rested":2,"item_purchase_floors":[25],"current_hp_per_floor":[80,80,80,80,80,80,80,90,90,77,77,77,72,64,58,29,90,90,82,68,39,17,44,44,43,6,33,33,33,33,28,16,0,0],"gold":193,"neow_bonus":"THREE_ENEMY_KILL","is_daily":false,"chose_seed":false,"campfire_upgraded":4,"win_rate":0.0,"timestamp":1608176245,"path_taken":["R","E","R","?","?","R","T","R","M","E","M","?","M","M","M","BOSS","T","?","?","NM","?","T","T","T","E","T","?","?","?","?","?","BOSS"],"items_purchased_type":["Relic"],"build_version":"2020-12-13","purchased_purges":1,"victory":false,"max_hp_per_floor":[80,80,80,80,80,80,80,90,90,90,90,90,90,90,90,90,90,90,90,90,90,90,90,90,90,90,90,90,90,90,90,90,90,90],"relic_stats":{"counters":[19,85],"Art of War":[0],"War Paint":["Guardian:Defend_Guardian","Guardian:Preprogram"],"obtain_stats":[{"downfall:HeartBlessingRed":6,"Guardian:ModeShifter":0,"Vajra":21,"downfall:HeartsMalice":0,"Blue Doll":5,"Painkiller Herb":17,"War Paint":24,"Replay:Bandana":10,"downfall:HeartBlessingBlue":8,"MutagenicStrength":30,"Simple Rune":2,"Art of War":26,"Replay:Bottled Eggs":25},{"downfall:HeartBlessingRed":3,"Guardian:ModeShifter":0,"Vajra":13,"downfall:HeartsMalice":0,"Blue Doll":3,"Painkiller Herb":10,"War Paint":14,"Replay:Bandana":5,"downfall:HeartBlessingBlue":3,"MutagenicStrength":16,"Simple Rune":1,"Art of War":16,"Replay:Bottled Eggs":15},{"downfall:HeartBlessingRed":0,"Guardian:ModeShifter":0,"Vajra":52,"downfall:HeartsMalice":0,"Blue Doll":0,"Painkiller Herb":32,"War Paint":57,"Replay:Bandana":6,"downfall:HeartBlessingBlue":0,"MutagenicStrength":69,"Simple Rune":0,"Art of War":69,"Replay:Bottled Eggs":61}]},"card_choices":[{"not_picked":["Guardian:CrystalBeam","Guardian:ShieldCharger"],"picked":"Guardian:BaubleBeam","floor":2},{"not_picked":["Guardian:TemporalShield","Guardian:Gem_Cyan","Guardian:VentSteam"],"picked":"SKIP","floor":4},{"not_picked":["Guardian:GuardianWhirl","Guardian:Recover"],"picked":"Guardian:EvasiveProtocol","floor":9},{"not_picked":["Guardian:PrimingBeam","Guardian:Incinerate"],"picked":"Guardian:Gem_Crimson","floor":10},{"not_picked":["Guardian:Suspension","Guardian:Gem_White"],"picked":"Guardian:Repulse","floor":11},{"not_picked":["Guardian:Clone","Guardian:PrimingBeam"],"picked":"Guardian:TimeSifter","floor":13},{"not_picked":["Guardian:GuardianWhirl","Guardian:Incinerate"],"picked":"Guardian:Suspension","floor":14},{"not_picked":["Guardian:Gem_Cyan","Guardian:Incinerate"],"picked":"Guardian:Preprogram","floor":15},{"not_picked":["Guardian:Gem_Synthetic","Guardian:StasisField"],"picked":"Guardian:Gem_Orange","floor":16},{"not_picked":["Guardian:Suspension","Guardian:Recover"],"picked":"Guardian:TimeCapacitor","floor":19},{"not_picked":["Guardian:Gem_Red","Guardian:PrismaticBarrier","Guardian:RollAttack"],"picked":"SKIP","floor":20},{"not_picked":["Guardian:MultiBeam","Guardian:BronzeOrb+1"],"picked":"Guardian:ExploitGems","floor":21},{"not_picked":["Guardian:Gem_Red","Guardian:ChargeCore"],"picked":"Guardian:Suspension","floor":22},{"not_picked":["Guardian:RollAttack","Guardian:TemporalShield"],"picked":"Guardian:Gem_Green","floor":25},{"not_picked":["Guardian:TemporalStrike+1","Guardian:HyperBeam_Guardian"],"picked":"Guardian:DonusPower","floor":26},{"not_picked":["Guardian:RollAttack","Guardian:WalkerClaw","Guardian:PrismaticBarrier"],"picked":"SKIP","floor":31},{"not_picked":["Guardian:Recover","Guardian:Suspension","Guardian:CrystalBeam"],"picked":"SKIP","floor":32}],"player_experience":205220,"relics_obtained":[{"floor":2,"key":"Simple Rune"},{"floor":5,"key":"Blue Doll"},{"floor":10,"key":"Replay:Bandana"},{"floor":21,"key":"Vajra"},{"floor":24,"key":"War Paint"},{"floor":26,"key":"Art of War"}],"event_choices":[{"cards_removed":["Guardian:ExploitGems"],"damage_healed":0,"gold_gain":0,"player_choice":"Give","damage_taken":0,"max_hp_gain":0,"max_hp_loss":0,"event_name":"betterNote:BetterNote","floor":29,"gold_loss":0,"cards_obtained":["Shade:Frenzy"]},{"damage_healed":0,"gold_gain":0,"player_choice":"Inject Mutagens","damage_taken":0,"relics_obtained":["MutagenicStrength"],"max_hp_gain":0,"max_hp_loss":0,"event_name":"Drug Dealer","floor":30,"gold_loss":0}],"is_beta":false,"boss_relics":[{"not_picked":["Sozu","Replay:Wanted Poster"],"picked":"Painkiller Herb"}],"items_purged_floors":[25],"is_endless":false,"potions_floor_spawned":[2,5,9,10,19,26,31],"killed_by":"downfall:Watcher","ascension_level":0}}