{"host":"m3herrhkesxm9ooc","time":1608225956,"event":{"mods":["BaseMod","Hermit","Minty Spire (QoL Compilation)","StSLib","The Hierophant"],"gold_per_floor":[118,134,146,111,44,44,73,73,73,73,143,153,164,177,177,253,253,280,280,291,51,51,51,51,113,113,139,65,81,81,109,109,109,109],"floor_reached":33,"playtime":1128,"items_purged":[],"score":516,"play_id":"25b7144f-06d6-4520-aff6-7e313b79f54d","local_time":"20201218022556","is_ascension_mode":true,"campfire_choices":[{"data":"hermit:HighCaliber","floor":6.0,"key":"SMITH"},{"floor":8.0,"key":"REST"},{"data":"hermit:DeadOrAlive","floor":10.0,"key":"SMITH"},{"floor":15.0,"key":"REST"},{"floor":23.0,"key":"REST"},{"floor":30,"key":"REST"},{"floor":32,"key":"REST"}],"circlet_count":0,"master_deck":["AscendersBane","hermit:Strike_Hermit","hermit:Strike_Hermit","hermit:Strike_Hermit","hermit:Strike_Hermit","hermit:Defend_Hermit","hermit:Defend_Hermit","hermit:Defend_Hermit","hermit:Defend_Hermit+1","hermit:Snapshot","hermit:Covet","hermit:Roughhouse","hermit:Feint+1","hermit:HighCaliber+1","hermit:Ricochet","hermit:Malice","hermit:DeadOrAlive+1","hermit:GhostlyPresence","hermit:CursedWeapon","hermit:TakeCover","hermit:FromBeyond","hermit:LoneWolf","hermit:Maintenance","hermit:Headshot","hermit:Determination","Decay","hermit:Coalescence","hermit:RoundhouseKick"],"relics":["hermit:Momento","Meat on the Bone","Mercury Hourglass","Singing Bowl","Philosopher\u0027s Stone","Bag of Marbles","MutagenicStrength","hermit:Horseshoe","War Paint","Orichalcum"],"acts_visited":["Exordium","TheCity"],"potions_floor_usage":[27,31,33],"damage_taken":[{"damage":0.0,"enemies":"Cultist","floor":1.0,"turns":2.0},{"damage":8.0,"enemies":"2 Louse","floor":2.0,"turns":3.0},{"damage":0.0,"enemies":"Jaw Worm","floor":3.0,"turns":3.0},{"damage":30.0,"enemies":"Lagavulin","floor":7.0,"turns":5.0},{"damage":18.0,"enemies":"Gremlin Nob","floor":11.0,"turns":3.0},{"damage":0.0,"enemies":"3 Louse","floor":12.0,"turns":2.0},{"damage":0.0,"enemies":"Looter","floor":13.0,"turns":2.0},{"damage":1.0,"enemies":"Blue Slaver","floor":14.0,"turns":3.0},{"damage":62.0,"enemies":"The Guardian","floor":16.0,"turns":10.0},{"damage":0.0,"enemies":"Spheric Guardian","floor":18.0,"turns":3.0},{"damage":2.0,"enemies":"Chosen","floor":20.0,"turns":4.0},{"damage":16.0,"enemies":"Book of Stabbing","floor":25.0,"turns":4.0},{"damage":26,"enemies":"Centurion and Healer","floor":27,"turns":4},{"damage":2,"enemies":"Sentry and Sphere","floor":29,"turns":3},{"damage":10,"enemies":"Slavers","floor":31,"turns":5},{"damage":108,"enemies":"Automaton","floor":33,"turns":12}],"seed_played":"8130355313943141611","potions_obtained":[{"floor":2.0,"key":"Fire Potion"},{"floor":12.0,"key":"SteroidPotion"},{"floor":13.0,"key":"hermit:BlackBile"},{"floor":14.0,"key":"FearPotion"},{"floor":16.0,"key":"FearPotion"},{"floor":20.0,"key":"Weak Potion"},{"floor":25.0,"key":"DistilledChaos"},{"floor":31,"key":"Regen Potion"}],"is_trial":false,"path_per_floor":["M","M","M","?","$","R","E","R","T","R","E","M","M","M","R","B",null,"M","?","M","$","?","R","?","E","T","M","$","M","R","E","R","B"],"character_chosen":"HERMIT","items_purchased":["hermit:Malice","Bag of Marbles","hermit:Headshot","hermit:Determination","Ancient Potion"],"campfire_rested":5,"item_purchase_floors":[5,21,21,21,28],"current_hp_per_floor":[64,56,56,71,71,71,41,62,62,62,44,46,46,45,66,16,59,59,59,57,57,57,73,73,59,59,47,47,45,68,58,77,0,0],"gold":109,"neow_bonus":"ONE_RANDOM_RARE_CARD","is_daily":false,"chose_seed":false,"campfire_upgraded":2,"win_rate":0.0,"timestamp":1608225956,"path_taken":["M","M","?","?","$","R","E","R","T","R","E","M","M","M","R","BOSS","M","?","M","$","?","R","?","E","T","M","?","M","R","E","R","BOSS"],"items_purchased_type":["Card","Relic","Card","Card","Potion"],"build_version":"2020-12-13","purchased_purges":0,"victory":false,"max_hp_per_floor":[71,71,71,71,71,71,71,71,71,71,71,73,73,73,73,73,73,73,73,73,73,73,73,73,75,75,77,77,77,77,77,77,77,77],"card_choices":[{"not_picked":["hermit:Dive","hermit:BigShot"],"picked":"hermit:Feint","floor":1.0},{"not_picked":["hermit:Vantage","hermit:Gestalt"],"picked":"hermit:HighCaliber","floor":2.0},{"not_picked":["hermit:TrackingShot","hermit:LuckOfTheDraw"],"picked":"hermit:Ricochet","floor":3.0},{"not_picked":["hermit:Brawl","hermit:Showdown"],"picked":"hermit:DeadOrAlive","floor":7.0},{"not_picked":["hermit:Coalescence","hermit:CursedWeapon"],"picked":"hermit:GhostlyPresence","floor":11.0},{"not_picked":["hermit:Showdown","hermit:BigShot","hermit:ItchyTrigger"],"picked":"Singing Bowl","floor":12.0},{"not_picked":["hermit:Dive","hermit:LowProfile"],"picked":"hermit:CursedWeapon","floor":13.0},{"not_picked":["hermit:Ricochet","hermit:Snipe"],"picked":"hermit:TakeCover","floor":14.0},{"not_picked":["hermit:Purgatory","hermit:Magnum"],"picked":"hermit:FromBeyond","floor":16.0},{"not_picked":["hermit:HighCaliber","hermit:BodyArmor"],"picked":"hermit:LoneWolf","floor":18.0},{"not_picked":["hermit:Quickdraw","hermit:EyeOfTheStorm+1"],"picked":"hermit:Maintenance","floor":20.0},{"not_picked":["hermit:FullyLoaded","hermit:TrackingShot","hermit:Midnight"],"picked":"Singing Bowl","floor":25.0},{"not_picked":["hermit:Feint","hermit:HoleUp","hermit:GoldenBullet"],"picked":"Singing Bowl","floor":27},{"not_picked":["hermit:OverwhelmingPower","hermit:Snipe"],"picked":"hermit:Coalescence","floor":29},{"not_picked":["hermit:HoleUp","hermit:Spite+1"],"picked":"hermit:RoundhouseKick","floor":31}],"player_experience":637695,"relics_obtained":[{"floor":7.0,"key":"Meat on the Bone"},{"floor":9.0,"key":"Mercury Hourglass"},{"floor":11.0,"key":"Singing Bowl"},{"floor":25.0,"key":"hermit:Horseshoe"},{"floor":26.0,"key":"War Paint"},{"floor":31,"key":"Orichalcum"}],"event_choices":[{"damage_healed":17.0,"max_hp_gain":0.0,"max_hp_loss":0.0,"gold_gain":0.0,"event_name":"The Cleric","player_choice":"Healed","floor":4.0,"gold_loss":35.0,"damage_taken":0.0},{"damage_healed":0.0,"max_hp_gain":0.0,"max_hp_loss":0.0,"gold_gain":0.0,"event_name":"Vampires","player_choice":"Ignored","floor":19.0,"gold_loss":0.0,"damage_taken":0.0},{"damage_healed":0.0,"max_hp_gain":0.0,"max_hp_loss":0.0,"gold_gain":0.0,"event_name":"Drug Dealer","player_choice":"Inject Mutagens","floor":22.0,"gold_loss":0.0,"damage_taken":0.0,"relics_obtained":["MutagenicStrength"]},{"damage_healed":0.0,"max_hp_gain":0.0,"max_hp_loss":0.0,"gold_gain":0.0,"event_name":"Forgotten Altar","player_choice":"Smashed Altar","floor":24.0,"gold_loss":0.0,"damage_taken":0.0,"cards_obtained":["Decay"]}],"is_beta":false,"boss_relics":[{"not_picked":["Black Star","Busted Crown"],"picked":"Philosopher\u0027s Stone"}],"items_purged_floors":[],"is_endless":false,"potions_floor_spawned":[2,12,13,14,16,20,25,31],"killed_by":"Automaton","ascension_level":15}}