{"host":"avjwtc49fhlk6kym","time":1608228469,"event":{"mods":["AchievementEnabler","BaseMod","Better Match","Better Note","Better Third Choice","Colored Map","Colored Powertips","Displayed Cursed Tome","Highlight Path","Minty Spire (QoL Compilation)","Permanent Neow","Quick Restart","StSLib"],"gold_per_floor":[119,129,129,147,162,162,197,27,27,27,43,43,43,63,63,160,160,173,21,21,21,21,21,33,33,33,58,9,9,9,28,28,28,28],"floor_reached":33,"playtime":1285,"items_purged":["Strike_P"],"score":289,"play_id":"48561568-721b-403b-a146-0a39b84ccb4b","local_time":"20201217130749","is_ascension_mode":true,"campfire_choices":[{"floor":6.0,"key":"REST"},{"data":"Eruption","floor":10.0,"key":"SMITH"},{"floor":13.0,"key":"REST"},{"floor":15.0,"key":"REST"},{"data":"WheelKick","floor":23.0,"key":"SMITH"},{"data":"RitualDagger","floor":25.0,"key":"SMITH"},{"floor":29.0,"key":"REST"},{"floor":32.0,"key":"REST"}],"circlet_count":0,"master_deck":["Strike_P","Defend_P","Defend_P","Defend_P","Eruption+1","Vigilance","Judgement","ThirdEye","PathToVictory","Consecrate","BowlingBash","FlurryOfBlows","LikeWater","Evaluate","FollowUp","WheelKick+1","Judgement","Study+1","RitualDagger+1","BowlingBash+1","PathToVictory","CutThroughFate","Adaptation","WreathOfFlame","Protect"],"relics":["PureWater","Matryoshka","Art of War","Bottled Flame","SacredBark","Damaru","Nunchaku","Kunai","Tiny Chest"],"acts_visited":["Exordium","TheCity"],"potions_floor_usage":[33],"damage_taken":[{"damage":1.0,"enemies":"2 Louse","floor":1.0,"turns":2.0},{"damage":0.0,"enemies":"Jaw Worm","floor":2.0,"turns":2.0},{"damage":0.0,"enemies":"Small Slimes","floor":4.0,"turns":2.0},{"damage":13.0,"enemies":"Exordium Thugs","floor":5.0,"turns":4.0},{"damage":18.0,"enemies":"Lagavulin","floor":7.0,"turns":6.0},{"damage":0.0,"enemies":"Exordium Wildlife","floor":11.0,"turns":3.0},{"damage":15.0,"enemies":"Lots of Slimes","floor":14.0,"turns":4.0},{"damage":40.0,"enemies":"The Guardian","floor":16.0,"turns":12.0},{"damage":10.0,"enemies":"2 Thieves","floor":18.0,"turns":4.0},{"damage":0.0,"enemies":"Spheric Guardian","floor":24.0,"turns":1.0},{"damage":40.0,"enemies":"Slavers","floor":27.0,"turns":6.0},{"damage":22.0,"enemies":"Snake Plant","floor":31.0,"turns":4.0},{"damage":40,"enemies":"Champ","floor":33,"turns":12}],"seed_played":"-4599300684744396453","potions_obtained":[{"floor":1.0,"key":"LiquidBronze"},{"floor":5.0,"key":"Block Potion"},{"floor":7.0,"key":"GamblersBrew"},{"floor":31.0,"key":"EssenceOfSteel"}],"is_trial":false,"path_per_floor":["M","M","?","M","M","R","E","$","T","R","M","$","R","M","R","B",null,"M","$","?","?","$","R","M","R","T","E","$","R","?","M","R","B"],"character_chosen":"WATCHER","items_purchased":["LikeWater","Evaluate","Damaru","CutThroughFate"],"campfire_rested":5,"item_purchase_floors":[8,8,19,28],"current_hp_per_floor":[50,50,43,43,30,51,33,33,33,33,33,33,54,39,60,20,72,62,62,62,56,56,56,56,56,56,16,16,37,37,15,36,0,0],"gold":28,"neow_bonus":"THREE_RARE_CARDS","is_daily":false,"chose_seed":false,"campfire_upgraded":3,"win_rate":0.0,"timestamp":1608228469,"path_taken":["M","M","?","M","M","R","E","$","T","R","M","$","R","M","R","BOSS","M","$","?","?","$","R","M","R","T","E","$","R","?","M","R","BOSS"],"items_purchased_type":["Card","Card","Relic","Card"],"build_version":"2020-12-13","purchased_purges":1,"victory":false,"max_hp_per_floor":[72,72,72,72,72,72,72,72,72,72,72,72,72,72,72,72,72,72,72,72,72,72,72,72,72,72,72,72,72,72,72,72,72,72],"card_choices":[{"not_picked":["Devotion","Scrawl"],"picked":"Judgement","floor":0.0},{"not_picked":["InnerPeace","SashWhip"],"picked":"ThirdEye","floor":1.0},{"not_picked":["FlurryOfBlows","CutThroughFate"],"picked":"PathToVictory","floor":2.0},{"not_picked":["WheelKick","Halt"],"picked":"Consecrate","floor":4.0},{"not_picked":["FlurryOfBlows","DeusExMachina"],"picked":"BowlingBash","floor":5.0},{"not_picked":["FlyingSleeves","SashWhip"],"picked":"FlurryOfBlows","floor":7.0},{"not_picked":["EmptyFist","Weave"],"picked":"FollowUp","floor":11.0},{"not_picked":["Vengeance","BowlingBash"],"picked":"WheelKick","floor":14.0},{"not_picked":["Ragnarok","ConjureBlade"],"picked":"Judgement","floor":16.0},{"not_picked":["EmptyBody+1","TalkToTheHand"],"picked":"Study+1","floor":18.0},{"not_picked":["Crescendo+1","Halt"],"picked":"BowlingBash+1","floor":24.0},{"not_picked":["Swivel","LikeWater"],"picked":"PathToVictory","floor":27.0},{"not_picked":["JustLucky","SandsOfTime"],"picked":"Protect","floor":31.0}],"player_experience":506165,"relics_obtained":[{"floor":7.0,"key":"Matryoshka"},{"floor":9.0,"key":"Art of War"},{"floor":9.0,"key":"Bottled Flame"},{"floor":26.0,"key":"Nunchaku"},{"floor":26.0,"key":"Kunai"},{"floor":27.0,"key":"Tiny Chest"}],"event_choices":[{"cards_removed":["Defend_P"],"damage_healed":0.0,"max_hp_gain":0.0,"max_hp_loss":0.0,"gold_gain":0.0,"event_name":"Golden Wing","player_choice":"Card Removal","floor":3.0,"gold_loss":0.0,"damage_taken":7.0},{"damage_healed":0.0,"max_hp_gain":0.0,"max_hp_loss":0.0,"gold_gain":0.0,"event_name":"Ghosts","player_choice":"Ignored","floor":20.0,"gold_loss":0.0,"damage_taken":0.0},{"damage_healed":0.0,"max_hp_gain":0.0,"max_hp_loss":0.0,"gold_gain":0.0,"event_name":"betterThird:BetterNest","player_choice":"Dagger","floor":21.0,"gold_loss":0.0,"damage_taken":6.0,"cards_obtained":["RitualDagger"]},{"damage_healed":0.0,"max_hp_gain":0.0,"max_hp_loss":0.0,"gold_gain":0.0,"cards_transformed":["Strike_P","Strike_P"],"event_name":"Drug Dealer","player_choice":"Became Test Subject","floor":30.0,"gold_loss":0.0,"damage_taken":0.0,"cards_obtained":["Adaptation","WreathOfFlame"]}],"is_beta":false,"boss_relics":[{"not_picked":["Busted Crown","Philosopher\u0027s Stone"],"picked":"SacredBark"}],"items_purged_floors":[8],"is_endless":false,"potions_floor_spawned":[1,5,7,31],"killed_by":"Champ","ascension_level":2}}