{"host":"93zk5v4asb9iz5el","time":1608228242,"event":{"mods":["AchievementEnabler","Act Like it!","Aspiration","Bard","BaseMod","Beaked The Cultist","Better Altar","Better Match","Better Note","Better Sensory Stone","Better Skull","Better Third Choice","BetterRewards","CCEM","Colored Map","Conspire","Fiend Mod","GifTheSpireLib","Googly Eyes","Halation","Hermit","Highlight Path","Hubris","Infinite Spire","Jedi Mod","Jorbs\u0027s Wanderer Trilogy","Mad Scientist","Minty Spire (QoL Compilation)","Permanent Neow","Replay The Spire","Shade Mod","Shop Mod","Spicy Shops","StSLib","Stuff the Spire","The Administrix","The Blackbeard","The Exalted","The Gatherer","The Hierophant","The Judge","The Problem Sleuth","The Runesmith","The Servant 0.9.4","The Spell Scribe","The Witch","Unceasing Turn Reminder","everything is the same but u backflip on backflip","slay the spire mod where everything is the same but ironclad has a cowboy hat"],"gold_per_floor":[111,111,111,127,127,142,142,161,161,177,352,352,352,372,372,472,472,489,504,523,536,536,567,567,578,578,317,317,329,329,74,74,169,169,179,179,179],"floor_reached":36,"playtime":3160,"items_purged":["Doubt"],"score":376,"play_id":"1bb82f41-17af-41d0-b9b8-c288ab937782","local_time":"20201217190402","is_ascension_mode":false,"campfire_choices":[{"data":"beaked:Ceremony","floor":7,"key":"SMITH"},{"data":"beaked:CrazyRituals","floor":12,"key":"SMITH"},{"floor":15,"key":"REST"},{"data":"beaked:Sacrifice","floor":24,"key":"SMITH"},{"data":"beaked:AwakenedForm","floor":28,"key":"SMITH"},{"data":"beaked:Ceremony","floor":30,"key":"SMITH"},{"data":"conspire:Banana","floor":32,"key":"SMITH"}],"circlet_count":0,"master_deck":["beaked:Strike_Y","beaked:Strike_Y","beaked:Strike_Y","beaked:Strike_Y","beaked:Strike_Y","beaked:Strike_Y","beaked:Defend_Y","beaked:Defend_Y","beaked:Defend_Y","beaked:Defend_Y","beaked:Ceremony+1","beaked:Ceremony+1","beaked:Ceremony+1","beaked:Daydream","beaked:Windmill","beaked:CrazyRituals+1","beaked:DigDeep","beaked:AwakenedForm+1","beaked:Insight","beaked:WarriorEssence","beaked:Sacrifice+1","Pot Of Greed","Pot Of Greed","conspire:Banana+1","beaked:MachineSpirit+1","Pot Of Greed"],"relics":["beaked:MendingPlumage","aspiration:DSix","Painkiller Herb","Grinning Jar","infinitespire:CheckeredPen","MerchantsRug","Kunai"],"acts_visited":["Exordium","TheCity","TheBeyond"],"potions_floor_usage":[8,16,21,23,29],"damage_taken":[{"damage":7,"enemies":"conspire:RoseBush","floor":1,"turns":3},{"damage":17,"enemies":"Jaw Worm","floor":4,"turns":6},{"damage":3,"enemies":"2 Louse","floor":6,"turns":4},{"damage":23,"enemies":"Gremlin Gang","floor":8,"turns":5},{"damage":17,"enemies":"Looter","floor":10,"turns":5},{"damage":38,"enemies":"Exordium Wildlife","floor":14,"turns":6},{"damage":35,"enemies":"Slime Boss","floor":16,"turns":6},{"damage":21,"enemies":"Shell Parasite","floor":18,"turns":6},{"damage":21,"enemies":"Chosen","floor":19,"turns":6},{"damage":27,"enemies":"Centurion and Healer","floor":20,"turns":9},{"damage":61,"enemies":"Cultist and Chosen","floor":21,"turns":8},{"damage":22,"enemies":"Replay:Snechameleon","floor":23,"turns":7},{"damage":28,"enemies":"conspire:HollyBat","floor":25,"turns":6},{"damage":5,"enemies":"Sentry and Sphere","floor":29,"turns":3},{"damage":54,"enemies":"Automaton","floor":33,"turns":8},{"damage":34,"enemies":"Orb Walker","floor":35,"turns":4},{"damage":82,"enemies":"2 Orb Walkers","floor":36,"turns":3}],"seed_played":"4495342027718316937","potions_obtained":[{"floor":4,"key":"ColorlessPotion"},{"floor":10,"key":"Doom Potion"},{"floor":14,"key":"Regen Potion"},{"floor":18,"key":"BlessingOfTheForge"},{"floor":20,"key":"Explosive Potion"},{"floor":21,"key":"SkillPotion"},{"floor":25,"key":"PowerPotion"}],"is_trial":false,"path_per_floor":["M","?","$","M","?","M","R","M","T","M","?","R","?","M","R","B",null,"?","?","?","?","?","E","T","?","T","T","T","?","T","T","T","B",null,"?","?"],"character_chosen":"BEAKED_THE_CULTIST","items_purchased":["MerchantsRug","conspire:Banana","Kunai"],"campfire_rested":1,"item_purchase_floors":[27,27,31],"current_hp_per_floor":[50,50,50,47,50,50,50,40,40,37,37,37,37,19,34,35,50,50,50,43,22,22,43,43,53,53,53,53,57,57,57,57,59,59,42,0,0],"gold":179,"neow_bonus":"DSIX","is_daily":false,"chose_seed":false,"campfire_upgraded":6,"win_rate":0.0,"timestamp":1608228242,"path_taken":["M","?","?","?","?","M","R","?","T","M","?","R","?","?","R","BOSS","?","?","?","?","?","E","T","?","T","T","T","?","T","T","T","BOSS","?","?"],"items_purchased_type":["Relic","Card","Relic"],"build_version":"2020-12-13","purchased_purges":1,"victory":false,"max_hp_per_floor":[50,50,50,50,50,50,50,50,50,50,50,50,50,50,50,50,50,50,50,50,50,50,50,50,53,53,53,53,57,57,57,57,59,59,61,63,63],"card_choices":[{"not_picked":["beaked:HuntressSpirit","beaked:FeelMyPain"],"picked":"beaked:Daydream","floor":1},{"not_picked":["beaked:WarriorEssence","beaked:StickSmack","beaked:Daydream"],"picked":"SKIP","floor":4},{"not_picked":["beaked:Cower","beaked:MaddeningMurmurs"],"picked":"beaked:Windmill","floor":6},{"not_picked":["beaked:Brace","beaked:Insight"],"picked":"beaked:CrazyRituals","floor":8},{"not_picked":["beaked:Foresight","beaked:FeelMyPain","beaked:ShadowFade"],"picked":"SKIP","floor":10},{"not_picked":["beaked:Redirect","beaked:Overexert"],"picked":"beaked:DigDeep","floor":14},{"not_picked":["beaked:Brainwash","beaked:FullHouse"],"picked":"beaked:AwakenedForm","floor":16},{"not_picked":["beaked:Foresight+1","beaked:Windmill"],"picked":"beaked:Insight","floor":18},{"not_picked":["beaked:Mantra","beaked:Flinch","beaked:Tradeoff"],"picked":"SKIP","floor":19},{"not_picked":["beaked:Tweet","beaked:Brace"],"picked":"beaked:WarriorEssence","floor":20},{"not_picked":["beaked:HuntressSpirit","beaked:WarriorEssence"],"picked":"beaked:Sacrifice","floor":21},{"not_picked":["beaked:Foresight+1","beaked:Negation","beaked:FakeOut"],"picked":"SKIP","floor":23},{"not_picked":["beaked:FeelMyPain","beaked:Windmill","beaked:Brace"],"picked":"SKIP","floor":25},{"not_picked":["beaked:Replenish","beaked:FeelMyPain","beaked:MaddeningMurmurs"],"picked":"SKIP","floor":29},{"not_picked":["beaked:Poke+1","beaked:Replenish"],"picked":"beaked:MachineSpirit+1","floor":35}],"player_experience":343993,"relics_obtained":[{"floor":23,"key":"Grinning Jar"},{"floor":26,"key":"infinitespire:CheckeredPen"}],"event_choices":[{"damage_healed":0,"gold_gain":0,"player_choice":"Disagree","damage_taken":0,"max_hp_gain":0,"max_hp_loss":0,"event_name":"conspire:LoneGhost","floor":2,"gold_loss":0},{"damage_healed":0,"gold_gain":175,"player_choice":"AGREE","damage_taken":177,"max_hp_gain":0,"max_hp_loss":0,"event_name":"betterThird:BetterSerpent","floor":11,"gold_loss":0},{"damage_healed":0,"gold_gain":0,"player_choice":"Forge","damage_taken":0,"max_hp_gain":0,"max_hp_loss":0,"event_name":"Accursed Blacksmith","floor":13,"gold_loss":0,"cards_upgraded":["beaked:Ceremony"]},{"cards_removed":["Doubt"],"damage_healed":0,"gold_gain":0,"player_choice":"Give","damage_taken":0,"max_hp_gain":0,"max_hp_loss":0,"event_name":"betterNote:BetterNote","floor":22,"gold_loss":0,"cards_obtained":["Defend_R"]},{"damage_healed":0,"gold_gain":0,"player_choice":"Fight","damage_taken":0,"max_hp_gain":0,"max_hp_loss":0,"event_name":"Mysterious Sphere","floor":36,"gold_loss":0}],"is_beta":false,"boss_relics":[{"not_picked":["beaked:BlessedCoat","hubris:TerracottaHorce"],"picked":"Painkiller Herb"},{"not_picked":["Replay:Grab Bag","StuffTheSpire:RunicConfusion","Snecko Eye"]}],"items_purged_floors":[27],"is_endless":false,"potions_floor_spawned":[4,10,14,18,20,21,25],"killed_by":"2 Orb Walkers","ascension_level":0}}