{"host":"hjw1ay65n7jm40lc","time":1608219378,"event":{"mods":["AchievementEnabler","BaseMod","Colored Map","Colored Powertips","Googly Eyes","Highlight Path","Minty Spire (QoL Compilation)","Quick Restart","Relic Stats"],"gold_per_floor":[119,139,151,26,37,65,65,65,65,65,90,40,69,84,84,182,182,195,42,61,80,98,125,125,156,156,156,166,194,194,212,212,311,311,328,342,342,342,353,353,353],"floor_reached":40,"playtime":4703,"items_purged":["Injury"],"score":679,"play_id":"54fe5a79-338c-4510-aeb8-71c92b6ffc09","local_time":"20201217103618","is_ascension_mode":true,"campfire_choices":[{"data":"Footwork","floor":7.0,"key":"SMITH"},{"data":"Noxious Fumes","floor":10.0,"key":"SMITH"},{"data":"Well Laid Plans","floor":15.0,"key":"SMITH"},{"floor":24,"key":"REST"},{"floor":30,"key":"REST"},{"floor":32,"key":"REST"}],"circlet_count":0,"master_deck":["Strike_G","Strike_G+1","Strike_G","Strike_G","Defend_G","Defend_G","Defend_G","Defend_G","Defend_G","Survivor","Neutralize","Sucker Punch","Die Die Die","Footwork+1","Noxious Fumes+1","Deadly Poison","Well Laid Plans+1","Wraith Form v2","Caltrops","Decay","Venomology","Adrenaline","Calculated Gamble+1"],"relics":["Ring of the Snake","Mango","Gremlin Horn","Letter Opener","Bottled Tornado","Whetstone","Busted Crown","Snake Skull","Question Card","Sundial","FossilizedHelix","Coffee Dripper"],"acts_visited":["Exordium","TheCity","TheBeyond"],"potions_floor_usage":[25,29,33,36,39,39,40,40],"damage_taken":[{"damage":3.0,"enemies":"Cultist","floor":1.0,"turns":5.0},{"damage":1.0,"enemies":"Jaw Worm","floor":2.0,"turns":4.0},{"damage":0.0,"enemies":"Small Slimes","floor":3.0,"turns":2.0},{"damage":8.0,"enemies":"Exordium Wildlife","floor":5.0,"turns":4.0},{"damage":32.0,"enemies":"3 Sentries","floor":6.0,"turns":10.0},{"damage":26.0,"enemies":"Gremlin Nob","floor":11.0,"turns":5.0},{"damage":7.0,"enemies":"Lagavulin","floor":13.0,"turns":6.0},{"damage":2.0,"enemies":"3 Louse","floor":14.0,"turns":2.0},{"damage":19.0,"enemies":"Slime Boss","floor":16.0,"turns":6.0},{"damage":9.0,"enemies":"Shell Parasite","floor":18.0,"turns":6.0},{"damage":4.0,"enemies":"Chosen","floor":20.0,"turns":5.0},{"damage":16,"enemies":"Snake Plant","floor":21,"turns":5},{"damage":11,"enemies":"Centurion and Healer","floor":22,"turns":7},{"damage":15,"enemies":"Slavers","floor":23,"turns":5},{"damage":9,"enemies":"Gremlin Leader","floor":25,"turns":7},{"damage":13,"enemies":"Sentry and Sphere","floor":28,"turns":5},{"damage":14,"enemies":"Slavers","floor":29,"turns":5},{"damage":18,"enemies":"Snake Plant","floor":31,"turns":5},{"damage":9,"enemies":"Collector","floor":33,"turns":10},{"damage":44,"enemies":"3 Darklings","floor":35,"turns":4},{"damage":6,"enemies":"3 Shapes","floor":36,"turns":4},{"damage":0,"enemies":"Spire Growth","floor":39,"turns":7},{"damage":70,"enemies":"Giant Head","floor":40,"turns":11}],"seed_played":"-2850887036718838871","potions_obtained":[{"floor":1.0,"key":"CunningPotion"},{"floor":6.0,"key":"BlessingOfTheForge"},{"floor":13.0,"key":"DistilledChaos"},{"floor":21,"key":"Energy Potion"},{"floor":28,"key":"BlessingOfTheForge"},{"floor":33,"key":"EssenceOfSteel"},{"floor":35,"key":"Energy Potion"}],"is_trial":false,"path_per_floor":["M","M","M","$","M","E","R","?","T","R","E","$","E","M","R","B",null,"M","$","M","M","M","E","R","E","T","?","M","E","R","M","R","B",null,"M","M","?","?","M","E"],"character_chosen":"THE_SILENT","items_purchased":["Poison Potion","PowerPotion","Snake Skull"],"campfire_rested":3,"item_purchase_floors":[4,12,19],"current_hp_per_floor":[74,73,73,73,65,33,33,84,84,84,58,58,51,49,49,30,71,62,62,58,42,31,16,41,32,32,32,19,5,30,12,37,28,70,26,20,20,20,20,0,0],"gold":353,"neow_bonus":"ONE_RARE_RELIC","is_daily":false,"chose_seed":false,"campfire_upgraded":3,"win_rate":0.0,"timestamp":1608219378,"path_taken":["M","M","?","$","M","E","R","?","T","R","E","$","E","?","R","BOSS","M","$","M","M","M","E","R","E","T","?","M","E","R","M","R","BOSS","M","M","?","?","M","E"],"items_purchased_type":["Potion","Potion","Relic"],"build_version":"2020-12-13","purchased_purges":1,"victory":false,"max_hp_per_floor":[84,84,84,84,84,84,84,84,84,84,84,84,84,84,84,84,84,84,84,84,84,84,84,84,84,84,84,84,84,84,84,84,84,84,84,84,84,84,84,84,84],"relic_stats":{"Busted Crown":26,"Gremlin Horn":[24,24],"counters":[23,130],"Sundial":[8],"Snake Skull":[143],"Letter Opener":[135],"Whetstone":["Strike_G","Strike_G"],"Question Card":8,"obtain_stats":[{"Busted Crown":17,"Gremlin Horn":6,"Sundial":25,"Mango":0,"Snake Skull":19,"Coffee Dripper":34,"Letter Opener":9,"Whetstone":13,"Bottled Tornado":11,"Question Card":23,"FossilizedHelix":29,"Ring of the Snake":0},{"Busted Crown":9,"Gremlin Horn":5,"Sundial":15,"Mango":0,"Snake Skull":10,"Coffee Dripper":19,"Letter Opener":5,"Whetstone":7,"Bottled Tornado":6,"Question Card":14,"FossilizedHelix":17,"Ring of the Snake":0},{"Busted Crown":44,"Gremlin Horn":25,"Sundial":79,"Mango":0,"Snake Skull":50,"Coffee Dripper":104,"Letter Opener":25,"Whetstone":36,"Bottled Tornado":30,"Question Card":72,"FossilizedHelix":89,"Ring of the Snake":0}],"Ring of the Snake":[46]},"card_choices":[{"not_picked":["Underhanded Strike","PiercingWail"],"picked":"Sucker Punch","floor":1.0},{"not_picked":["Backflip","Distraction"],"picked":"Die Die Die","floor":2.0},{"not_picked":["Sucker Punch","Outmaneuver"],"picked":"Footwork","floor":3.0},{"not_picked":["Slice","Dagger Throw"],"picked":"Choke","floor":5.0},{"not_picked":["Acrobatics","Slice"],"picked":"Noxious Fumes","floor":6.0},{"not_picked":["Deflect","Flying Knee"],"picked":"Deadly Poison","floor":11.0},{"not_picked":["Bane","Dagger Spray"],"picked":"Well Laid Plans","floor":13.0},{"not_picked":["Deadly Poison","Poisoned Stab","Flying Knee"],"picked":"SKIP","floor":14.0},{"not_picked":["Grand Finale","Doppelganger"],"picked":"Wraith Form v2","floor":16.0},{"not_picked":["Dagger Spray+1"],"picked":"SKIP","floor":18.0},{"not_picked":["Riddle With Holes+1"],"picked":"SKIP","floor":20.0},{"not_picked":["Sucker Punch"],"picked":"SKIP","floor":21},{"not_picked":["Bane+1"],"picked":"SKIP","floor":22},{"not_picked":["Bane"],"picked":"SKIP","floor":23},{"not_picked":["Outmaneuver"],"picked":"Caltrops","floor":25},{"not_picked":["Tactician","Bane"],"picked":"SKIP","floor":28},{"not_picked":["Dagger Spray","Quick Slash"],"picked":"SKIP","floor":29},{"not_picked":["Deflect"],"picked":"Venomology","floor":31},{"not_picked":["Grand Finale"],"picked":"Adrenaline","floor":33},{"not_picked":["All Out Attack"],"picked":"Calculated Gamble+1","floor":35},{"not_picked":["Slice","Infinite Blades"],"picked":"SKIP","floor":36},{"not_picked":["Bane+1","Blade Dance+1"],"picked":"SKIP","floor":39}],"player_experience":298880,"relics_obtained":[{"floor":6.0,"key":"Gremlin Horn"},{"floor":9.0,"key":"Letter Opener"},{"floor":11.0,"key":"Bottled Tornado"},{"floor":13.0,"key":"Whetstone"},{"floor":23,"key":"Question Card"},{"floor":25,"key":"Sundial"},{"floor":29,"key":"FossilizedHelix"}],"event_choices":[{"cards_removed":["Choke"],"damage_healed":51.0,"max_hp_gain":0.0,"max_hp_loss":0.0,"gold_gain":0.0,"event_name":"Bonfire Elementals","player_choice":"Offered Uncommon","floor":8.0,"gold_loss":0.0,"damage_taken":0.0},{"damage_healed":0,"gold_gain":0,"player_choice":"Smashed Altar","damage_taken":0,"max_hp_gain":0,"max_hp_loss":0,"event_name":"Forgotten Altar","floor":27,"gold_loss":0,"cards_obtained":["Decay"]},{"damage_healed":0,"gold_gain":0,"player_choice":"Ignored","damage_taken":0,"max_hp_gain":0,"max_hp_loss":0,"event_name":"Tomb of Lord Red Mask","floor":37,"gold_loss":0},{"cards_removed":["Strike_G"],"damage_healed":0,"gold_gain":0,"player_choice":"Removed Attack","damage_taken":0,"max_hp_gain":0,"max_hp_loss":0,"event_name":"Falling","floor":38,"gold_loss":0}],"is_beta":false,"boss_relics":[{"not_picked":["Astrolabe","WristBlade"],"picked":"Busted Crown"},{"not_picked":["Tiny House","Snecko Eye"],"picked":"Coffee Dripper"}],"items_purged_floors":[4],"is_endless":false,"potions_floor_spawned":[1,6,13,14,21,28,33,35],"killed_by":"Giant Head","ascension_level":9}}