{"host":"4a6fro0of1ie0h2w","time":1608238257,"event":{"mods":["Aspiration","BaseMod","CCEM","Colored Map","Conspire","Downfall","GifTheSpireLib","Halation","Highlight Path","Hubris","Infinite Spire","Marisa????????","Minty Spire (QoL Compilation)","Permanent Neow","Replay The Spire","StSLib","Stuff the Spire","The Servant 0.9.4"],"gold_per_floor":[99,127,24,24,24,24,24,40,68,68,68,79,53,38,53,53,53],"floor_reached":16,"playtime":659,"items_purged":["Regret"],"score":136,"play_id":"e55d658e-ebf5-464e-9b89-7cd30bd6d91a","local_time":"20201217225057","is_ascension_mode":true,"campfire_choices":[{"data":"Guardian:TwinSlam","floor":1,"key":"SMITH"},{"floor":4,"key":"RECALL"},{"data":"Guardian:MultiBeam","floor":6,"key":"SMITH"},{"data":"Guardian:DonusPower","floor":10,"key":"SMITH"}],"circlet_count":0,"master_deck":["Guardian:Strike_Guardian","Guardian:Strike_Guardian","Guardian:Strike_Guardian","Guardian:Strike_Guardian","Guardian:Defend_Guardian","Guardian:Defend_Guardian","Guardian:Defend_Guardian","Guardian:Defend_Guardian","Guardian:CurlUp","Guardian:TwinSlam+1","Guardian:SpikerProtocol","Guardian:DonusPower+1","Guardian:MultiBeam+1","Guardian:FloatingOrbs","Guardian:AncientConstruct","Guardian:CrystalBeam","Guardian:Gem_Fragmented","Spreading Infection","Guardian:PrimingBeam","Guardian:Orbwalk","Guardian:Gem_Purple","Guardian:Reroute"],"relics":["Guardian:ModeShifter","Mummified Hand","StuffTheSpire:RedRose","Counterbalance","Ginger","downfall:BrokenWingStatue","ReplayTheSpireMod:CursedCoin"],"acts_visited":["Exordium"],"potions_floor_usage":[14,16],"damage_taken":[{"damage":18,"enemies":"Gremlin Nob","floor":2,"turns":5},{"damage":0,"enemies":"downfall:FleeingMerchant","floor":3,"turns":4},{"damage":8,"enemies":"Small Slimes","floor":8,"turns":1},{"damage":10,"enemies":"3 Sentries","floor":9,"turns":4},{"damage":0,"enemies":"2 Louse","floor":12,"turns":2},{"damage":16,"enemies":"downfall:FleeingMerchant","floor":13,"turns":4},{"damage":0,"enemies":"downfall:FleeingMerchant","floor":14,"turns":4},{"damage":10,"enemies":"Jaw Worm","floor":15,"turns":4},{"damage":10,"enemies":"downfall:Defect","floor":16,"turns":2}],"seed_played":"-7996230536544786918","potions_obtained":[{"floor":2,"key":"GamblersBrew"},{"floor":8,"key":"AttackPotion"},{"floor":15,"key":"LiquidMemories"}],"is_trial":false,"path_per_floor":["R","E","$","R","?","R","T","M","E","R","?","M","$","$","M","B"],"character_chosen":"GUARDIAN","items_purchased":["Guardian:MultiBeam","Guardian:Gem_Green","ReplayTheSpireMod:CursedCoin","Guardian:PrimingBeam","Guardian:Orbwalk"],"campfire_rested":0,"item_purchase_floors":[3,3,13,13,13],"current_hp_per_floor":[72,54,54,54,54,54,54,46,36,36,36,36,20,20,10,0,0],"gold":53,"neow_bonus":"TWENTY_PERCENT_HP_BONUS","is_daily":false,"chose_seed":false,"campfire_upgraded":3,"win_rate":0.0,"timestamp":1608238257,"path_taken":["R","E","$","R","?","R","T","M","E","R","?","M","?","$","M","BOSS"],"items_purchased_type":["Card","Card","Relic","Card","Card"],"build_version":"2020-12-13","purchased_purges":1,"victory":false,"max_hp_per_floor":[96,96,96,96,96,96,96,96,96,96,96,96,96,96,96,96,96],"card_choices":[{"not_picked":["Guardian:ShieldCharger","Guardian:GuardianWhirl"],"picked":"Guardian:SpikerProtocol","floor":2},{"not_picked":["Guardian:PiercingHide","Guardian:RollAttack"],"picked":"Guardian:DonusPower","floor":3},{"not_picked":["Guardian:RollAttack","Guardian:BronzeArmor"],"picked":"Guardian:FloatingOrbs","floor":8},{"not_picked":["Guardian:FierceBash","Guardian:ShieldSpikes"],"picked":"Guardian:AncientConstruct","floor":9},{"not_picked":["Guardian:Emergency","Guardian:VentSteam"],"picked":"Guardian:CrystalBeam","floor":12},{"not_picked":["Guardian:Gem_Red","Guardian:RevengeProtocol"],"picked":"Guardian:Gem_Fragmented","floor":13},{"not_picked":["Guardian:SpikerProtocol","Guardian:Reroute"],"picked":"Guardian:Gem_Purple","floor":14},{"not_picked":["Guardian:RollAttack","Guardian:WalkerClaw"],"picked":"Guardian:Reroute","floor":15}],"player_experience":176759,"relics_obtained":[{"floor":2,"key":"Mummified Hand"},{"floor":7,"key":"Counterbalance"},{"floor":9,"key":"Ginger"}],"event_choices":[],"is_beta":false,"boss_relics":[],"items_purged_floors":[13],"is_endless":false,"potions_floor_spawned":[2,8,15],"killed_by":"downfall:Defect","ascension_level":1}}