{"host":"cr9rpoy6dx9riis3","time":1608221822,"event":{"mods":["AchievementEnabler","BaseMod","Better Altar","Better Note","Better Sensory Stone","Better Skull","Better Third Choice","Better-Laid Plans","BetterRewards","Block Reminder","Curses Come First","Displayed Cursed Tome","Emptier Cage","Marked Mod","Minty Spire (QoL Compilation)","Permanent Neow","Relic Sorter","StSLib","The Blue Laboratory","Transform Curses"],"gold_per_floor":[109,126,139,64,81,81,98,98,147,97,116,116,130,160,160,255,255,271,271,271,45,56,56,90,90,115,115,127,144,159,169,169,272,272,282,294,294,294,308,308,322,322,348,373,373,391,391,411,411,411,411,411,52,78,78,78],"floor_reached":55,"playtime":2682,"items_purged":["Strike_R","Strike_R"],"score":1103,"play_id":"a38c94c6-e11d-46ea-ac5a-5d8f3925dc78","local_time":"20201217171702","is_ascension_mode":true,"campfire_choices":[{"data":"Reaper","floor":6.0,"key":"SMITH"},{"data":"Spot Weakness","floor":8.0,"key":"SMITH"},{"data":"Blind","floor":12.0,"key":"SMITH"},{"floor":15.0,"key":"RECALL"},{"data":"Rupture","floor":23.0,"key":"SMITH"},{"data":"Offering","floor":25.0,"key":"SMITH"},{"data":"Bash","floor":27.0,"key":"SMITH"},{"floor":32.0,"key":"REST"},{"data":"Brutality","floor":40.0,"key":"SMITH"},{"data":"Impervious","floor":42.0,"key":"SMITH"},{"floor":45,"key":"REST"},{"floor":47,"key":"REST"},{"data":"Defend_R","floor":49,"key":"SMITH"},{"data":"Defend_R","floor":52,"key":"SMITH"}],"circlet_count":0,"master_deck":["Strike_R","Strike_R","Defend_R+1","Defend_R+1","Defend_R+1","Defend_R+1","Bash+1","Spot Weakness+1","Blind+1","Rupture+1","Reaper+1","Offering+1","Carnage+1","Immolate+1","Ghostly Armor+1","Brutality+1","Impervious+1","Uppercut+1","Impervious","Rupture","Heavy Blade+1"],"relics":["Burning Blood","Molten Egg 2","Black Star","Akabeko","Mark of Pain","Blood Vial","Vajra","Torii","Orichalcum","Incense Burner"],"acts_visited":["Exordium","TheCity","TheBeyond","TheEnding"],"potions_floor_usage":[46,50,55,55],"damage_taken":[{"damage":7.0,"enemies":"Cultist","floor":1.0,"turns":4.0},{"damage":0.0,"enemies":"2 Louse","floor":2.0,"turns":3.0},{"damage":2.0,"enemies":"Jaw Worm","floor":3.0,"turns":3.0},{"damage":10.0,"enemies":"Lots of Slimes","floor":5.0,"turns":6.0},{"damage":5.0,"enemies":"2 Fungi Beasts","floor":7.0,"turns":4.0},{"damage":3.0,"enemies":"Exordium Wildlife","floor":11.0,"turns":4.0},{"damage":5.0,"enemies":"Blue Slaver","floor":13.0,"turns":4.0},{"damage":10.0,"enemies":"3 Sentries","floor":14.0,"turns":8.0},{"damage":50.0,"enemies":"Hexaghost","floor":16.0,"turns":11.0},{"damage":20.0,"enemies":"Shell Parasite","floor":18.0,"turns":6.0},{"damage":27.0,"enemies":"Spheric Guardian","floor":22.0,"turns":4.0},{"damage":24.0,"enemies":"Slavers","floor":24.0,"turns":6.0},{"damage":23.0,"enemies":"Centurion and Healer","floor":28.0,"turns":3.0},{"damage":38.0,"enemies":"Chosen and Byrds","floor":29.0,"turns":6.0},{"damage":18.0,"enemies":"Snake Plant","floor":30.0,"turns":3.0},{"damage":6.0,"enemies":"Cultist and Chosen","floor":31.0,"turns":4.0},{"damage":62.0,"enemies":"Collector","floor":33.0,"turns":17.0},{"damage":16.0,"enemies":"3 Darklings","floor":35.0,"turns":4.0},{"damage":22.0,"enemies":"3 Shapes","floor":36.0,"turns":3.0},{"damage":23.0,"enemies":"Transient","floor":39.0,"turns":5.0},{"damage":31.0,"enemies":"Maw","floor":41.0,"turns":6.0},{"damage":74,"enemies":"Reptomancer","floor":44,"turns":8},{"damage":16,"enemies":"Writhing Mass","floor":46,"turns":5},{"damage":14,"enemies":"Transient","floor":48,"turns":5},{"damage":98,"enemies":"Time Eater","floor":50,"turns":10},{"damage":92,"enemies":"Shield and Spear","floor":54,"turns":7},{"damage":158,"enemies":"The Heart","floor":55,"turns":11}],"seed_played":"6091148323937911262","potions_obtained":[{"floor":1.0,"key":"BlessingOfTheForge"},{"floor":2.0,"key":"blueLaboratory:StoneskinPotion"},{"floor":5.0,"key":"blueLaboratory:IronCompound"},{"floor":13.0,"key":"blueLaboratory:IronCompound"},{"floor":22.0,"key":"FearPotion"},{"floor":24.0,"key":"SteroidPotion"},{"floor":28.0,"key":"blueLaboratory:BubblePotion"},{"floor":31.0,"key":"blueLaboratory:FrostheartPotion"},{"floor":38.0,"key":"blueLaboratory:EnragingPotion"},{"floor":38.0,"key":"blueLaboratory:PolymorphPotion"},{"floor":38.0,"key":"blueLaboratory:AbyssPotion"},{"floor":41.0,"key":"LiquidMemories"},{"floor":46,"key":"DistilledChaos"},{"floor":54,"key":"blueLaboratory:PolymorphPotion"}],"is_trial":false,"path_per_floor":["M","M","M","$","M","R","M","R","T","?","M","R","M","E","R","B",null,"M","?","?","$","M","R","E","R","T","R","M","M","M","M","R","B",null,"M","M","?","?","M","R","M","R","T","E","R","M","R","M","R","B",null,"R","$","E","B"],"character_chosen":"IRONCLAD","items_purchased":["Spot Weakness","Incense Burner","Blind","Blood Vial","Carnage+1","Impervious","Rupture","Heavy Blade+1"],"campfire_rested":3,"item_purchase_floors":[0,0,0,21,21,53,53,53],"current_hp_per_floor":[63,69,73,73,69,69,80,80,80,80,80,80,80,76,76,39,80,72,72,56,56,37,37,38,38,38,38,35,24,20,48,72,34,80,79,72,72,72,57,57,46,46,46,9,31,35,57,65,65,63,83,83,83,90,0,0],"gold":78,"neow_bonus":"","is_daily":false,"chose_seed":false,"campfire_upgraded":10,"win_rate":0.0,"timestamp":1608221822,"path_taken":["M","M","?","?","M","R","M","R","T","?","M","R","M","E","R","BOSS","M","?","?","?","M","R","E","R","T","R","M","?","M","M","R","BOSS","M","M","?","?","M","R","M","R","T","E","R","M","R","M","R","BOSS","R","$","E","BOSS"],"items_purchased_type":["Card","Relic","Card","Relic","Card","Card","Card","Card"],"build_version":"2020-12-13","purchased_purges":2,"victory":false,"max_hp_per_floor":[80,80,80,80,80,80,80,80,80,80,80,80,80,80,80,80,80,80,80,80,80,80,80,80,80,80,80,80,80,80,80,80,80,80,80,80,76,76,76,76,76,76,76,76,76,76,76,76,76,83,83,83,83,90,97,97],"card_choices":[{"not_picked":["Havoc","Twin Strike"],"picked":"Rupture","floor":1.0},{"not_picked":["Heavy Blade","Pummel","Havoc"],"picked":"SKIP","floor":2.0},{"not_picked":["Twin Strike","Seeing Red","True Grit"],"picked":"SKIP","floor":3.0},{"not_picked":["Flex","Wild Strike"],"picked":"Reaper","floor":5.0},{"not_picked":["Armaments","Pummel","Body Slam"],"picked":"SKIP","floor":7.0},{"not_picked":["Clothesline","Shrug It Off","Clash"],"picked":"SKIP","floor":11.0},{"not_picked":["Pommel Strike","Wild Strike","Sword Boomerang"],"picked":"SKIP","floor":13.0},{"not_picked":["Armaments","Fire Breathing","Cleave+1"],"picked":"SKIP","floor":14.0},{"not_picked":["Double Tap","Impervious"],"picked":"Offering","floor":16.0},{"not_picked":["Perfected Strike+1","Headbutt+1","Sword Boomerang+1"],"picked":"SKIP","floor":18.0},{"not_picked":["Clothesline+1","Flex+1","Reckless Charge+1"],"picked":"SKIP","floor":22.0},{"not_picked":["Iron Wave+1","Flex"],"picked":"Immolate+1","floor":24.0},{"not_picked":["Heavy Blade+1","Sword Boomerang+1","Clothesline+1"],"picked":"SKIP","floor":28.0},{"not_picked":["Pommel Strike+1","Shockwave+1","Armaments"],"picked":"SKIP","floor":29.0},{"not_picked":["Pommel Strike+1","Shockwave+1","Armaments"],"picked":"SKIP","floor":29.0},{"not_picked":["Iron Wave+1","Clothesline+1","Heavy Blade+1"],"picked":"SKIP","floor":30.0},{"not_picked":["Warcry","Shrug It Off"],"picked":"Ghostly Armor+1","floor":31.0},{"not_picked":["Corruption","Demon Form"],"picked":"Brutality","floor":33.0},{"not_picked":["Warcry+1","Combust+1","Infernal Blade+1"],"picked":"SKIP","floor":35.0},{"not_picked":["Reckless Charge+1","Wild Strike+1","Sword Boomerang+1"],"picked":"SKIP","floor":36.0},{"not_picked":["Battle Trance","Rampage+1"],"picked":"Impervious","floor":39.0},{"not_picked":["Flex","Body Slam+1","Entrench"],"picked":"SKIP","floor":41.0},{"not_picked":["Body Slam+1","Havoc","Headbutt+1"],"picked":"SKIP","floor":44},{"not_picked":["Heavy Blade+1","Clothesline+1","Shrug It Off"],"picked":"SKIP","floor":46},{"not_picked":["Searing Blow+1","Entrench"],"picked":"Uppercut+1","floor":48},{"not_picked":["Brutality","Sword Boomerang+1","Battle Trance"],"picked":"SKIP","floor":54}],"player_experience":728869,"relics_obtained":[{"floor":9.0,"key":"Orichalcum"},{"floor":14.0,"key":"Molten Egg 2"},{"floor":24.0,"key":"Akabeko"},{"floor":43.0,"key":"Vajra"},{"floor":44,"key":"War Paint"},{"floor":54,"key":"Torii"}],"event_choices":[{"cards_removed":["Strike_R"],"damage_healed":0.0,"max_hp_gain":0.0,"max_hp_loss":0.0,"gold_gain":0.0,"event_name":"The Cleric","player_choice":"Card Removal","floor":10.0,"gold_loss":50.0,"damage_taken":0.0},{"damage_healed":0.0,"max_hp_gain":0.0,"max_hp_loss":0.0,"gold_gain":0.0,"event_name":"betterNote:BetterNote","player_choice":"Ignored","floor":19.0,"gold_loss":0.0,"damage_taken":0.0,"cards_obtained":["Sadistic Nature"]},{"damage_healed":0.0,"max_hp_gain":0.0,"max_hp_loss":0.0,"gold_gain":0.0,"event_name":"Cursed Tome","player_choice":"Obtained Book","floor":20.0,"gold_loss":0.0,"damage_taken":16.0},{"damage_healed":0.0,"max_hp_gain":0.0,"max_hp_loss":4.0,"gold_gain":0.0,"event_name":"Winding Halls","player_choice":"Max HP","floor":37.0,"gold_loss":0.0,"damage_taken":0.0},{"damage_healed":0.0,"max_hp_gain":0.0,"max_hp_loss":0.0,"gold_gain":0.0,"event_name":"Lab","player_choice":"Got Potions","floor":38.0,"gold_loss":0.0,"damage_taken":0.0}],"is_beta":false,"boss_relics":[{"not_picked":["Astrolabe","SlaversCollar"],"picked":"Black Star"},{"not_picked":["Coffee Dripper","Runic Pyramid"],"picked":"Mark of Pain"}],"items_purged_floors":[4,53],"is_endless":false,"potions_floor_spawned":[1,2,5,13,22,24,28,31,41,46,48,54],"killed_by":"The Heart","ascension_level":4}}