{"host":"g1wmg2w41xhsnw8g","time":1608213358,"event":{"mods":["2.2 Compatiblity","Act Like it!","Aspiration","BaseMod","Better Altar","Better Match","Better Note","Better Sensory Stone","Better Skull","Better Third Choice","BetterRewards","Booster Modes","CapriCore","Colored Map","Colored Powertips","Curses Come First","Defuse TimeMaze Blight","Displayed Cursed Tome","Friendly Minions","GifTheSpireLib","Googly Eyes","Hubris","Infinite Spire","Magitek Elite","Minty Spire (QoL Compilation)","Red Circlet Mod","Relic Sorter","SCP261 Mod","Shop Mod","Spicy Shops","StSLib","The Sage","TheBandit","Transform Curses","????"],"gold_per_floor":[111,128,141,159,159,159,159,194,194,206,206,231,231,231,231,336,336,352,352,352,352,368,42,71,71,71,81,115,133,33,66,66,66,66,66],"floor_reached":33,"playtime":2071,"items_purged":["Injury","wariomod:Bombtime"],"score":354,"play_id":"44cdbf76-2a06-49de-b1da-e7da2f34581a","local_time":"20201217085558","daily_mods":["SealedDeck","Specialized","Heirloom","Elite Swarm"],"is_ascension_mode":true,"campfire_choices":[{"data":"wariomod:Goblast","floor":6,"key":"SMITH"},{"data":"wariomod:DeadlyDash","floor":11,"key":"SMITH"},{"data":"wariomod:WipeClean","floor":15,"key":"SMITH"},{"data":"wariomod:Immortalize","floor":25,"key":"SMITH"},{"data":"wariomod:FabulousPrizes","floor":32,"key":"SMITH"}],"circlet_count":0,"master_deck":["wariomod:Bombtime","wariomod:Bombtime","wariomod:Bombtime","wariomod:Bombtime","wariomod:AwfulLook","wariomod:SimpleShield","wariomod:ChargeForth","wariomod:SmallSprint","wariomod:TreasureDig","wariomod:DonateDraw","wariomod:DisarmingMoves","wariomod:Leapslam","wariomod:RacingSpeed","wariomod:GoAgain","wariomod:Game","wariomod:DoubleDash","wariomod:Goblast+1","wariomod:DeadlyDash+1","wariomod:Immortalize+1","wariomod:WipeClean+1","wariomod:MassiveParty+1","wariomod:Boomsmack+1","wariomod:Goblast+1","wariomod:ChargeForth","wariomod:VeryLongJump+1","wariomod:EnergizedBombs","wariomod:Goblast+1","wariomod:FabulousPrizes+1"],"relics":["wariomod:TheHat","Peace Pipe","Blood Vial","infinitespire:WardingShard","Kunai","hubris:CrystalStatue","Molten Egg 2","hubris:RunicObelisk","infinitespire:EmpoweringShard","aspiration:Nostalgia","sagemod:Flying_Carpet","Oddly Smooth Stone","WingedGreaves","hubris:SphereOfDissonance","Mummified Hand"],"acts_visited":["Exordium","TheCity"],"potions_floor_usage":[4,8,16,24,27,33],"damage_taken":[{"damage":1,"enemies":"Jaw Worm","floor":1,"turns":3},{"damage":6,"enemies":"Small Slimes","floor":2,"turns":3},{"damage":0,"enemies":"2 Louse","floor":3,"turns":2},{"damage":1,"enemies":"Blue Slaver","floor":4,"turns":3},{"damage":1,"enemies":"Gremlin Nob","floor":8,"turns":3},{"damage":11,"enemies":"Exordium Wildlife","floor":10,"turns":3},{"damage":18,"enemies":"3 Sentries","floor":12,"turns":4},{"damage":19,"enemies":"The Guardian","floor":16,"turns":6},{"damage":0,"enemies":"3 Byrds","floor":18,"turns":2},{"damage":10,"enemies":"Spheric Guardian","floor":22,"turns":3},{"damage":5,"enemies":"Slavers","floor":24,"turns":2},{"damage":0,"enemies":"Snake Plant","floor":27,"turns":3},{"damage":4,"enemies":"Gremlin Leader","floor":28,"turns":3},{"damage":14,"enemies":"Centurion and Healer","floor":29,"turns":5},{"damage":29,"enemies":"Book of Stabbing","floor":31,"turns":4},{"damage":51,"enemies":"Automaton","floor":33,"turns":6}],"seed_played":"-2367536365169477220","potions_obtained":[{"floor":2,"key":"SkillPotion"},{"floor":4,"key":"FearPotion"},{"floor":12,"key":"Block Potion"},{"floor":18,"key":"Swift Potion"},{"floor":22,"key":"SkillPotion"},{"floor":31,"key":"Block Potion"}],"is_trial":true,"path_per_floor":["M","M","M","M","?","R","?","E","T","M","R","E","?","?","R","B",null,"M","?","T","?","M","R","E","R","T","M","E","M","$","E","R","B"],"character_chosen":"THE_BANDIT","items_purchased":["aspiration:Nostalgia"],"campfire_rested":0,"item_purchase_floors":[23],"current_hp_per_floor":[79,73,73,72,75,75,75,74,74,65,65,49,49,49,49,32,83,83,83,83,83,73,73,70,70,70,72,70,58,58,31,31,0,0,0],"gold":66,"neow_bonus":"","is_daily":false,"chose_seed":false,"campfire_upgraded":5,"win_rate":0.0,"timestamp":1608213358,"path_taken":["M","M","M","M","?","R","?","E","T","M","R","E","?","?","R","BOSS","M","?","?","?","M","R","E","R","T","?","E","M","?","E","R","BOSS"],"items_purchased_type":["Relic"],"build_version":"2020-12-13","purchased_purges":2,"victory":false,"max_hp_per_floor":[80,80,80,80,83,83,83,83,83,83,83,83,83,83,83,83,83,83,83,83,83,83,83,83,83,83,83,83,83,83,83,83,83,83,83],"card_choices":[{"not_picked":["wariomod:Bombshield","wariomod:BumRush"],"picked":"wariomod:Game","floor":1},{"not_picked":["wariomod:ThatsNotAll","wariomod:AwfulLook"],"picked":"wariomod:DoubleDash","floor":2},{"not_picked":["wariomod:DropBash","wariomod:AbandonGame"],"picked":"wariomod:Goblast","floor":3},{"not_picked":["wariomod:DisarmingMoves","wariomod:Game","wariomod:DanceDash"],"picked":"SKIP","floor":4},{"not_picked":["wariomod:ForbiddenMagic","wariomod:ShipSmash"],"picked":"wariomod:DeadlyDash","floor":8},{"not_picked":["wariomod:SmallSprint","wariomod:AwfulLook"],"picked":"wariomod:Immortalize","floor":10},{"not_picked":["wariomod:VeryLongJump","wariomod:BoomForm"],"picked":"wariomod:WipeClean","floor":12},{"not_picked":["wariomod:ShipSmash+1","wariomod:GoAgain"],"picked":"wariomod:MassiveParty","floor":16},{"not_picked":["wariomod:RacingSpeed","wariomod:Hopshield"],"picked":"wariomod:Boomsmack+1","floor":18},{"not_picked":["wariomod:Hopshield+1","wariomod:WipeClean"],"picked":"wariomod:ChargeForth","floor":22},{"not_picked":["wariomod:AbandonGame","wariomod:PoisonBombs"],"picked":"wariomod:VeryLongJump+1","floor":24},{"not_picked":["wariomod:Leapslam+1","wariomod:HappyHop","wariomod:SmackSlam+1"],"picked":"SKIP","floor":27},{"not_picked":["wariomod:PoisonBombs","wariomod:Sidestep"],"picked":"wariomod:EnergizedBombs","floor":28},{"not_picked":["wariomod:Leapslam+1","wariomod:Smackflip+1"],"picked":"wariomod:Goblast+1","floor":29},{"not_picked":["wariomod:GodlyGift","wariomod:ShipSmash+1"],"picked":"wariomod:FabulousPrizes","floor":31}],"player_experience":1076929,"relics_obtained":[{"floor":8,"key":"Blood Vial"},{"floor":9,"key":"infinitespire:WardingShard"},{"floor":12,"key":"Kunai"},{"floor":13,"key":"hubris:CrystalStatue"},{"floor":20,"key":"infinitespire:EmpoweringShard"},{"floor":24,"key":"Oddly Smooth Stone"},{"floor":26,"key":"WingedGreaves"},{"floor":28,"key":"hubris:SphereOfDissonance"},{"floor":31,"key":"Mummified Hand"}],"event_choices":[{"damage_healed":0,"gold_gain":0,"player_choice":"Upgraded","damage_taken":0,"max_hp_gain":0,"max_hp_loss":0,"event_name":"Upgrade Shrine","floor":19,"gold_loss":0,"cards_upgraded":["wariomod:MassiveParty"]},{"cards_removed":["wariomod:MassiveParty"],"damage_healed":0,"gold_gain":0,"player_choice":"Take \u0026 Give","damage_taken":0,"max_hp_gain":0,"max_hp_loss":0,"event_name":"betterNote:BetterNote","floor":21,"gold_loss":0,"cards_obtained":["wariomod:Goblast"]}],"is_beta":false,"boss_relics":[{"not_picked":["aspiration:RunicSpoon","hubris:TerracottaHorce"],"picked":"hubris:RunicObelisk"}],"items_purged_floors":[23,30],"is_endless":false,"potions_floor_spawned":[2,4,12,18,22,31],"killed_by":"Automaton","ascension_level":1}}