{"host":"jwbw4f4imxd0v0b0","time":1608178900,"event":{"mods":["BaseMod","Colored Map","Highlight Path","Minty Spire (QoL Compilation)","Relic Stats","StSLib"],"gold_per_floor":[114,114,129,204,11,41,41,56,56,56,86,36,36,36,36],"floor_reached":14,"playtime":344,"items_purged":[],"score":121,"play_id":"691ea5f5-3947-4624-b81c-736172253778","local_time":"20201216222140","daily_mods":["Specialized","Flight","Lethality"],"is_ascension_mode":false,"campfire_choices":[{"data":"Apotheosis","floor":7,"key":"SMITH"}],"circlet_count":0,"master_deck":["Strike_B","Strike_B","Strike_B","Strike_B","Defend_B","Defend_B","Defend_B","Defend_B","Zap","Dualcast","White Noise","White Noise","White Noise","Ball Lightning","Steam","Storm","Apotheosis+1","Turbo","Genetic Algorithm","Beam Cell","Tempest"],"relics":["Cracked Core","Strawberry","Pear","Bottled Flame","Pantograph"],"acts_visited":["Exordium"],"potions_floor_usage":[11],"damage_taken":[{"damage":0.0,"enemies":"Cultist","floor":1.0,"turns":3.0},{"damage":0.0,"enemies":"2 Louse","floor":3.0,"turns":2.0},{"damage":13,"enemies":"3 Sentries","floor":6,"turns":4},{"damage":3,"enemies":"Jaw Worm","floor":8,"turns":3},{"damage":28,"enemies":"Gremlin Nob","floor":11,"turns":4},{"damage":15,"enemies":"3 Sentries","floor":14,"turns":3}],"seed_played":"-4230686447748436371","potions_obtained":[{"floor":6,"key":"FearPotion"},{"floor":8,"key":"Block Potion"}],"is_trial":false,"path_per_floor":["M","?","M","?","$","E","R","M","T","$","E","?","?","E"],"character_chosen":"DEFECT","items_purchased":["Apotheosis","Turbo"],"campfire_rested":0,"item_purchase_floors":[5,5],"current_hp_per_floor":[75,75,75,64,64,58,58,55,65,65,37,37,12,0,0],"gold":36,"neow_bonus":"","is_daily":true,"chose_seed":false,"campfire_upgraded":1,"win_rate":0.0,"timestamp":1608178900,"path_taken":["M","?","M","?","$","E","R","M","T","?","E","?","?","E"],"items_purchased_type":["Card","Card"],"build_version":"2020-12-13","purchased_purges":0,"victory":false,"max_hp_per_floor":[75,75,75,75,75,82,82,82,92,92,92,92,92,92,92],"relic_stats":{"counters":[6,19],"Pantograph":0,"obtain_stats":[{"Bottled Flame":11,"Pear":9,"Strawberry":6,"Pantograph":13,"Cracked Core":0},{"Bottled Flame":5,"Pear":4,"Strawberry":3,"Pantograph":5,"Cracked Core":0},{"Bottled Flame":16,"Pear":12,"Strawberry":9,"Pantograph":16,"Cracked Core":0}]},"card_choices":[{"not_picked":["Redo","Self Repair"],"picked":"Ball Lightning","floor":1.0},{"not_picked":["Barrage","Blizzard"],"picked":"Storm","floor":3.0},{"not_picked":["Auto Shields","Reinforced Body"],"picked":"Genetic Algorithm","floor":6},{"not_picked":["Steam","Chaos"],"picked":"Beam Cell","floor":8},{"not_picked":["Self Repair","Recycle"],"picked":"Tempest","floor":11}],"player_experience":932967,"relics_obtained":[{"floor":6,"key":"Strawberry"},{"floor":9,"key":"Pear"},{"floor":11,"key":"Bottled Flame"}],"event_choices":[{"damage_healed":0.0,"max_hp_gain":0.0,"max_hp_loss":0.0,"gold_gain":0.0,"cards_transformed":["White Noise"],"event_name":"Living Wall","player_choice":"Change","floor":2.0,"gold_loss":0.0,"damage_taken":0.0,"cards_obtained":["Steam"]},{"damage_healed":0.0,"max_hp_gain":0.0,"max_hp_loss":0.0,"gold_gain":75.0,"event_name":"World of Goop","player_choice":"Gather Gold","floor":4.0,"gold_loss":0.0,"damage_taken":11.0},{"cards_removed":["White Noise"],"damage_healed":0,"gold_gain":0,"player_choice":"Card Removal","damage_taken":0,"max_hp_gain":0,"max_hp_loss":0,"event_name":"The Cleric","floor":12,"gold_loss":50},{"damage_healed":0,"gold_gain":0,"player_choice":"Success","damage_taken":25,"relics_obtained":["Pantograph"],"max_hp_gain":0,"max_hp_loss":0,"event_name":"Scrap Ooze","floor":13,"gold_loss":0}],"is_beta":false,"boss_relics":[],"items_purged_floors":[],"is_endless":false,"potions_floor_spawned":[6,8],"killed_by":"3 Sentries","ascension_level":0}}