{"host":"5bdt6s51dmpd4l3v","time":1608197227,"event":{"mods":["AchievementEnabler","BaseMod","Colored Map","Colored Powertips","Highlight Path","Minty Spire (QoL Compilation)","Rare Cards Sparkle","StSLib"],"gold_per_floor":[116,135,44,58,70,103,128,140,140],"floor_reached":8,"playtime":237,"items_purged":[],"score":78,"play_id":"8ebc411a-32f9-464c-ba85-6937a0c48b66","local_time":"20201217172707","is_ascension_mode":true,"campfire_choices":[],"circlet_count":0,"master_deck":["Strike_R","Strike_R","Strike_R","Strike_R","Strike_R","Defend_R","Defend_R","Defend_R","Defend_R","Bash","Cleave","Spot Weakness","Sword Boomerang","Seeing Red","Flex","Dual Wield"],"relics":["Burning Blood","Bronze Scales","MawBank"],"acts_visited":["Exordium"],"potions_floor_usage":[5],"damage_taken":[{"damage":12,"enemies":"Jaw Worm","floor":1,"turns":3},{"damage":6,"enemies":"2 Louse","floor":2,"turns":2},{"damage":6,"enemies":"Cultist","floor":4,"turns":3},{"damage":1,"enemies":"2 Fungi Beasts","floor":5,"turns":3},{"damage":30,"enemies":"3 Sentries","floor":6,"turns":5},{"damage":26,"enemies":"Lots of Slimes","floor":7,"turns":4},{"damage":0,"enemies":"Lagavulin","floor":8,"turns":1}],"seed_played":"-1953763161652945486","potions_obtained":[{"floor":2,"key":"Block Potion"}],"is_trial":false,"path_per_floor":["M","M","$","M","M","E","M","E"],"character_chosen":"IRONCLAD","items_purchased":["Spot Weakness","Sword Boomerang"],"campfire_rested":0,"item_purchase_floors":[3,3],"current_hp_per_floor":[66,66,66,66,71,47,27,27,27],"gold":140,"neow_bonus":"RANDOM_COMMON_RELIC","is_daily":false,"chose_seed":false,"campfire_upgraded":0,"win_rate":0.0,"timestamp":1608197227,"path_taken":["M","M","$","M","M","E","M","E"],"items_purchased_type":["Card","Card"],"build_version":"2020-12-13","purchased_purges":0,"victory":false,"max_hp_per_floor":[80,80,80,80,80,80,80,80,80],"card_choices":[{"not_picked":["True Grit","Sentinel","Clothesline"],"picked":"SKIP","floor":1},{"not_picked":["Metallicize","Sentinel"],"picked":"Cleave","floor":2},{"not_picked":["True Grit","Iron Wave"],"picked":"Seeing Red","floor":4},{"not_picked":["Iron Wave","Thunderclap"],"picked":"Flex","floor":5},{"not_picked":["Warcry","Exhume"],"picked":"Dual Wield","floor":6},{"not_picked":["Shrug It Off","Headbutt","Iron Wave"],"picked":"SKIP","floor":7}],"player_experience":110574,"relics_obtained":[{"floor":6,"key":"MawBank"}],"event_choices":[],"is_beta":false,"boss_relics":[],"items_purged_floors":[],"is_endless":false,"potions_floor_spawned":[2],"killed_by":"Lagavulin","ascension_level":6}}