{"host":"sum4dy402bbv9y4o","time":1608218679,"event":{"mods":["Aspiration","BaseMod","Conspire","Highlight Path","Minty Spire (QoL Compilation)","StSLib"],"gold_per_floor":[413,413,426,426,73,98,98,98,98,131,144,144,171,188,188,262,312,329,58,58,58,58,58,74,74,74,74,19,36,67,86,86,158,158,178,195,219,40,40,54,66,66,89,119,119,135,135,135,135,135,135,135],"floor_reached":51,"playtime":1867,"items_purged":["Regret","Defend_P","Strike_P"],"score":1411,"play_id":"7b4fe5f6-4aea-467a-85c0-1f5a99df8eb5","local_time":"20201217182439","is_ascension_mode":true,"campfire_choices":[{"floor":8,"key":"REST"},{"floor":12,"key":"REST"},{"floor":15,"key":"REST"},{"floor":23,"key":"REST"},{"floor":25,"key":"REST"},{"data":"Eruption","floor":27,"key":"SMITH"},{"floor":32,"key":"REST"},{"floor":45,"key":"REST"},{"floor":47,"key":"REST"},{"floor":49,"key":"REST"}],"circlet_count":0,"master_deck":["AscendersBane","Strike_P","Strike_P","Strike_P","Defend_P","Defend_P","Eruption+1","Vigilance","Protect+1","Evaluate","TalkToTheHand","EmptyFist","ThirdEye+1","EmptyBody","Tantrum+1","SashWhip","LessonLearned","TalkToTheHand","TalkToTheHand","FlyingSleeves+1","FlurryOfBlows","ReachHeaven","FlyingSleeves","Halt"],"relics":["PureWater","Old Coin","Potion Belt","Akabeko","Bottled Lightning","aspiration:ChemicalBlood","Sundial","Tiny House","ClockworkSouvenir","aspiration:RitualStick","Mango","Torii","Empty Cage","War Paint","conspire:TopHat","Dead Branch"],"acts_visited":["Exordium","TheCity","TheBeyond"],"potions_floor_usage":[6,6,10,10,13,13,14,16,17,18,24,24,29,30,30,33,33,33,35,40,42,42,44,48,50,50,50,50,50],"damage_taken":[{"damage":2,"enemies":"Small Slimes","floor":1,"turns":6},{"damage":0,"enemies":"Cultist","floor":3,"turns":4},{"damage":30,"enemies":"Lagavulin","floor":6,"turns":6},{"damage":57,"enemies":"Gremlin Nob","floor":10,"turns":4},{"damage":0,"enemies":"2 Louse","floor":11,"turns":2},{"damage":8,"enemies":"3 Sentries","floor":13,"turns":4},{"damage":13,"enemies":"Gremlin Gang","floor":14,"turns":6},{"damage":20,"enemies":"The Guardian","floor":16,"turns":13},{"damage":19,"enemies":"Spheric Guardian","floor":18,"turns":4},{"damage":5,"enemies":"Chosen","floor":24,"turns":5},{"damage":7,"enemies":"Shelled Parasite and Fungi","floor":29,"turns":3},{"damage":15,"enemies":"Gremlin Leader","floor":30,"turns":5},{"damage":1,"enemies":"Snecko","floor":31,"turns":5},{"damage":34,"enemies":"Collector","floor":33,"turns":8},{"damage":18,"enemies":"3 Darklings","floor":35,"turns":5},{"damage":0,"enemies":"3 Shapes","floor":36,"turns":4},{"damage":0,"enemies":"Maw","floor":40,"turns":6},{"damage":13,"enemies":"Transient","floor":41,"turns":6},{"damage":0,"enemies":"Reptomancer","floor":42,"turns":2},{"damage":79,"enemies":"Giant Head","floor":44,"turns":7},{"damage":1,"enemies":"Spire Growth","floor":46,"turns":4},{"damage":20,"enemies":"3 Darklings","floor":48,"turns":3},{"damage":66,"enemies":"Donu and Deca","floor":50,"turns":8},{"damage":26,"enemies":"conspire:OrnateMirror","floor":51,"turns":1}],"seed_played":"2735616658596010299","potions_obtained":[{"floor":1,"key":"Block Potion"},{"floor":7,"key":"Regen Potion"},{"floor":7,"key":"Explosive Potion"},{"floor":11,"key":"SteroidPotion"},{"floor":13,"key":"Fire Potion"},{"floor":16,"key":"AttackPotion"},{"floor":17,"key":"Fruit Juice"},{"floor":18,"key":"Swift Potion"},{"floor":31,"key":"Block Potion"},{"floor":35,"key":"SmokeBomb"},{"floor":36,"key":"PowerPotion"},{"floor":40,"key":"EssenceOfSteel"},{"floor":44,"key":"conspire:TimeTravelPotion"}],"is_trial":false,"path_per_floor":["M","?","M","?","$","E","?","R","T","E","M","R","E","M","R","B",null,"M","$","?","?","?","R","M","R","T","R","$","M","E","M","R","B",null,"M","M","T","$","?","M","M","E","T","E","R","M","R","M","R","B","B"],"character_chosen":"WATCHER","items_purchased":["TalkToTheHand","EmptyFist","Fire Potion","Explosive Potion","ThirdEye","ClockworkSouvenir","Strength Potion","FlyingSleeves"],"campfire_rested":9,"item_purchase_floors":[5,5,5,5,5,19,28,38],"current_hp_per_floor":[59,59,59,59,59,29,29,49,49,4,4,24,16,3,23,3,62,43,43,43,43,23,46,41,64,78,78,78,71,56,55,82,48,81,63,63,63,63,68,68,55,55,55,27,54,53,80,60,87,21,0,0],"gold":135,"neow_bonus":"ONE_RARE_RELIC","is_daily":false,"chose_seed":false,"campfire_upgraded":1,"win_rate":0.0,"timestamp":1608218679,"path_taken":["M","?","?","?","$","E","?","R","T","E","M","R","E","?","R","BOSS","M","$","?","?","?","R","?","R","T","R","$","M","E","M","R","BOSS","M","M","?","$","?","M","M","E","T","E","R","M","R","M","R","BOSS","BOSS"],"items_purchased_type":["Card","Card","Potion","Potion","Card","Relic","Potion","Card"],"build_version":"2020-12-13","purchased_purges":3,"victory":false,"max_hp_per_floor":[68,68,68,68,68,68,68,68,68,68,68,68,68,68,68,68,78,78,78,78,78,78,78,78,78,92,92,92,92,92,92,92,92,92,92,92,92,92,92,92,92,92,92,92,92,92,92,92,92,92,92,92],"card_choices":[{"not_picked":["InnerPeace","Study"],"picked":"Protect","floor":1},{"not_picked":["Nirvana","Protect"],"picked":"Evaluate","floor":3},{"not_picked":["Ragnarok","ForeignInfluence","BattleHymn"],"picked":"SKIP","floor":6},{"not_picked":["Swivel","DeceiveReality"],"picked":"EmptyBody","floor":10},{"not_picked":["Evaluate","Prostrate"],"picked":"Tantrum","floor":11},{"not_picked":["DeceiveReality","Protect","CrushJoints"],"picked":"SKIP","floor":13},{"not_picked":["EmptyBody","Fasting2"],"picked":"SashWhip","floor":14},{"not_picked":["ConjureBlade","Alpha"],"picked":"LessonLearned","floor":16},{"not_picked":["MentalFortress","SandsOfTime"],"picked":"TalkToTheHand","floor":18},{"not_picked":["DeceiveReality","EmptyMind","Meditate"],"picked":"SKIP","floor":24},{"not_picked":["Protect","SashWhip"],"picked":"TalkToTheHand","floor":29},{"not_picked":["BattleHymn","EmptyBody"],"picked":"FlyingSleeves+1","floor":30},{"not_picked":["EmptyBody","Pray","SashWhip"],"picked":"SKIP","floor":31},{"not_picked":["FollowUp+1","ClearTheMind+1"],"picked":"FlurryOfBlows","floor":35},{"not_picked":["CrushJoints","Wireheading"],"picked":"ReachHeaven","floor":36},{"not_picked":["Collect","BowlingBash"],"picked":"Halt","floor":40},{"not_picked":["JustLucky","FlyingSleeves","ThirdEye"],"picked":"SKIP","floor":41},{"not_picked":["SashWhip","JustLucky+1","Ragnarok"],"picked":"SKIP","floor":44},{"not_picked":["Evaluate","Nirvana","EmptyBody"],"picked":"SKIP","floor":46}],"player_experience":2803721,"relics_obtained":[{"floor":6,"key":"Akabeko"},{"floor":9,"key":"Bottled Lightning"},{"floor":10,"key":"aspiration:ChemicalBlood"},{"floor":13,"key":"Sundial"},{"floor":26,"key":"Mango"},{"floor":30,"key":"Torii"},{"floor":37,"key":"War Paint"},{"floor":43,"key":"conspire:TopHat"},{"floor":44,"key":"Dead Branch"}],"event_choices":[{"cards_removed":["Normality"],"damage_healed":0,"gold_gain":0,"player_choice":"Purged","damage_taken":0,"max_hp_gain":0,"max_hp_loss":0,"event_name":"Purifier","floor":2,"gold_loss":0},{"damage_healed":0,"gold_gain":0,"player_choice":"Box","damage_taken":0,"relics_obtained":["Potion Belt"],"max_hp_gain":0,"max_hp_loss":0,"event_name":"Big Fish","floor":4,"gold_loss":0,"cards_obtained":["Regret"]},{"damage_healed":0,"gold_gain":0,"player_choice":"Got Potions","damage_taken":0,"max_hp_gain":0,"max_hp_loss":0,"event_name":"Lab","floor":7,"gold_loss":0},{"damage_healed":0,"gold_gain":0,"player_choice":"Smashed Altar","damage_taken":0,"max_hp_gain":0,"max_hp_loss":0,"event_name":"Forgotten Altar","floor":20,"gold_loss":0,"cards_obtained":["Decay"]}],"is_beta":false,"boss_relics":[{"not_picked":["Calling Bell","Cursed Key"],"picked":"Tiny House"},{"not_picked":["aspiration:FutureDiary","aspiration:RunicSpoon"],"picked":"Empty Cage"}],"items_purged_floors":[5,19,38],"is_endless":false,"potions_floor_spawned":[1,11,13,16,18,31,35,36,40,44,46],"killed_by":"conspire:OrnateMirror","ascension_level":20}}