{"host":"h2kd9fh9k05klpg6","time":1608183020,"event":{"mods":["AchievementEnabler","Act Like it!","BaseMod","Better Third Choice","BetterRewards","Card Forge","Minty Spire (QoL Compilation)","Permanent Neow","Quick Restart","Replay The Spire","StSLib"],"gold_per_floor":[116,125,309,518,466,501,511,511,564,623,623,641,686,715,715,846,846,882,608,716,725,725,470,470,504,504,355,355,364,393,411,411,552,552,595,438,447,53,75,132,171,222,222,222,222,324,333,0,74,118],"floor_reached":51,"playtime":1260,"items_purged":[],"score":1222,"play_id":"44b4caa9-2b5b-47c8-9a5f-5bbb28a61a00","local_time":"20201217003020","is_ascension_mode":true,"campfire_choices":[{"floor":8,"key":"REST"},{"floor":15,"key":"REST"},{"data":"ReplayTheSpireMod:Faulty Equipment","floor":24,"key":"SMITH"},{"floor":28,"key":"RECALL"},{"data":"Insight","floor":32,"key":"SMITH"}],"circlet_count":0,"master_deck":["AbeCurse","Whirlwind+1","Flex+1","Flex+1","Flex+1","Insight+1","Replay:Many Hands+1","ReplayTheSpireMod:Necrogeddon+1"],"relics":["Burning Blood","Hammer of Thor","Seething Fire","Anvil of the Gods","Chemical X","Replay:WaspNest","Lizard Tail","Abe\u0027s Treasure","CeramicFish","Smiling Mask","Regal Pillow","Akabeko","Ring of Fury","Ring of Greed","Replay:Wax Seal","Replay:Bandana","Replay:Kaleidoscope","Odd Mushroom","Philosopher\u0027s Stone","PreservedInsect","Mirror","HandDrill","Replay:Bottled Snecko","MealTicket","Singing Bowl","Orichalcum","Sozu","Happy Flower","Gremlin Horn","TheAbacus","Juzu Bracelet","ReplayTheSpireMod:Shallot","Red Mask","Counterbalance"],"acts_visited":["Exordium","TheCity","TheBeyond"],"potions_floor_usage":[23,23],"damage_taken":[{"damage":0,"enemies":"Cultist","floor":1,"turns":1},{"damage":0,"enemies":"Lagavulin","floor":6,"turns":2},{"damage":18,"enemies":"Small Slimes","floor":7,"turns":2},{"damage":0,"enemies":"2 Louse","floor":12,"turns":1},{"damage":0,"enemies":"3 Sentries","floor":13,"turns":1},{"damage":0,"enemies":"The Mushroom Lair","floor":14,"turns":1},{"damage":3,"enemies":"The Guardian","floor":16,"turns":2},{"damage":0,"enemies":"Shell Parasite","floor":18,"turns":1},{"damage":0,"enemies":"Book of Stabbing","floor":23,"turns":1},{"damage":0,"enemies":"2 Thieves","floor":25,"turns":1},{"damage":0,"enemies":"Shelled Parasite and Fungi","floor":30,"turns":1},{"damage":0,"enemies":"Snecko","floor":31,"turns":1},{"damage":0,"enemies":"Automaton","floor":33,"turns":2},{"damage":0,"enemies":"3 Darklings","floor":35,"turns":1},{"damage":0,"enemies":"3 Shapes","floor":39,"turns":1},{"damage":0,"enemies":"R_Hoarder","floor":40,"turns":1},{"damage":0,"enemies":"3 Darklings","floor":41,"turns":1},{"damage":0,"enemies":"Nemesis","floor":42,"turns":1},{"damage":0,"enemies":"Transient","floor":46,"turns":2},{"damage":0,"enemies":"2 Orb Walkers","floor":49,"turns":1},{"damage":12,"enemies":"Time Eater","floor":50,"turns":2}],"seed_played":"-8361619374362170107","potions_obtained":[{"floor":6,"key":"LiquidBronze"},{"floor":7,"key":"Block Potion"},{"floor":23,"key":"SpeedPotion"},{"floor":31,"key":"Elixir"}],"is_trial":false,"path_per_floor":["M","?","?","?","$","E","M","R","T","?","?","M","E","?","R","B",null,"M","$","?","?","?","E","R","M","T","$","R","?","M","M","R","B",null,"M","$","?","$","M","E","M","E","T","?","R","M","?","?","R","B",null],"character_chosen":"IRONCLAD","items_purchased":["Chemical X","Replay:WaspNest","CeramicFish","Adrenaline Potion","PreservedInsect","Mirror","HandDrill","DuplicationPotion","Orichalcum","Happy Flower","Gremlin Horn","TheAbacus"],"campfire_rested":2,"item_purchase_floors":[0,0,0,5,19,19,19,19,27,36,38,38],"current_hp_per_floor":[50,27,27,40,40,46,34,73,73,73,73,79,80,80,80,80,80,80,80,80,80,80,80,80,80,80,80,80,80,82,84,84,84,84,86,86,86,86,88,90,92,94,94,94,94,96,96,96,98,92],"gold":118,"neow_bonus":"","is_daily":false,"chose_seed":false,"campfire_upgraded":2,"win_rate":0.0,"timestamp":1608183020,"path_taken":["M","?","?","?","$","E","?","R","T","?","?","?","E","?","R","BOSS","M","$","?","?","?","E","R","M","T","$","R","?","M","?","R","BOSS","M","$","?","$","M","E","M","E","T","?","R","M","?","?","R","BOSS"],"items_purchased_type":["Relic","Relic","Relic","Potion","Relic","Relic","Relic","Potion","Relic","Relic","Relic","Relic"],"build_version":"2020-12-13","purchased_purges":0,"victory":true,"max_hp_per_floor":[80,80,80,80,80,80,80,80,80,80,80,80,80,80,80,80,80,80,80,80,80,80,80,80,80,80,80,80,80,82,84,84,84,84,86,86,86,86,88,90,92,94,94,94,94,96,96,96,98,98],"card_choices":[{"not_picked":["Rupture","Clothesline","ReplayTheSpireMod:Muscle Training"],"picked":"SKIP","floor":1},{"not_picked":["Iron Wave","Body Slam","Sever Soul"],"picked":"SKIP","floor":6},{"not_picked":["Body Slam","Flex","Sever Soul"],"picked":"SKIP","floor":7},{"not_picked":["Run Through","Twin Strike","Bloodletting"],"picked":"SKIP","floor":12},{"not_picked":["Searing Blow","Body Slam","Sentinel"],"picked":"SKIP","floor":13},{"not_picked":["Sword Boomerang","ReplayTheSpireMod:Limb From Limb","Twin Strike"],"picked":"SKIP","floor":18},{"not_picked":["Anger","ReplayTheSpireMod:Corrosion Curse+1","Replay:Undeath\u0027s Touch"],"picked":"SKIP","floor":23},{"not_picked":["Anger","ReplayTheSpireMod:Corrosion Curse+1","Replay:Undeath\u0027s Touch"],"picked":"SKIP","floor":23},{"not_picked":["Replay:Undeath\u0027s Touch","Body Slam+1","True Grit+1"],"picked":"SKIP","floor":25},{"not_picked":["Cleave","ReplayReversal","Sentinel"],"picked":"Singing Bowl","floor":30},{"not_picked":["Wild Strike","ReplayTheSpireMod:Muscle Training+1","Shrug It Off"],"picked":"Singing Bowl","floor":31},{"not_picked":["Demonic Infusion","Feed"],"picked":"Replay:Many Hands","floor":33},{"not_picked":["Massacre","Iron Wave+1","Hemokinesis"],"picked":"Singing Bowl","floor":35},{"not_picked":["Armaments","Thunderclap","Headbutt"],"picked":"Singing Bowl","floor":39},{"not_picked":["Sever Soul","Shrug It Off","Iron Wave+1"],"picked":"Singing Bowl","floor":40},{"not_picked":["Shrug It Off+1","Run Through+1","Body Slam+1"],"picked":"Singing Bowl","floor":41},{"not_picked":["Exhume","Rage","Body Slam+1"],"picked":"Singing Bowl","floor":42},{"not_picked":["Cleave+1","Heavy Blade","Wild Strike"],"picked":"Singing Bowl","floor":46},{"not_picked":["Master of Strategy","Bandage Up"],"picked":"ReplayTheSpireMod:Necrogeddon","floor":47},{"not_picked":["Anger","Bloodletting+1","Ghostly Armor"],"picked":"Singing Bowl","floor":49}],"player_experience":432734,"relics_obtained":[{"floor":6,"key":"Regal Pillow"},{"floor":9,"key":"Akabeko"},{"floor":10,"key":"Ring of Fury"},{"floor":10,"key":"Ring of Greed"},{"floor":10,"key":"Replay:Wax Seal"},{"floor":10,"key":"Replay:Bandana"},{"floor":13,"key":"Replay:Kaleidoscope"},{"floor":14,"key":"Odd Mushroom"},{"floor":23,"key":"MealTicket"},{"floor":26,"key":"Singing Bowl"},{"floor":40,"key":"Juzu Bracelet"},{"floor":42,"key":"ReplayTheSpireMod:Shallot"},{"floor":49,"key":"Counterbalance"}],"event_choices":[{"damage_healed":0,"gold_gain":175,"player_choice":"AGREE","damage_taken":125,"max_hp_gain":0,"max_hp_loss":0,"event_name":"betterThird:BetterSerpent","floor":3,"gold_loss":0},{"damage_healed":0,"gold_gain":0,"player_choice":"Ignored","damage_taken":0,"max_hp_gain":0,"max_hp_loss":0,"event_name":"Upgrade Shrine","floor":11,"gold_loss":0},{"damage_healed":0,"gold_gain":0,"player_choice":"Fought Mushrooms","damage_taken":0,"max_hp_gain":0,"max_hp_loss":0,"event_name":"Mushrooms","floor":14,"gold_loss":0},{"damage_healed":0,"gold_gain":99,"player_choice":"Steal","damage_taken":0,"max_hp_gain":0,"max_hp_loss":0,"event_name":"betterThird:BetterNest","floor":20,"gold_loss":0},{"damage_healed":0,"gold_gain":0,"player_choice":"Stole Relic","damage_taken":0,"relics_obtained":["Replay:Bottled Snecko"],"max_hp_gain":0,"max_hp_loss":0,"event_name":"Addict","floor":21,"gold_loss":0,"cards_obtained":["Shame"]},{"damage_healed":0,"gold_gain":0,"player_choice":"Ignored","damage_taken":0,"max_hp_gain":0,"max_hp_loss":0,"event_name":"Vampires","floor":22,"gold_loss":0},{"damage_healed":0,"gold_gain":0,"player_choice":"Insight","damage_taken":0,"max_hp_gain":0,"max_hp_loss":0,"event_name":"betterThird:BetterWriting","floor":29,"gold_loss":0,"cards_obtained":["Insight"]},{"damage_healed":22,"gold_gain":0,"player_choice":"Writhe","damage_taken":0,"max_hp_gain":0,"max_hp_loss":0,"event_name":"Winding Halls","floor":37,"gold_loss":0,"cards_obtained":["Writhe"]},{"damage_healed":0,"gold_gain":0,"player_choice":"Upgraded","damage_taken":0,"max_hp_gain":0,"max_hp_loss":0,"event_name":"Upgrade Shrine","floor":44,"gold_loss":0,"cards_upgraded":["ReplayTheSpireMod:Faulty Equipment"]},{"damage_healed":0,"gold_gain":0,"player_choice":"Memory 1","damage_taken":0,"max_hp_gain":0,"max_hp_loss":0,"event_name":"SensoryStone","floor":47,"gold_loss":0},{"damage_healed":0,"gold_gain":0,"player_choice":"Paid","damage_taken":0,"relics_obtained":["Red Mask"],"max_hp_gain":0,"max_hp_loss":0,"event_name":"Tomb of Lord Red Mask","floor":48,"gold_loss":333},{"damage_healed":0,"gold_gain":0,"player_choice":"Fight","damage_taken":0,"max_hp_gain":0,"max_hp_loss":0,"event_name":"Mysterious Sphere","floor":49,"gold_loss":0}],"is_beta":false,"boss_relics":[{"not_picked":["Runic Cube","ChewingGum"],"picked":"Philosopher\u0027s Stone"},{"not_picked":["Kintsugi","Mark of Pain"],"picked":"Sozu"}],"items_purged_floors":[],"is_endless":false,"potions_floor_spawned":[6,7,18,23,31,35,40,41,42],"ascension_level":4}}