{"host":"5qewjvycy34u7aeo","time":1608247265,"event":{"mods":["Act Like it!","Aspiration","BaseMod","Conspire","Downfall","GifTheSpireLib","Hubris","Infinite Spire","Minty Spire (QoL Compilation)","Permanent Neow","Replay The Spire","Shop Mod","StSLib","Stuff the Spire"],"gold_per_floor":[99,118,146,146,157,186,186,186,199,49,49,66,86,103,119,220,220,495,510,542,542,560,599,626,626,705,735,745,745,745],"floor_reached":29,"playtime":1233,"items_purged":[],"score":289,"play_id":"120ae5d5-ac5f-4ee9-8a1b-318805afd8d6","local_time":"20201217152105","is_ascension_mode":true,"campfire_choices":[{"floor":1,"key":"RECALL"},{"data":"Slimebound:LivingWall","floor":10,"key":"SMITH"},{"data":"Slimebound:SlimeBarrage","floor":21,"key":"PURGE"}],"circlet_count":0,"master_deck":["Slimebound:Strike_Slimebound","Slimebound:Strike_Slimebound","Slimebound:Strike_Slimebound","Slimebound:Tackle","Slimebound:Defend_Slimebound","Slimebound:Defend_Slimebound","Slimebound:Defend_Slimebound","Slimebound:Split","Slimebound:CorrosiveSpit","Slimebound:GoopSpray","Slimebound:LivingWall+1","Slimebound:SlimeSpikes+1","Slimebound:SplitBruiser","Slimebound:LeechingTouch","Slimebound:LevelUp","Slimebound:SplitAcid","Slimebound:LevelUp","Slimebound:MassRepurpose","Regret","Slimebound:LevelUp","Slimebound:PressTheAttack","Slimebound:SplitMire+1","Writhe","Slimebound:SelfFormingGoo","Slimebound:SlimeSpikes"],"relics":["Slimebound:AbsorbEndCombat","Slimebound:ScrapOozeRelic","Quantum Egg","ReplayTheSpireMod:Shallot","downfall:HeartBlessingBlue","downfall:HeartBlessingRed","Sozu","Replay:Wax Seal","Turnip","Potion Belt","aspiration:ChemicalBlood","hubris:BottledRain","Bag of Preparation"],"acts_visited":["Exordium","TheCity"],"potions_floor_usage":[6,29],"damage_taken":[{"damage":7,"enemies":"2 Louse","floor":2,"turns":4},{"damage":44,"enemies":"3 Sentries","floor":3,"turns":6},{"damage":4,"enemies":"Jaw Worm","floor":5,"turns":4},{"damage":31,"enemies":"Gremlin Nob","floor":6,"turns":4},{"damage":4,"enemies":"Cultist","floor":9,"turns":2},{"damage":8,"enemies":"Lots of Slimes","floor":12,"turns":3},{"damage":8,"enemies":"Gremlin Gang","floor":13,"turns":3},{"damage":12,"enemies":"2 Fungi Beasts","floor":14,"turns":3},{"damage":12,"enemies":"Large Slime","floor":15,"turns":4},{"damage":30,"enemies":"downfall:Ironclad","floor":16,"turns":6},{"damage":13,"enemies":"conspire:FuzzyDice","floor":19,"turns":4},{"damage":35,"enemies":"Slavers","floor":20,"turns":4},{"damage":6,"enemies":"3 Byrds","floor":22,"turns":3},{"damage":40,"enemies":"conspire:MimicChest","floor":23,"turns":6},{"damage":48,"enemies":"Book of Stabbing","floor":27,"turns":6},{"damage":22,"enemies":"Snake Plant","floor":28,"turns":3},{"damage":37,"enemies":"Centurion and Healer","floor":29,"turns":2}],"seed_played":"8496063223023904103","potions_obtained":[{"floor":2,"key":"Swift Potion"},{"floor":5,"key":"Slimebound:SlimyTonguePotion"},{"floor":9,"key":"Strength Potion"},{"floor":13,"key":"Adrenaline Potion"},{"floor":16,"key":"Dexterity Potion"}],"is_trial":false,"path_per_floor":["R","M","E","?","M","E","T","T","M","R","?","M","M","M","M","B",null,"R","M","E","R","M","?","T","?","T","E","M","M"],"character_chosen":"SLIMEBOUND","items_purchased":[],"campfire_rested":0,"item_purchase_floors":[],"current_hp_per_floor":[60,60,32,32,36,13,13,13,17,27,27,35,39,39,39,29,70,70,70,55,55,65,51,51,51,51,33,27,0,0],"gold":745,"neow_bonus":"REMOVE_CARD","is_daily":false,"chose_seed":false,"campfire_upgraded":1,"win_rate":0.0,"timestamp":1608247265,"path_taken":["R","M","E","?","M","E","T","?","M","R","?","M","M","M","M","BOSS","R","?","E","R","M","?","T","?","?","E","M","M"],"items_purchased_type":[],"build_version":"2020-12-13","purchased_purges":0,"victory":false,"max_hp_per_floor":[60,60,60,60,60,60,60,60,60,70,70,70,70,70,70,70,70,70,70,70,70,70,70,70,70,70,70,70,70,70],"card_choices":[{"not_picked":["Slimebound:Prepare","Slimebound:ViciousTackle"],"picked":"Slimebound:GoopSpray","floor":2},{"not_picked":["Slimebound:RollThrough","Slimebound:LeechEnergy"],"picked":"Slimebound:LivingWall","floor":3},{"not_picked":["Slimebound:SlimeBarrage","Slimebound:ViciousTackle"],"picked":"Slimebound:SlimeSpikes","floor":5},{"not_picked":["Slimebound:LivingWall","Slimebound:LeechingTouch"],"picked":"Slimebound:SplitBruiser","floor":6},{"not_picked":["Slimebound:GoopTackle","Slimebound:SplitAcid"],"picked":"Slimebound:LeechingTouch","floor":9},{"not_picked":["Slimebound:Gluttony","Slimebound:SplitAcid"],"picked":"Slimebound:LevelUp","floor":12},{"not_picked":["Slimebound:DisruptingSlam","Slimebound:LivingWall"],"picked":"Slimebound:SplitAcid","floor":13},{"not_picked":["Slimebound:LeechEnergy","Slimebound:RollThrough","Slimebound:FinishingTackle"],"picked":"SKIP","floor":14},{"not_picked":["Slimebound:FirmFortitude","Slimebound:SlimeBarrage"],"picked":"Slimebound:LevelUp","floor":15},{"not_picked":["Slimebound:LeechLife","Slimebound:SlimeSlap"],"picked":"Slimebound:MassRepurpose","floor":16},{"not_picked":["Slimebound:RollThrough","Slimebound:PressTheAttack+1"],"picked":"Slimebound:LevelUp","floor":19},{"not_picked":["Slimebound:ViciousTackle","Slimebound:SlimeSpikes+1"],"picked":"Slimebound:SlimeBarrage","floor":20},{"not_picked":["Slimebound:Chomp","Slimebound:SplitAcid"],"picked":"Slimebound:PressTheAttack","floor":22},{"not_picked":["Slimebound:LeechingTouch","Slimebound:SplitBruiser"],"picked":"Slimebound:SplitMire+1","floor":23},{"not_picked":["Slimebound:LeechEnergy","Slimebound:SlimeSpikes"],"picked":"Slimebound:SelfFormingGoo","floor":27},{"not_picked":["Slimebound:SplitBruiser","Slimebound:FinishingTackle"],"picked":"Slimebound:SlimeSpikes","floor":28}],"player_experience":364962,"relics_obtained":[{"floor":3,"key":"StuffTheSpire:HeavyRock"},{"floor":6,"key":"Quantum Egg"},{"floor":7,"key":"ReplayTheSpireMod:Shallot"},{"floor":20,"key":"Replay:Wax Seal"},{"floor":23,"key":"Turnip"},{"floor":24,"key":"Potion Belt"},{"floor":26,"key":"hubris:BottledRain"},{"floor":27,"key":"Bag of Preparation"}],"event_choices":[{"damage_healed":0,"gold_gain":0,"player_choice":"Upgraded","damage_taken":0,"max_hp_gain":0,"max_hp_loss":0,"event_name":"Upgrade Shrine","floor":11,"gold_loss":0,"cards_upgraded":["Slimebound:SlimeSpikes"]}],"is_beta":false,"boss_relics":[{"not_picked":["aspiration:PoetsPen_weak","hubris:HollowSoul"],"picked":"Sozu"}],"items_purged_floors":[],"is_endless":false,"potions_floor_spawned":[2,5,9,13,15,16,19,22,28],"killed_by":"Centurion and Healer","ascension_level":1}}