{"host":"un97lkyah1pp4w16","time":1608229470,"event":{"mods":["BaseMod","Colored Map","Colored Powertips","Minty Spire (QoL Compilation)","StSLib","SuperFastMode"],"gold_per_floor":[115,125,125,75,87,87,102,102,102,114,151,163,185,19,19,114,114,133,151,39,39,49,49,49,49,98,110,110,110],"floor_reached":28,"playtime":1012,"items_purged":[],"score":208,"play_id":"c951fe1d-57e1-440c-b38d-90e3a503c7fb","local_time":"20201218022430","is_ascension_mode":false,"campfire_choices":[{"data":"Metallicize","floor":6,"key":"SMITH"},{"floor":8,"key":"RECALL"},{"data":"Pommel Strike","floor":10,"key":"SMITH"},{"floor":15,"key":"REST"},{"floor":23,"key":"REST"},{"floor":25,"key":"REST"}],"circlet_count":0,"master_deck":["Strike_R","Defend_R","Defend_R","Defend_R","Defend_R","Bash","Pommel Strike+1","Disarm","Metallicize+1","Shrug It Off","Heavy Blade","Armaments","Metamorphosis","Barricade","Pummel+1","Demon Form+1","Cleave+1","Rupture+1","Body Slam","Spot Weakness","Inflame","Blood for Blood","Dropkick"],"relics":["Burning Blood","Thread and Needle","Question Card","MawBank","Odd Mushroom","Champion Belt","Astrolabe","Lantern"],"acts_visited":["Exordium","TheCity"],"potions_floor_usage":[16,16,22],"damage_taken":[{"damage":0,"enemies":"Cultist","floor":1,"turns":4},{"damage":0,"enemies":"Jaw Worm","floor":2,"turns":4},{"damage":1,"enemies":"2 Louse","floor":5,"turns":3},{"damage":0,"enemies":"Blue Slaver","floor":7,"turns":6},{"damage":36,"enemies":"The Mushroom Lair","floor":11,"turns":8},{"damage":0,"enemies":"2 Fungi Beasts","floor":13,"turns":6},{"damage":23,"enemies":"Hexaghost","floor":16,"turns":10},{"damage":33,"enemies":"Spheric Guardian","floor":18,"turns":8},{"damage":12,"enemies":"Shell Parasite","floor":19,"turns":8},{"damage":47,"enemies":"Snake Plant","floor":22,"turns":7},{"damage":16,"enemies":"Sentry and Sphere","floor":27,"turns":5},{"damage":79,"enemies":"Masked Bandits","floor":28,"turns":5}],"seed_played":"8644046025549549183","potions_obtained":[{"floor":7,"key":"Regen Potion"},{"floor":11,"key":"Strength Potion"},{"floor":16,"key":"LiquidMemories"},{"floor":19,"key":"Regen Potion"},{"floor":24,"key":"FairyPotion"},{"floor":24,"key":"DuplicationPotion"}],"is_trial":false,"path_per_floor":["M","M","T","?","M","R","M","R","T","R","?","?","M","$","R","B",null,"M","M","$","?","M","R","?","R","T","M","?"],"character_chosen":"IRONCLAD","items_purchased":["Metamorphosis","Spot Weakness","Inflame"],"campfire_rested":3,"item_purchase_floors":[14,20,20],"current_hp_per_floor":[72,72,72,72,72,72,72,72,72,72,42,39,45,45,66,64,72,45,39,39,39,12,33,33,54,54,44,0,0],"gold":110,"neow_bonus":"ONE_RARE_RELIC","is_daily":false,"chose_seed":false,"campfire_upgraded":2,"win_rate":0.0,"timestamp":1608229470,"path_taken":["M","?","?","?","?","R","M","R","T","R","?","?","M","?","R","BOSS","M","M","$","?","M","R","?","R","T","?","?"],"items_purchased_type":["Card","Card","Card"],"build_version":"2020-12-13","purchased_purges":0,"victory":false,"max_hp_per_floor":[72,72,72,72,72,72,72,72,72,72,72,72,72,72,72,72,72,72,72,72,72,72,72,72,72,72,72,72,72],"card_choices":[{"not_picked":["Havoc","Iron Wave"],"picked":"Pommel Strike","floor":1},{"not_picked":["Wild Strike","Entrench"],"picked":"Disarm","floor":2},{"not_picked":["Evolve","Perfected Strike","Dark Embrace"],"picked":"Metallicize","floor":5},{"not_picked":["Perfected Strike","Havoc","Iron Wave"],"picked":"Shrug It Off","floor":7},{"not_picked":["Blood for Blood","Body Slam","Feel No Pain"],"picked":"Heavy Blade","floor":11},{"not_picked":["Twin Strike","Clash","Uppercut"],"picked":"Armaments","floor":13},{"not_picked":["Fiend Fire","Immolate","Berserk"],"picked":"Barricade","floor":16},{"not_picked":["Warcry+1","Disarm","Thunderclap"],"picked":"Rupture+1","floor":18},{"not_picked":["Thunderclap+1","Flex","Shrug It Off"],"picked":"Body Slam","floor":19},{"not_picked":["Sever Soul","Burning Pact","Cleave"],"picked":"Blood for Blood","floor":22},{"not_picked":["True Grit+1","Uppercut","Carnage"],"picked":"Dropkick","floor":27}],"player_experience":93711,"relics_obtained":[{"floor":3,"key":"Question Card"},{"floor":9,"key":"MawBank"},{"floor":11,"key":"Odd Mushroom"}],"event_choices":[{"cards_removed":["Strike_R"],"damage_healed":0,"gold_gain":0,"player_choice":"Card Removal","damage_taken":0,"max_hp_gain":0,"max_hp_loss":0,"event_name":"The Cleric","floor":4,"gold_loss":50},{"damage_healed":0,"gold_gain":0,"player_choice":"Fought Mushrooms","damage_taken":0,"max_hp_gain":0,"max_hp_loss":0,"event_name":"Mushrooms","floor":11,"gold_loss":0},{"damage_healed":0,"gold_gain":0,"player_choice":"Success","damage_taken":3,"relics_obtained":["Champion Belt"],"max_hp_gain":0,"max_hp_loss":0,"event_name":"Scrap Ooze","floor":12,"gold_loss":0},{"damage_healed":0,"gold_gain":0,"player_choice":"Opened","damage_taken":0,"relics_obtained":["Lantern"],"max_hp_gain":0,"max_hp_loss":0,"event_name":"The Mausoleum","floor":21,"gold_loss":0},{"damage_healed":0,"gold_gain":0,"player_choice":"Got Potions","damage_taken":0,"max_hp_gain":0,"max_hp_loss":0,"event_name":"Lab","floor":24,"gold_loss":0},{"damage_healed":0,"gold_gain":0,"player_choice":"Fought Bandits","damage_taken":0,"max_hp_gain":0,"max_hp_loss":0,"event_name":"Masked Bandits","floor":28,"gold_loss":0}],"is_beta":false,"boss_relics":[{"not_picked":["Empty Cage","Mark of Pain"],"picked":"Astrolabe"}],"items_purged_floors":[],"is_endless":false,"potions_floor_spawned":[7,11,16,19],"killed_by":"Masked Bandits","ascension_level":0}}