{"host":"5pvsezzv96u4cz40","time":1608249538,"event":{"mods":["2.2 Compatiblity","Act Like it!","BaseMod","BetterRewards","CapriCore","Colored Map","Colored Powertips","GifTheSpireLib","GungeonMod","Hermit","Hubris","Infinite Spire","Jorbs\u0027s Wanderer Trilogy","Lobotomy","Marisa????????","Menagerie","Minty Spire (QoL Compilation)","Reimu??????","Remilia??????","Replay The Spire","Shop Mod","StSLib","The Bladedancer","The Exalted","The Immortal","The Servant 0.9.4","??????REMEMod"],"gold_per_floor":[114,134,134,149,6,25,25,25,72,82,108,60,60,71,71,71,71],"floor_reached":16,"playtime":1513,"items_purged":[],"score":102,"play_id":"f040861c-d08b-4f0d-b748-2fec6c1b8eb9","local_time":"20201218005858","is_ascension_mode":false,"campfire_choices":[{"floor":7.0,"key":"REST"},{"data":"Bromod:ArchwingLauncher","floor":13.0,"key":"SMITH"},{"floor":15.0,"key":"REST"}],"circlet_count":0,"master_deck":["Bromod:Strike_Bro","Bromod:Strike_Bro","Bromod:Strike_Bro","Bromod:Defend_Bro","Bromod:Defend_Bro","Bromod:Defend_Bro","Bromod:Defend_Bro","Bromod:SlashDash","Bromod:SlashDash","Bromod:ShatteringImpact","Calculated Gamble","Bloodbath","Bromod:ArchwingLauncher+1","Bromod:LifeStrike","BigBadWolf","CrumblingArmor","Bromod:NoReturn","Bromod:SlashDash","LittleHelper","Bromod:ContagiousSpread","Bromod:Serration","NakedNest"],"relics":["Bromod:Ordis","Bromod:AscarisDevice","REME_ComplimentaryCards","CogitoBucket","infinitespire:Lucky Rock","Bromod:ArcaneMomentum","ChangeAnything"],"acts_visited":["Exordium"],"potions_floor_usage":[],"damage_taken":[{"damage":2.0,"enemies":"Small Slimes","floor":1.0,"turns":3.0},{"damage":50.0,"enemies":"2 Louse","floor":2.0,"turns":2.0},{"damage":1.0,"enemies":"Jaw Worm","floor":4.0,"turns":6.0},{"damage":7.0,"enemies":"Exordium Thugs","floor":6.0,"turns":6.0},{"damage":2.0,"enemies":"Looter","floor":10.0,"turns":4.0},{"damage":25.0,"enemies":"3 Sentries","floor":11.0,"turns":11.0},{"damage":33.0,"enemies":"3 Louse","floor":14.0,"turns":4.0},{"damage":0,"enemies":"Slime Boss","floor":16,"turns":1}],"seed_played":"-4195341626409291434","potions_obtained":[{"floor":2.0,"key":"SpeedPotion"},{"floor":4.0,"key":"Bromod:EnergyRestore"},{"floor":6.0,"key":"Swift Potion"},{"floor":14.0,"key":"Elixir"}],"is_trial":false,"path_per_floor":["M","M","?","M","$","M","R","?","T","M","E","$","R","M","R","B"],"character_chosen":"THE_EXALTED","items_purchased":["infinitespire:Lucky Rock","Bromod:HealthRestore"],"campfire_rested":2,"item_purchase_floors":[5,12],"current_hp_per_floor":[73,23,23,30,30,36,58,75,75,75,58,58,58,32,54,54,54],"gold":71,"neow_bonus":"","is_daily":false,"chose_seed":false,"campfire_upgraded":1,"win_rate":0.0,"timestamp":1608249538,"path_taken":["M","M","?","M","$","M","R","?","T","M","E","$","R","M","R","BOSS"],"items_purchased_type":["Relic","Potion"],"build_version":"2020-12-13","purchased_purges":0,"victory":false,"max_hp_per_floor":[75,75,75,75,75,75,75,75,75,75,75,75,75,75,75,75,75],"card_choices":[{"not_picked":["Bromod:BodyCount","Bromod:SlipMagazine"],"picked":"Bromod:ShatteringImpact","floor":1.0},{"not_picked":["Woodsman","CrumblingArmor"],"picked":"MeatLantern","floor":1.0},{"not_picked":["UniverseFragment","GalaxyChild"],"picked":"Bloodbath","floor":2.0},{"not_picked":["Bromod:TacticalPump","Bromod:SpeedTrigger"],"picked":"Bromod:ArchwingLauncher","floor":2.0},{"not_picked":["FieryBird","CherryBlossoms"],"picked":"BigBadWolf","floor":4.0},{"not_picked":["Bromod:HornetStrike","Bromod:ShatteringImpact"],"picked":"Bromod:NorthWind","floor":4.0},{"not_picked":["LongBird","OldLady"],"picked":"CrumblingArmor","floor":6.0},{"not_picked":["Bromod:PointStrike","Bromod:FastHands"],"picked":"Bromod:NoReturn","floor":6.0},{"not_picked":["Bromod:Rage","Bromod:Fury"],"picked":"Bromod:SlashDash","floor":10.0},{"not_picked":["FairyFestival","MHz"],"picked":"LittleHelper","floor":11.0},{"not_picked":["Bromod:SlipMagazine","Bromod:Vitality"],"picked":"Bromod:ContagiousSpread","floor":11.0},{"not_picked":["Bromod:ReflexCoil","Bromod:FastHands"],"picked":"Bromod:Serration","floor":14.0},{"not_picked":["CherryBlossoms","QueenOfHatred"],"picked":"NakedNest","floor":14.0}],"player_experience":162865,"relics_obtained":[{"floor":11.0,"key":"Bromod:ArcaneMomentum"}],"event_choices":[{"damage_healed":0.0,"max_hp_gain":0.0,"max_hp_loss":0.0,"gold_gain":0.0,"cards_transformed":["MeatLantern"],"event_name":"Living Wall","player_choice":"Change","floor":3.0,"gold_loss":0.0,"damage_taken":0.0,"cards_obtained":["Bromod:LifeStrike"]}],"is_beta":false,"boss_relics":[],"items_purged_floors":[],"is_endless":false,"potions_floor_spawned":[2,4,6,14],"killed_by":"Slime Boss","ascension_level":0}}