{"host":"4a6fro0of1ie0h2w","time":1608235639,"event":{"mods":["Aspiration","BaseMod","CCEM","Colored Map","Conspire","Downfall","GifTheSpireLib","Halation","Highlight Path","Hubris","Infinite Spire","Marisa????????","Minty Spire (QoL Compilation)","Permanent Neow","Replay The Spire","StSLib","Stuff the Spire","The Servant 0.9.4"],"gold_per_floor":[99,131,144,169,2,19,99,116,116,153,153,153,182,215,233,233,233],"floor_reached":16,"playtime":751,"items_purged":["hexamod:Defend"],"score":128,"play_id":"ab981806-49c2-47ed-bb47-4659f438728a","local_time":"20201217220719","is_ascension_mode":true,"campfire_choices":[{"data":"hexamod:Float","floor":1,"key":"SMITH"}],"circlet_count":0,"master_deck":["hexamod:Strike","hexamod:Strike","hexamod:Strike","hexamod:Strike","hexamod:Defend","hexamod:Defend","hexamod:Defend","hexamod:Sear","hexamod:Float+1","hexamod:HauntingEcho","hexamod:DynamicBlow","hexamod:EmpoweredFlame","hexamod:ExtraCrispy","hexamod:GhostOfSpireFuture","hexamod:ChargedBarrage","hexamod:SecondSeal","StuffTheSpire:CuriosityCurse","hexamod:FlamesFromBeyond","hubris:Greed","hexamod:FourthSeal","hexamod:ThermalTransfer","hexamod:WildfireWeapon","hexamod:GhostOfSpirePast"],"relics":["hexamod:SpiritBrand","Guardian:PocketSentry","Shuriken","Snack Pack","Girya","CCEMRelics:DissonantTune","hubris:DisguiseKit"],"acts_visited":["Exordium"],"potions_floor_usage":[5,14,15,16,16,16],"damage_taken":[{"damage":24,"enemies":"Lagavulin","floor":2,"turns":6},{"damage":1,"enemies":"Jaw Worm","floor":3,"turns":3},{"damage":7,"enemies":"Gremlin Nob","floor":4,"turns":3},{"damage":0,"enemies":"downfall:FleeingMerchant","floor":5,"turns":4},{"damage":0,"enemies":"Small Slimes","floor":6,"turns":3},{"damage":0,"enemies":"2 Louse","floor":8,"turns":2},{"damage":25,"enemies":"Lagavulin","floor":10,"turns":7},{"damage":0,"enemies":"Exordium Wildlife","floor":13,"turns":3},{"damage":21,"enemies":"3 Louse","floor":14,"turns":5},{"damage":1,"enemies":"Exordium Thugs","floor":15,"turns":3},{"damage":37,"enemies":"downfall:Ironclad","floor":16,"turns":3}],"seed_played":"4689621482479044626","potions_obtained":[{"floor":0,"key":"EssenceOfSteel"},{"floor":0,"key":"infinitespire:BlackPotion"},{"floor":0,"key":"Cursed Concoction"},{"floor":4,"key":"ColorlessPotion"},{"floor":6,"key":"Fire Potion"},{"floor":8,"key":"Regen Potion"},{"floor":13,"key":"LifebloodPotion"},{"floor":13,"key":"DuplicationPotion"},{"floor":14,"key":"SkillPotion"},{"floor":15,"key":"AttackPotion"}],"is_trial":false,"path_per_floor":["R","E","M","E","$","M","T","M","?","E","?","?","M","M","M","B"],"character_chosen":"THE_SPIRIT","items_purchased":["hexamod:GhostOfSpireFuture"],"campfire_rested":0,"item_purchase_floors":[5],"current_hp_per_floor":[70,46,45,38,38,38,38,40,40,17,17,17,19,14,13,0,0],"gold":233,"neow_bonus":"THREE_SMALL_POTIONS","is_daily":false,"chose_seed":false,"campfire_upgraded":1,"win_rate":0.0,"timestamp":1608235639,"path_taken":["R","E","M","E","$","M","T","M","?","E","?","?","M","?","M","BOSS"],"items_purchased_type":["Card"],"build_version":"2020-12-13","purchased_purges":1,"victory":false,"max_hp_per_floor":[70,70,70,70,70,70,70,70,70,70,70,70,70,70,70,70,70],"card_choices":[{"not_picked":["hexamod:GhostShield","hexamod:InspiringFlames"],"picked":"hexamod:HauntingEcho","floor":2},{"not_picked":["hexamod:RetreatToShadows","hexamod:BurningTouch"],"picked":"hexamod:DynamicBlow","floor":3},{"not_picked":["hexamod:GhostLash","hexamod:PowerFromBeyond"],"picked":"hexamod:EmpoweredFlame","floor":4},{"not_picked":["hexamod:Incineration","hexamod:Hexaguard"],"picked":"hexamod:ExtraCrispy","floor":5},{"not_picked":["hexamod:TurnItUp","hexamod:BacktrackSmack"],"picked":"hexamod:ChargedBarrage","floor":6},{"not_picked":["hexamod:ThermalTransfer","hexamod:AdvancingGuard"],"picked":"hexamod:SecondSeal","floor":8},{"not_picked":["hexamod:SpectersWail","hexamod:Firestarter"],"picked":"hexamod:FlamesFromBeyond","floor":10},{"not_picked":["hexamod:Hexaguard","hexamod:Incineration","Slimebound:LeechingTouch"],"picked":"hexamod:ThermalTransfer","floor":13},{"not_picked":["hexamod:Hexaguard","hexamod:NightmareStrike","Slimebound:LeechEnergy"],"picked":"hexamod:WildfireWeapon","floor":14},{"not_picked":["hexamod:Hexaguard","hexamod:GhostflameBarrier","Slimebound:SlimeBarrage"],"picked":"hexamod:GhostOfSpirePast","floor":15}],"player_experience":174337,"relics_obtained":[{"floor":2,"key":"Guardian:PocketSentry"},{"floor":4,"key":"Shuriken"},{"floor":7,"key":"Snack Pack"},{"floor":10,"key":"CCEMRelics:DissonantTune"}],"event_choices":[],"is_beta":false,"boss_relics":[],"items_purged_floors":[5],"is_endless":false,"potions_floor_spawned":[4,6,8,13,14],"killed_by":"downfall:Ironclad","ascension_level":1}}