{"host":"fxrgx7wt2cpkbhka","time":1608203685,"event":{"mods":["AchievementEnabler","BaseMod","Colored Powertips","Minty Spire (QoL Compilation)","Permanent Neow","Slay-I","StSLib","Waifu the Spire"],"gold_per_floor":[116,127,202,214,15,47,47,74,99,99,99,52,70,82,82,182,182,198,42,56,66,66,66,66,66,114,114,129,89,4,4,4,4,4],"floor_reached":33,"playtime":796,"items_purged":[],"score":405,"play_id":"77022f10-022d-486e-8110-cee2b789621e","local_time":"20201217031445","is_ascension_mode":true,"campfire_choices":[{"data":"Perfected Strike","floor":7,"key":"SMITH"},{"data":"Perfected Strike","floor":10,"key":"SMITH"},{"data":"Clash","floor":15,"key":"SMITH"},{"data":"Disarm","floor":23,"key":"SMITH"},{"data":"Inflame","floor":25,"key":"SMITH"},{"data":"Clash","floor":27,"key":"SMITH"},{"data":"Inflame","floor":32,"key":"SMITH"}],"circlet_count":0,"master_deck":["AscendersBane","Strike_R","Strike_R","Strike_R","Strike_R","Strike_R","Defend_R","Defend_R","Defend_R","Defend_R","Bash","Clash+1","Perfected Strike+1","Perfected Strike+1","Clash+1","Disarm+1","CurseOfTheBell","Intimidate","Inflame+1","Inflame+1"],"relics":["Burning Blood","NeowsBlessing","Red Skull","Pen Nib","MealTicket","Calling Bell","Oddly Smooth Stone","Self Forming Clay","Pocketwatch","Ancient Tea Set","Smiling Mask","Blood Vial"],"acts_visited":["Exordium","TheCity"],"potions_floor_usage":[13,14,18,33],"damage_taken":[{"damage":0,"enemies":"2 Louse","floor":1,"turns":1},{"damage":0,"enemies":"Cultist","floor":2,"turns":1},{"damage":0,"enemies":"Jaw Worm","floor":4,"turns":1},{"damage":32,"enemies":"Gremlin Nob","floor":6,"turns":5},{"damage":30,"enemies":"3 Sentries","floor":8,"turns":7},{"damage":7,"enemies":"2 Fungi Beasts","floor":13,"turns":2},{"damage":8,"enemies":"Looter","floor":14,"turns":2},{"damage":43,"enemies":"The Guardian","floor":16,"turns":9},{"damage":12,"enemies":"3 Byrds","floor":18,"turns":7},{"damage":6,"enemies":"Chosen","floor":20,"turns":4},{"damage":24,"enemies":"Snake Plant","floor":21,"turns":4},{"damage":23,"enemies":"3 Cultists","floor":28,"turns":5},{"damage":88,"enemies":"Automaton","floor":33,"turns":6}],"seed_played":"-7328479837314431585","potions_obtained":[{"floor":6,"key":"Ancient Potion"},{"floor":8,"key":"AttackPotion"},{"floor":13,"key":"Weak Potion"},{"floor":16,"key":"GamblersBrew"},{"floor":18,"key":"LiquidMemories"}],"is_trial":false,"path_per_floor":["M","M","?","M","$","E","R","E","T","R","?","$","M","M","R","B",null,"M","$","M","M","$","R","?","R","T","R","M","$","?","$","R","B"],"character_chosen":"IRONCLAD","items_purchased":["Red Skull","Perfected Strike","Clash","Ancient Tea Set","Inflame"],"campfire_rested":0,"item_purchase_floors":[5,5,12,19,29],"current_hp_per_floor":[78,80,69,75,75,49,49,25,25,25,80,80,79,77,77,40,70,64,79,79,61,76,76,76,76,76,76,59,74,74,80,80,0,0],"gold":4,"neow_bonus":"THREE_ENEMY_KILL","is_daily":false,"chose_seed":false,"campfire_upgraded":7,"win_rate":0.0,"timestamp":1608203685,"path_taken":["M","M","?","M","$","E","R","E","T","R","?","$","M","M","R","BOSS","M","$","M","?","?","R","?","R","T","R","M","?","?","?","R","BOSS"],"items_purchased_type":["Relic","Card","Card","Relic","Card"],"build_version":"2020-12-13","purchased_purges":0,"victory":false,"max_hp_per_floor":[80,80,80,80,80,80,80,80,80,80,80,80,80,80,80,80,80,80,80,80,80,80,80,80,80,80,80,80,80,80,80,80,80,80],"card_choices":[{"not_picked":["Flex","Sword Boomerang"],"picked":"Clash","floor":1},{"not_picked":["Heavy Blade","Pummel","Twin Strike"],"picked":"SKIP","floor":2},{"not_picked":["Iron Wave","Power Through","Rampage"],"picked":"SKIP","floor":4},{"not_picked":["Combust","Corruption"],"picked":"Hemokinesis","floor":6},{"not_picked":["Anger","Reckless Charge"],"picked":"Perfected Strike","floor":8},{"not_picked":["Iron Wave","Thunderclap","Twin Strike"],"picked":"SKIP","floor":13},{"not_picked":["Burning Pact","Iron Wave"],"picked":"Disarm","floor":14},{"not_picked":["Twin Strike","Clothesline"],"picked":"Intimidate","floor":18},{"not_picked":["Warcry","Dual Wield","Havoc"],"picked":"SKIP","floor":20},{"not_picked":["Warcry","Iron Wave","Thunderclap"],"picked":"SKIP","floor":21},{"not_picked":["Perfected Strike","Power Through","Carnage"],"picked":"SKIP","floor":28}],"player_experience":663935,"relics_obtained":[{"floor":6,"key":"Pen Nib"},{"floor":8,"key":"MealTicket"},{"floor":17,"key":"Oddly Smooth Stone"},{"floor":17,"key":"Self Forming Clay"},{"floor":17,"key":"Pocketwatch"},{"floor":26,"key":"Smiling Mask"}],"event_choices":[{"damage_healed":0,"gold_gain":75,"player_choice":"Gather Gold","damage_taken":11,"max_hp_gain":0,"max_hp_loss":0,"event_name":"World of Goop","floor":3,"gold_loss":0},{"cards_removed":["Hemokinesis"],"damage_healed":55,"gold_gain":0,"player_choice":"Offered Uncommon","damage_taken":0,"max_hp_gain":0,"max_hp_loss":0,"event_name":"Bonfire Elementals","floor":11,"gold_loss":0},{"damage_healed":0,"gold_gain":0,"player_choice":"Read","damage_taken":0,"max_hp_gain":0,"max_hp_loss":0,"event_name":"The Library","floor":24,"gold_loss":0,"cards_obtained":["Inflame"]},{"damage_healed":0,"gold_gain":0,"player_choice":"Obtained Relic","damage_taken":0,"relics_obtained":["Blood Vial"],"max_hp_gain":0,"max_hp_loss":0,"event_name":"Addict","floor":30,"gold_loss":85}],"is_beta":false,"boss_relics":[{"not_picked":["Pandora\u0027s Box","Snecko Eye"],"picked":"Calling Bell"}],"items_purged_floors":[],"is_endless":false,"potions_floor_spawned":[6,8,13,16,18],"killed_by":"Automaton","ascension_level":12}}