{"host":"pf47v7h0307523iy","time":1608223636,"event":{"mods":["BaseMod","Minty Spire (QoL Compilation)"],"gold_per_floor":[18,36,55,73,87,87,99,99,122,138,138,152,152,166,166,243,243,260,310,328,328,342,378,378,378,378,378,378],"floor_reached":27,"playtime":2165,"items_purged":[],"score":458,"play_id":"f096ef09-7035-4f6f-a40f-c328e66ef348","local_time":"20201217184716","is_ascension_mode":true,"campfire_choices":[{"data":"Dagger Spray","floor":6,"key":"SMITH"},{"data":"Noxious Fumes","floor":8,"key":"SMITH"},{"data":"Well Laid Plans","floor":13,"key":"SMITH"},{"data":"Footwork","floor":15,"key":"SMITH"},{"data":"Wraith Form v2","floor":24,"key":"SMITH"}],"circlet_count":0,"master_deck":["AscendersBane","Survivor","Neutralize","Dagger Spray+1","Blur","Poisoned Stab","Burst","Footwork+1","Adrenaline","Noxious Fumes+1","Deflect","Well Laid Plans+1","Malaise","Backstab","Acrobatics","Blade Dance","Calculated Gamble","Infinite Blades","Noxious Fumes","Die Die Die","PiercingWail","Blur","Calculated Gamble","Noxious Fumes","Heel Hook","Wraith Form v2+1","Leg Sweep","Leg Sweep"],"relics":["Ring of the Snake","Prayer Wheel","Art of War","Pandora\u0027s Box","CeramicFish"],"acts_visited":["Exordium","TheCity"],"potions_floor_usage":[16,22,27],"damage_taken":[{"damage":7,"enemies":"Jaw Worm","floor":1,"turns":7},{"damage":1,"enemies":"Small Slimes","floor":2,"turns":4},{"damage":0,"enemies":"2 Louse","floor":3,"turns":3},{"damage":26,"enemies":"Large Slime","floor":4,"turns":9},{"damage":1,"enemies":"2 Fungi Beasts","floor":5,"turns":4},{"damage":0,"enemies":"Looter","floor":7,"turns":4},{"damage":0,"enemies":"Exordium Wildlife","floor":10,"turns":6},{"damage":0,"enemies":"2 Fungi Beasts","floor":12,"turns":4},{"damage":3,"enemies":"Exordium Thugs","floor":14,"turns":4},{"damage":12,"enemies":"Hexaghost","floor":16,"turns":12},{"damage":4,"enemies":"Spheric Guardian","floor":18,"turns":5},{"damage":2,"enemies":"Chosen","floor":20,"turns":4},{"damage":16,"enemies":"Centurion and Healer","floor":22,"turns":6},{"damage":12,"enemies":"Book of Stabbing","floor":23,"turns":8},{"damage":51,"enemies":"Slavers","floor":27,"turns":4}],"seed_played":"-2746309866822118774","potions_obtained":[{"floor":4,"key":"DuplicationPotion"},{"floor":5,"key":"SpeedPotion"},{"floor":22,"key":"Explosive Potion"},{"floor":23,"key":"FairyPotion"}],"is_trial":false,"path_per_floor":["M","M","M","M","M","R","M","R","T","M","?","M","R","M","R","B",null,"M","?","M","?","M","E","R","?","T","E"],"character_chosen":"THE_SILENT","items_purchased":[],"campfire_rested":0,"item_purchase_floors":[],"current_hp_per_floor":[52,51,51,25,24,24,24,24,24,24,24,24,24,21,21,9,52,48,48,46,46,30,18,18,18,18,0,0],"gold":378,"neow_bonus":"ONE_RARE_RELIC","is_daily":false,"chose_seed":false,"campfire_upgraded":5,"win_rate":0.0,"timestamp":1608223636,"path_taken":["M","M","M","M","M","R","M","R","T","M","?","M","R","M","R","BOSS","M","?","M","?","M","E","R","?","T","E"],"items_purchased_type":[],"build_version":"2020-12-13","purchased_purges":0,"victory":false,"max_hp_per_floor":[66,66,66,66,66,66,66,66,66,66,66,66,66,66,66,66,66,66,66,66,66,66,66,66,66,66,66,66],"card_choices":[{"not_picked":["Blade Dance","Dodge and Roll"],"picked":"Dagger Spray","floor":1},{"not_picked":["Phantasmal Killer","Slice"],"picked":"Blur","floor":1},{"not_picked":["Heel Hook","Underhanded Strike"],"picked":"Poisoned Stab","floor":2},{"not_picked":["Sucker Punch","Bane","Prepared"],"picked":"SKIP","floor":2},{"not_picked":["Backflip","Acrobatics"],"picked":"Burst","floor":3},{"not_picked":["Predator","Bane","Cloak And Dagger"],"picked":"SKIP","floor":3},{"not_picked":["Infinite Blades","Dagger Spray"],"picked":"Footwork","floor":4},{"not_picked":["Dodge and Roll","Cloak And Dagger","Underhanded Strike"],"picked":"SKIP","floor":4},{"not_picked":["Outmaneuver","Poisoned Stab"],"picked":"Adrenaline","floor":5},{"not_picked":["Flying Knee","Calculated Gamble","Slice"],"picked":"SKIP","floor":5},{"not_picked":["Prepared","Dagger Spray"],"picked":"Noxious Fumes","floor":7},{"not_picked":["Masterful Stab","Caltrops"],"picked":"Deflect","floor":7},{"not_picked":["Flying Knee","Poisoned Stab","Bane"],"picked":"SKIP","floor":10},{"not_picked":["Deflect","Slice","Sucker Punch"],"picked":"SKIP","floor":10},{"not_picked":["Catalyst","Footwork"],"picked":"Well Laid Plans","floor":12},{"not_picked":["Acrobatics","Grand Finale","Prepared"],"picked":"SKIP","floor":12},{"not_picked":["Setup","Blade Dance","Quick Slash"],"picked":"SKIP","floor":14},{"not_picked":["Dagger Spray","Flechettes","Tactician"],"picked":"SKIP","floor":14},{"not_picked":["Burst","Grand Finale"],"picked":"Malaise","floor":16},{"not_picked":["Backflip","Bane"],"picked":"PiercingWail","floor":18},{"not_picked":["Flying Knee","Prepared"],"picked":"Blur","floor":18},{"not_picked":["Backstab","Concentrate"],"picked":"Calculated Gamble","floor":20},{"not_picked":["Cloak And Dagger","Dash","Reflex"],"picked":"SKIP","floor":20},{"not_picked":["Dagger Spray","Slice"],"picked":"Wraith Form v2","floor":22},{"not_picked":["Blade Dance+1","Acrobatics"],"picked":"Leg Sweep","floor":22},{"not_picked":["Leg Sweep","Masterful Stab","Dagger Spray"],"picked":"SKIP","floor":23},{"not_picked":["Masterful Stab","Dagger Spray"],"picked":"Leg Sweep","floor":23}],"player_experience":1493815,"relics_obtained":[{"floor":9,"key":"Art of War"},{"floor":23,"key":"CeramicFish"}],"event_choices":[{"damage_healed":0,"gold_gain":0,"player_choice":"Fled","damage_taken":0,"max_hp_gain":0,"max_hp_loss":0,"event_name":"Scrap Ooze","floor":11,"gold_loss":0},{"damage_healed":0,"gold_gain":50,"player_choice":"Stole From Cult","damage_taken":0,"max_hp_gain":0,"max_hp_loss":0,"event_name":"Nest","floor":19,"gold_loss":0},{"damage_healed":0,"gold_gain":0,"cards_transformed":["Phantasmal Killer","Flechettes"],"player_choice":"Became Test Subject","damage_taken":0,"max_hp_gain":0,"max_hp_loss":0,"event_name":"Drug Dealer","floor":21,"gold_loss":0,"cards_obtained":["Noxious Fumes","Heel Hook"]},{"cards_removed":["Quick Slash"],"damage_healed":0,"gold_gain":0,"player_choice":"Elegance","damage_taken":0,"max_hp_gain":0,"max_hp_loss":0,"event_name":"Back to Basics","floor":25,"gold_loss":0}],"is_beta":false,"boss_relics":[{"not_picked":["Runic Dome","SlaversCollar"],"picked":"Pandora\u0027s Box"}],"items_purged_floors":[],"is_endless":false,"potions_floor_spawned":[4,5,7,12,14,22,23],"killed_by":"Slavers","ascension_level":20}}