{"host":"j28bwyew3wloeuoy","time":1608195068,"event":{"mods":["BaseMod","Downfall","Hubris","Minty Spire (QoL Compilation)","Relic Stats","Replay The Spire","StSLib","The Jungle"],"gold_per_floor":[99,99,48,82,82,115,115,115,18,47,60,77,252,252,265,367,367,367,381,442,542,542,542,542],"floor_reached":23,"playtime":1544,"items_purged":[],"score":266,"play_id":"9e2f0b15-a733-4c41-b142-c89507235db7","local_time":"20201217195108","is_ascension_mode":true,"campfire_choices":[{"data":"champ:Taunt","floor":1,"key":"SMITH"},{"data":"champ:Encircle","floor":8,"key":"SMITH"},{"floor":18,"key":"RECALL"}],"circlet_count":0,"master_deck":["champ:Strike","champ:Strike","champ:Strike","champ:Strike","champ:Defend+1","champ:Defend","champ:Defend+1","champ:Defend","champ:Execute","champ:Taunt+1","champ:Aggression","champ:Encircle+1","champ:GladiatorStyle","champ:PerfectedStrike","champ:FanOfKnives","champ:EnragedBash","champ:StrikeOfGenius","Doubt","champ:GladiatorsShout+1","champ:VampiricStrike","champ:CrookedStrike","champ:FlashCut+1"],"relics":["champ:ChampionCrown","downfall:HeartsMalice","Chameleon Ring","Toxic Egg 2","War Paint","Replay:Wax Seal","Nunchaku","champ:LiftRelic","Coffee Dripper","hubris:TinFlute","hubris:Teleporter","hubris:CrystalStatue"],"acts_visited":["Exordium","TheCity"],"potions_floor_usage":[10,16,16,21,23],"damage_taken":[{"damage":0,"enemies":"downfall:FleeingMerchant","floor":3,"turns":1},{"damage":0,"enemies":"Lagavulin","floor":4,"turns":1},{"damage":0,"enemies":"3 Sentries","floor":6,"turns":1},{"damage":22,"enemies":"downfall:FleeingMerchant","floor":9,"turns":4},{"damage":20,"enemies":"Gremlin Nob","floor":10,"turns":3},{"damage":11,"enemies":"Small Slimes","floor":11,"turns":3},{"damage":2,"enemies":"2 Louse","floor":12,"turns":3},{"damage":5,"enemies":"Jaw Worm","floor":15,"turns":6},{"damage":50,"enemies":"downfall:Ironclad","floor":16,"turns":6},{"damage":28,"enemies":"Shell Parasite","floor":19,"turns":4},{"damage":61,"enemies":"downfall:CharBossIronclad","floor":21,"turns":6},{"damage":61,"enemies":"Book of Stabbing","floor":23,"turns":6}],"seed_played":"3040776830414563301","potions_obtained":[{"floor":5,"key":"DistilledChaos"},{"floor":5,"key":"Strength Potion"},{"floor":6,"key":"sneckomod:MuddlingPotion"},{"floor":11,"key":"SkillPotion"},{"floor":16,"key":"Explosive Potion"},{"floor":19,"key":"Energy Potion"},{"floor":21,"key":"Weak Potion"}],"is_trial":false,"path_per_floor":["R","?","$","E","R","E","T","R","$","E","M","M","?","?","M","B",null,"R","M","?","?","?","E"],"character_chosen":"THE_CHAMP","items_purchased":["champ:Encircle","Replay:Wax Seal"],"campfire_rested":0,"item_purchase_floors":[3,9],"current_hp_per_floor":[90,95,95,95,95,95,95,95,93,79,77,77,77,77,72,50,95,95,95,57,44,47,0,0],"gold":542,"neow_bonus":"THREE_ENEMY_KILL","is_daily":false,"chose_seed":false,"campfire_upgraded":2,"win_rate":0.0,"timestamp":1608195068,"path_taken":["R","?","$","E","R","E","T","R","$","E","M","M","?","?","M","BOSS","R","M","?","?","?","E"],"items_purchased_type":["Card","Relic"],"build_version":"2020-12-13","purchased_purges":0,"victory":false,"max_hp_per_floor":[90,95,95,95,95,95,95,95,95,95,95,95,95,95,95,95,95,95,95,95,95,98,98,98],"relic_stats":{"Nunchaku":[7],"counters":[12,41],"War Paint":["champ:Defend","champ:Defend"],"obtain_stats":[{"Nunchaku":10,"Chameleon Ring":4,"hubris:Teleporter":21,"hubris:CrystalStatue":21,"champ:LiftRelic":14,"champ:ChampionCrown":0,"downfall:HeartsMalice":0,"Coffee Dripper":17,"Toxic Egg 2":6,"War Paint":7,"Replay:Wax Seal":9,"hubris:TinFlute":20},{"Nunchaku":5,"Chameleon Ring":2,"hubris:Teleporter":11,"hubris:CrystalStatue":11,"champ:LiftRelic":7,"champ:ChampionCrown":0,"downfall:HeartsMalice":0,"Coffee Dripper":9,"Toxic Egg 2":3,"War Paint":3,"Replay:Wax Seal":4,"hubris:TinFlute":10},{"Nunchaku":7,"Chameleon Ring":0,"hubris:Teleporter":35,"hubris:CrystalStatue":35,"champ:LiftRelic":13,"champ:ChampionCrown":0,"downfall:HeartsMalice":0,"Coffee Dripper":25,"Toxic Egg 2":0,"War Paint":0,"Replay:Wax Seal":4,"hubris:TinFlute":29}]},"card_choices":[{"not_picked":["champ:TornadoPunch","champ:FlashCut"],"picked":"champ:Aggression","floor":3},{"not_picked":["champ:PerfectedStrike","champ:CrookedStrike"],"picked":"champ:GladiatorStyle","floor":4},{"not_picked":["champ:Balance+1","champ:TornadoPunch"],"picked":"champ:PerfectedStrike","floor":6},{"not_picked":["champ:FightOn","champ:DeathBlow"],"picked":"champ:FanOfKnives","floor":9},{"not_picked":["champ:CrookedStrike","champ:DefensiveShout+1"],"picked":"champ:EnragedBash","floor":10},{"not_picked":["champ:Balance+1","champ:Haymaker"],"picked":"champ:StrikeOfGenius","floor":11},{"not_picked":["champ:Riposte+1","champ:DefensiveShout+1","champ:Haymaker"],"picked":"SKIP","floor":12},{"not_picked":["champ:Aggression+1","champ:FocusedDefense+1"],"picked":"champ:GladiatorsShout+1","floor":15},{"not_picked":["champ:ShieldSlam","champ:SteelEdge"],"picked":"champ:VampiricStrike","floor":16},{"not_picked":["champ:Haymaker","champ:FanOfKnives+1"],"picked":"champ:CrookedStrike","floor":19},{"not_picked":["champ:Encircle","champ:SkillfulDodge+1"],"picked":"champ:FlashCut+1","floor":20}],"player_experience":390962,"relics_obtained":[{"floor":4,"key":"Chameleon Ring"},{"floor":6,"key":"Toxic Egg 2"},{"floor":7,"key":"War Paint"},{"floor":10,"key":"Nunchaku"},{"floor":20,"key":"hubris:TinFlute"},{"floor":21,"key":"hubris:Teleporter"},{"floor":21,"key":"hubris:CrystalStatue"}],"event_choices":[{"damage_healed":0,"gold_gain":0,"player_choice":"Donut","damage_taken":0,"max_hp_gain":5,"max_hp_loss":0,"event_name":"Big Fish","floor":2,"gold_loss":0}],"is_beta":false,"boss_relics":[{"not_picked":["Runic Dome","hubris:ScarierMask"],"picked":"Coffee Dripper"}],"items_purged_floors":[],"is_endless":false,"potions_floor_spawned":[6,11,16,19,21],"killed_by":"Book of Stabbing","ascension_level":1}}