{"host":"in454gsrrg4x7o56","time":1608225440,"event":{"mods":["BaseMod","Colored Powertips","Curses Come First","Hermit","Minty Spire (QoL Compilation)","Quick Restart","StSLib","The Cursed"],"gold_per_floor":[111,111,12,31,106,133,145,145,222,222,238,238,258,317,317,317,317],"floor_reached":16,"playtime":1427,"items_purged":[],"score":98,"play_id":"e46ac8a9-0d2d-4500-9e48-58fea3da7c89","local_time":"20201217121720","is_ascension_mode":false,"campfire_choices":[{"floor":8,"key":"REST"},{"floor":10,"key":"REST"},{"floor":12,"key":"RECALL"},{"floor":15,"key":"REST"}],"circlet_count":0,"master_deck":["hermit:Strike_Hermit","hermit:Strike_Hermit","hermit:Strike_Hermit","hermit:Strike_Hermit","hermit:Defend_Hermit","hermit:Defend_Hermit","hermit:Defend_Hermit+1","hermit:Defend_Hermit","hermit:Snapshot","hermit:Covet","hermit:Snipe+1","hermit:TakeAim","hermit:Feint","hermit:Maintenance","hermit:BlackWind","hermit:LoneWolf","hermit:Enervate","hermit:BodyArmor"],"relics":["hermit:Momento","Omamori","Matryoshka","Odd Mushroom"],"acts_visited":["Exordium"],"potions_floor_usage":[11,13,16],"damage_taken":[{"damage":2,"enemies":"2 Louse","floor":1,"turns":2},{"damage":3,"enemies":"Jaw Worm","floor":4,"turns":3},{"damage":36,"enemies":"Lagavulin","floor":6,"turns":10},{"damage":0,"enemies":"Cultist","floor":7,"turns":1},{"damage":2,"enemies":"Looter","floor":11,"turns":3},{"damage":26,"enemies":"The Mushroom Lair","floor":13,"turns":5},{"damage":61,"enemies":"Hexaghost","floor":16,"turns":15}],"seed_played":"-4721771318477407410","potions_obtained":[{"floor":6,"key":"DistilledChaos"},{"floor":11,"key":"DuplicationPotion"},{"floor":13,"key":"PowerPotion"}],"is_trial":false,"path_per_floor":["M","?","$","M","?","E","M","R","T","R","M","R","?","?","R","B"],"character_chosen":"HERMIT","items_purchased":["hermit:TakeAim","hermit:Feint"],"campfire_rested":3,"item_purchase_floors":[3,3],"current_hp_per_floor":[80,64,64,61,53,17,17,41,41,65,63,63,37,37,61,0,0],"gold":317,"neow_bonus":"TEN_PERCENT_HP_BONUS","is_daily":false,"chose_seed":false,"campfire_upgraded":0,"win_rate":0.0,"timestamp":1608225440,"path_taken":["M","?","$","M","?","E","?","R","T","R","M","R","?","?","R","BOSS"],"items_purchased_type":["Card","Card"],"build_version":"2020-12-13","purchased_purges":0,"victory":false,"max_hp_per_floor":[82,82,82,82,82,82,82,82,82,82,82,82,82,82,82,82,82],"card_choices":[{"not_picked":["hermit:TakeCover","hermit:Misfire"],"picked":"hermit:Snipe","floor":1},{"not_picked":["hermit:GhostlyPresence","hermit:FullyLoaded"],"picked":"hermit:Maintenance","floor":4},{"not_picked":["hermit:WideOpen","hermit:SprayPray"],"picked":"hermit:BlackWind","floor":6},{"not_picked":["hermit:BodyArmor","hermit:Combo"],"picked":"hermit:LoneWolf","floor":7},{"not_picked":["hermit:LowProfile","hermit:BigShot"],"picked":"hermit:Enervate","floor":11},{"not_picked":["hermit:Manifest","hermit:Desperado"],"picked":"hermit:BodyArmor","floor":13}],"player_experience":913457,"relics_obtained":[{"floor":6,"key":"Omamori"},{"floor":9,"key":"Matryoshka"},{"floor":13,"key":"Odd Mushroom"}],"event_choices":[{"damage_healed":0,"gold_gain":0,"player_choice":"Entered Light","damage_taken":16,"max_hp_gain":0,"max_hp_loss":0,"event_name":"Shining Light","floor":2,"gold_loss":0,"cards_upgraded":["hermit:Defend_Hermit","hermit:Snipe"]},{"damage_healed":0,"gold_gain":75,"player_choice":"Touch","damage_taken":8,"max_hp_gain":0,"max_hp_loss":0,"event_name":"FaceTrader","floor":5,"gold_loss":0},{"damage_healed":0,"gold_gain":0,"player_choice":"Fought Mushrooms","damage_taken":0,"max_hp_gain":0,"max_hp_loss":0,"event_name":"Mushrooms","floor":13,"gold_loss":0},{"damage_healed":0,"gold_gain":59,"player_choice":"Gained Gold","damage_taken":0,"max_hp_gain":0,"max_hp_loss":0,"event_name":"Golden Wing","floor":14,"gold_loss":0}],"is_beta":false,"boss_relics":[],"items_purged_floors":[],"is_endless":false,"potions_floor_spawned":[6,11,13],"killed_by":"Hexaghost","ascension_level":0}}