{"host":"vddnn8yddbh0df4g","time":1608248371,"event":{"mods":["Act Like it!","BaseMod","Beaked The Cultist","Bestiary","Downfall","Hermit","Minty Spire (QoL Compilation)","Shop Mod","StSLib","SuperFastMode","The Bug Knight","The Runesmith","The Vixen"],"gold_per_floor":[0,0,0,14,34,59,59,71,71,104,104,115,25,39,57,158,158,158,70,55,55,65,65,65,65,90,119,139,239,339,357,372,471,471,246,272,272,115,44,44,44,94,94,127,151,151,171,187,204,204,204,235,347,347,347],"floor_reached":56,"playtime":2793,"items_purged":["champ:Strike","champ:Strike"],"score":1349,"play_id":"a756edcb-c3f7-4acc-8abc-5045dd3217c7","local_time":"20201217183931","is_ascension_mode":false,"campfire_choices":[{"data":"champ:Taunt","floor":1.0,"key":"SMITH"},{"floor":3.0,"key":"RECALL"},{"data":"champ:Defend","floor":9.0,"key":"SMITH"},{"data":"champ:Defend","floor":18.0,"key":"SMITH"},{"data":"champ:Defend","floor":23.0,"key":"SMITH"},{"data":"champ:Defend","floor":25.0,"key":"SMITH"},{"floor":35.0,"key":"REST"},{"floor":40.0,"key":"REST"},{"floor":43.0,"key":"REST"},{"floor":54.0,"key":"REST"}],"circlet_count":0,"master_deck":["champ:Defend+1","champ:Defend+1","champ:Defend+1","champ:Defend+1","champ:Execute+1","champ:Taunt+1","champ:BladeFlurry+1","champ:RisingSlash+1","champ:RisingSlash+1","champ:ViciousMockery+1","champ:AdrenalArmor+1","champ:VampiricStrike+1","champ:BerserkerStyle+1","champ:Lariat+1","champ:HeavySlash+1","champ:DeathBlow+1","champ:DefensiveStyle+1","champ:FanOfKnives+1","champ:Lariat+1","champ:HeavySlash+1","champ:Balance+1","champ:EndlessRage+1","J.A.X.+1","champ:GladiatorsShout+1","champ:Backstep+1","champ:Improvising+1","champ:GladiatorStyle+1","champ:BladeFlurry+1","champ:AdrenalArmor+1","champ:FlashCut+1","champ:Control+1"],"relics":["champ:ChampionCrown","Ancient Tea Set","WingedGreaves","Pantograph","Busted Crown","Juzu Bracelet","Happy Flower","champ:BlackKnightHelmet","MutagenicStrength","MerchantsRug","Centennial Puzzle","Fusion Hammer","downfall:HeartBlessingRed","downfall:HeartBlessingGreen","downfall:HeartBlessingBlue","beaked:ShinyBauble","champ:BerserkersGuideToSlaughter","Eternal Feather","Mango","Vajra","champ:DefensiveTrainingManual"],"acts_visited":["Exordium","TheCity","TheBeyond","TheEnding"],"potions_floor_usage":[55,55,55],"damage_taken":[{"damage":8.0,"enemies":"Jaw Worm","floor":4.0,"turns":3.0},{"damage":4.0,"enemies":"Cultist","floor":5.0,"turns":3.0},{"damage":19.0,"enemies":"Gremlin Nob","floor":6.0,"turns":3.0},{"damage":0.0,"enemies":"2 Louse","floor":8.0,"turns":3.0},{"damage":53.0,"enemies":"3 Sentries","floor":10.0,"turns":9.0},{"damage":15.0,"enemies":"Gremlin Gang","floor":12.0,"turns":4.0},{"damage":14.0,"enemies":"downfall:FleeingMerchant","floor":13.0,"turns":4.0},{"damage":5.0,"enemies":"Blue Slaver","floor":14.0,"turns":3.0},{"damage":27.0,"enemies":"3 Louse","floor":15.0,"turns":3.0},{"damage":112.0,"enemies":"downfall:Defect","floor":16.0,"turns":7.0},{"damage":20.0,"enemies":"downfall:FleeingMerchant","floor":19.0,"turns":4.0},{"damage":38.0,"enemies":"downfall:FleeingMerchant","floor":20.0,"turns":4.0},{"damage":35.0,"enemies":"3 Byrds","floor":22.0,"turns":4.0},{"damage":66.0,"enemies":"Slavers","floor":26.0,"turns":5.0},{"damage":49.0,"enemies":"HollowMod:Nosk","floor":27.0,"turns":3.0},{"damage":68.0,"enemies":"Snecko","floor":28.0,"turns":3.0},{"damage":73.0,"enemies":"Snecko","floor":29.0,"turns":7.0},{"damage":53.0,"enemies":"downfall:Augmenter","floor":30.0,"turns":5.0},{"damage":63.0,"enemies":"downfall:FleeingMerchant","floor":31.0,"turns":3.0},{"damage":23.0,"enemies":"Snake Plant","floor":32.0,"turns":2.0},{"damage":69.0,"enemies":"downfall:Watcher","floor":33.0,"turns":5.0},{"damage":51.0,"enemies":"Reptomancer","floor":36.0,"turns":6.0},{"damage":54.0,"enemies":"Mind Bloom Boss Battle","floor":42.0,"turns":6.0},{"damage":38.0,"enemies":"Nemesis","floor":44.0,"turns":3.0},{"damage":0.0,"enemies":"3 Shapes","floor":47.0,"turns":2.0},{"damage":1.0,"enemies":"Orb Walker","floor":48.0,"turns":2.0},{"damage":40.0,"enemies":"Transient","floor":49.0,"turns":5.0},{"damage":77.0,"enemies":"downfall:Ironclad","floor":50.0,"turns":5.0},{"damage":220.0,"enemies":"downfall:CharBossMerchant","floor":52.0,"turns":10.0},{"damage":262,"enemies":"downfall:NeowBoss","floor":55,"turns":18}],"seed_played":"4600726827177179413","potions_obtained":[{"floor":12.0,"key":"SteroidPotion"},{"floor":14.0,"key":"champ:OpenerPotion"},{"floor":15.0,"key":"Energy Potion"},{"floor":22.0,"key":"champ:TechniquePotion"},{"floor":33.0,"key":"champ:OpenerPotion"}],"is_trial":false,"path_per_floor":["R","?","R","M","M","E","T","M","R","E","T","M","$","M","M","B",null,"R","$","$","?","M","R","T","R","E","E","M","?","?","$","M","B",null,"R","E","?","$","$","R","T","?","R","E","T","?","M","M","M","B",null,"E","$","R","B",null],"character_chosen":"THE_CHAMP","items_purchased":["champ:DefensiveStyle+1","MerchantsRug","Centennial Puzzle","champ:GladiatorsShout+1","champ:BerserkersGuideToSlaughter","champ:GladiatorStyle+1","champ:Control+1"],"campfire_rested":4,"item_purchase_floors":[19,31,31,31,38,39,53],"current_hp_per_floor":[108,108,108,105,101,87,87,87,87,53,53,38,33,43,60,23,108,108,99,98,98,105,105,105,105,107,108,108,72,76,53,49,46,108,118,118,118,118,118,118,118,132,132,123,123,123,132,131,132,132,132,53,53,110,132],"gold":347,"neow_bonus":"TWENTY_PERCENT_HP_BONUS","is_daily":false,"chose_seed":false,"campfire_upgraded":5,"win_rate":0.0,"timestamp":1608248371,"path_taken":["R","?","R","?","M","E","T","M","R","E","?","M","$","M","M","BOSS","R","?","$","?","?","R","T","R","E","E","M","?","?","$","M","BOSS","R","E","?","$","$","R","T","?","R","E","?","?","M","M","M","BOSS","E","$","R","BOSS"],"items_purchased_type":["Card","Relic","Relic","Card","Relic","Card","Card"],"build_version":"2020-12-13","purchased_purges":2,"victory":true,"max_hp_per_floor":[108,108,108,108,108,108,108,108,108,108,108,108,108,108,108,108,108,108,108,108,108,108,108,108,108,108,108,108,108,108,108,108,108,108,118,118,118,118,118,118,118,132,132,132,132,132,132,132,132,132,132,132,132,132,132],"card_choices":[{"not_picked":["champ:BerserkersShout+1","champ:TornadoPunch+1"],"picked":"champ:BladeFlurry+1","floor":4.0},{"not_picked":["champ:Control+1","champ:BerserkersShout+1"],"picked":"champ:RisingSlash+1","floor":5.0},{"not_picked":["champ:HeartStrike+1","champ:DefensiveShout+1"],"picked":"champ:RisingSlash+1","floor":6.0},{"not_picked":["champ:FocusedDefense+1","champ:GladiatorsShout+1","champ:TornadoPunch+1"],"picked":"SKIP","floor":8.0},{"not_picked":["champ:RisingSlash+1","champ:Control+1"],"picked":"champ:ViciousMockery+1","floor":10.0},{"not_picked":["champ:HeartStrike+1","champ:Backstep+1"],"picked":"champ:AdrenalArmor+1","floor":12.0},{"not_picked":["champ:Duel+1","champ:Aggression+1"],"picked":"champ:VampiricStrike+1","floor":13.0},{"not_picked":["champ:TornadoPunch+1","champ:BerserkersShout+1"],"picked":"champ:BerserkerStyle+1","floor":14.0},{"not_picked":["champ:FlashCut+1","champ:Haymaker+1"],"picked":"champ:Lariat+1","floor":15.0},{"not_picked":["champ:ShieldThrow+1","champ:MurderStrike+1"],"picked":"champ:HeavySlash+1","floor":16.0},{"not_picked":[],"picked":"champ:DeathBlow+1","floor":19.0},{"not_picked":[],"picked":"champ:FanOfKnives+1","floor":20.0},{"not_picked":[],"picked":"champ:Lariat+1","floor":22.0},{"not_picked":[],"picked":"champ:HeavySlash+1","floor":26.0},{"not_picked":["champ:DancingMaster+1"],"picked":"SKIP","floor":27.0},{"not_picked":["champ:BringItOn+1"],"picked":"SKIP","floor":28.0},{"not_picked":[],"picked":"champ:FocusedDefense+1","floor":29.0},{"not_picked":[],"picked":"J.A.X.+1","floor":30.0},{"not_picked":["champ:DefensiveShout+1"],"picked":"SKIP","floor":31.0},{"not_picked":[],"picked":"champ:Backstep+1","floor":32.0},{"not_picked":[],"picked":"champ:Improvising+1","floor":33.0},{"not_picked":["champ:Duel+1"],"picked":"SKIP","floor":36.0},{"not_picked":[],"picked":"champ:BladeFlurry+1","floor":42.0},{"not_picked":["champ:Riposte+1"],"picked":"SKIP","floor":44.0},{"not_picked":["champ:HeartStrike+1"],"picked":"SKIP","floor":47.0},{"not_picked":[],"picked":"champ:AdrenalArmor+1","floor":48.0},{"not_picked":[],"picked":"champ:FlashCut+1","floor":49.0},{"not_picked":["champ:FlashCut+1"],"picked":"SKIP","floor":52.0}],"player_experience":681559,"relics_obtained":[{"floor":6.0,"key":"Ancient Tea Set"},{"floor":7.0,"key":"WingedGreaves"},{"floor":10.0,"key":"Pantograph"},{"floor":24.0,"key":"Juzu Bracelet"},{"floor":26.0,"key":"Happy Flower"},{"floor":27.0,"key":"Frozen Egg 2"},{"floor":29.0,"key":"champ:BlackKnightHelmet"},{"floor":29.0,"key":"HollowMod:StagPassRelic"},{"floor":30.0,"key":"MutagenicStrength"},{"floor":36.0,"key":"beaked:ShinyBauble"},{"floor":41.0,"key":"Eternal Feather"},{"floor":42.0,"key":"Mango"},{"floor":45.0,"key":"Vajra"},{"floor":52.0,"key":"champ:DefensiveTrainingManual"}],"event_choices":[{"damage_healed":0.0,"max_hp_gain":0.0,"max_hp_loss":0.0,"gold_gain":0.0,"event_name":"Upgrade Shrine","player_choice":"Upgraded","floor":2.0,"gold_loss":0.0,"damage_taken":0.0,"cards_upgraded":["champ:Execute"]},{"damage_healed":0.0,"max_hp_gain":0.0,"max_hp_loss":0.0,"gold_gain":0.0,"event_name":"NoteForYourself","player_choice":"Ignored","floor":21.0,"gold_loss":0.0,"damage_taken":0.0},{"cards_removed":["champ:FocusedDefense"],"damage_healed":0.0,"max_hp_gain":0.0,"max_hp_loss":0.0,"gold_gain":0.0,"event_name":"Falling","player_choice":"Removed Skill","floor":46.0,"gold_loss":0.0,"damage_taken":0.0}],"is_beta":false,"boss_relics":[{"not_picked":["Black Star","Velvet Choker"],"picked":"Busted Crown"},{"not_picked":["Tiny House","SlaversCollar"],"picked":"Fusion Hammer"}],"items_purged_floors":[13,31],"is_endless":false,"potions_floor_spawned":[12,14,15,22,29,32,33,48],"ascension_level":0}}