{"host":"szp1d6dso4pv7ddl","time":1608177631,"event":{"mods":["AchievementEnabler","Alarm Clock","BaseMod","Bestiary","Block Reminder","Colored Map","Colored Powertips","Curses Come First","Displayed Cursed Tome","Highlight Path","Minty Spire (QoL Compilation)","Permanent Neow","Quick Restart","Relic Stats","StSLib"],"gold_per_floor":[114,140,151,151,101,134,153,153,153,153,153,153,172,28,28,128,128,109,109,109],"floor_reached":19,"playtime":752,"items_purged":["Strike_R"],"score":281,"play_id":"d38ea920-fcd5-4f94-8785-e948908b2afb","local_time":"20201216200031","is_ascension_mode":true,"campfire_choices":[{"floor":8,"key":"REST"},{"data":"Feed","floor":11,"key":"SMITH"},{"data":"Searing Blow","floor":15,"key":"SMITH"}],"circlet_count":0,"master_deck":["AscendersBane","Strike_R","Defend_R","Bash","Feed+1","Sentinel","Searing Blow+1","Double Tap"],"relics":["Burning Blood","Pen Nib","Omamori","Singing Bowl","Empty Cage"],"acts_visited":["Exordium","TheCity"],"potions_floor_usage":[6,16,16],"damage_taken":[{"damage":6.0,"enemies":"Cultist","floor":1.0,"turns":3.0},{"damage":12.0,"enemies":"Jaw Worm","floor":3.0,"turns":4.0},{"damage":55,"enemies":"3 Sentries","floor":6,"turns":11},{"damage":3,"enemies":"Small Slimes","floor":7,"turns":3},{"damage":10,"enemies":"2 Fungi Beasts","floor":13,"turns":4},{"damage":33,"enemies":"Slime Boss","floor":16,"turns":16},{"damage":29,"enemies":"2 Thieves","floor":18,"turns":4},{"damage":69,"enemies":"3 Byrds","floor":19,"turns":5}],"seed_played":"6570591818087691925","potions_obtained":[{"floor":1.0,"key":"Strength Potion"},{"floor":6,"key":"HeartOfIron"},{"floor":7,"key":"HeartOfIron"}],"is_trial":false,"path_per_floor":["M","T","M","?","?","E","M","R","T","?","R","?","M","$","R","B",null,"M","M"],"character_chosen":"IRONCLAD","items_purchased":["Searing Blow"],"campfire_rested":1,"item_purchase_floors":[14],"current_hp_per_floor":[75,75,72,72,72,26,32,59,59,59,59,59,61,61,61,38,86,65,0,0],"gold":109,"neow_bonus":"TRANSFORM_CARD","is_daily":false,"chose_seed":false,"campfire_upgraded":2,"win_rate":0.0,"timestamp":1608177631,"path_taken":["M","?","M","?","?","E","M","R","T","?","R","?","M","$","R","BOSS","M","?"],"items_purchased_type":["Card"],"build_version":"2020-12-13","purchased_purges":1,"victory":false,"max_hp_per_floor":[83,83,86,86,86,89,92,92,92,92,92,92,98,98,98,102,102,104,108,108],"relic_stats":{"Singing Bowl":4,"counters":[8,50],"Pen Nib":[7],"obtain_stats":[{"Singing Bowl":9,"Pen Nib":2,"Omamori":6,"Empty Cage":17,"Burning Blood":0},{"Singing Bowl":4,"Pen Nib":1,"Omamori":3,"Empty Cage":6,"Burning Blood":0},{"Singing Bowl":21,"Pen Nib":3,"Omamori":18,"Empty Cage":41,"Burning Blood":0}],"Burning Blood":42},"card_choices":[{"not_picked":["Metallicize","Heavy Blade","Entrench"],"picked":"SKIP","floor":1.0},{"not_picked":["Cleave","Havoc","Rage"],"picked":"SKIP","floor":3.0},{"not_picked":["Intimidate","Barricade","Body Slam"],"picked":"SKIP","floor":6},{"not_picked":["Second Wind","Pommel Strike","Rage"],"picked":"SKIP","floor":7},{"not_picked":["Reckless Charge","True Grit","Clash"],"picked":"Singing Bowl","floor":13},{"not_picked":["Bludgeon","Fiend Fire"],"picked":"Double Tap","floor":16},{"not_picked":["Havoc","Burning Pact","Dark Embrace"],"picked":"Singing Bowl","floor":18}],"player_experience":956518,"relics_obtained":[{"floor":2.0,"key":"Pen Nib"},{"floor":6,"key":"Omamori"},{"floor":9,"key":"Singing Bowl"}],"event_choices":[{"damage_healed":0.0,"max_hp_gain":0.0,"max_hp_loss":0.0,"gold_gain":0.0,"cards_transformed":["Defend_R"],"event_name":"Living Wall","player_choice":"Change","floor":4.0,"gold_loss":0.0,"damage_taken":0.0,"cards_obtained":["Sentinel"]},{"cards_removed":["Strike_R"],"damage_healed":0.0,"max_hp_gain":0.0,"max_hp_loss":0.0,"gold_gain":0.0,"event_name":"The Cleric","player_choice":"Card Removal","floor":5.0,"gold_loss":50.0,"damage_taken":0.0},{"damage_healed":0,"gold_gain":0,"player_choice":"Ignored","damage_taken":0,"max_hp_gain":0,"max_hp_loss":0,"event_name":"Liars Game","floor":10,"gold_loss":0},{"cards_removed":["Strike_R"],"damage_healed":0,"gold_gain":0,"player_choice":"Purged","damage_taken":0,"max_hp_gain":0,"max_hp_loss":0,"event_name":"Purifier","floor":12,"gold_loss":0}],"is_beta":false,"boss_relics":[{"not_picked":["Tiny House","Astrolabe"],"picked":"Empty Cage"}],"items_purged_floors":[14],"is_endless":false,"potions_floor_spawned":[1,6,7],"killed_by":"3 Byrds","ascension_level":11}}