{"host":"ktoxvvst1mwxww91","time":1608206850,"event":{"mods":["BaseMod","Downfall","Hermit","Minty Spire (QoL Compilation)","StSLib","The Hierophant","The Mystic","The Necromancer"],"gold_per_floor":[114,64,64,28,203,234,234,255,255,269,289,321,321,340,340,436,436,455,298,310,324,324,324],"floor_reached":22,"playtime":630,"items_purged":["Strike_R"],"score":281,"play_id":"49ed3e29-549e-4d3c-88d6-a92f07173c50","local_time":"20201217130730","is_ascension_mode":true,"campfire_choices":[{"data":"Rampage","floor":7,"key":"SMITH"},{"data":"Demon Form","floor":13,"key":"SMITH"},{"data":"Armaments","floor":15,"key":"SMITH"}],"circlet_count":0,"master_deck":["Strike_R","Strike_R","Defend_R","Defend_R","Defend_R","Defend_R","Bash","Fiend Fire","Fire Breathing","Rampage+1","Iron Wave","Demon Form+1","Evolve","Dark Embrace","Sword Boomerang","Armaments+1","Barricade","Battle Trance+1","Feel No Pain","Shrug It Off"],"relics":["Burning Blood","Bronze Scales","Bottled Flame","Odd Mushroom","Matryoshka","Guardian:PocketSentry","Empty Cage"],"acts_visited":["Exordium","TheCity"],"potions_floor_usage":[10,10,10,16,16,16,18,22],"damage_taken":[{"damage":2,"enemies":"Jaw Worm","floor":1,"turns":3},{"damage":25,"enemies":"3 Sentries","floor":6,"turns":5},{"damage":18,"enemies":"The Mushroom Lair","floor":8,"turns":4},{"damage":0,"enemies":"2 Louse","floor":10,"turns":2},{"damage":0,"enemies":"Small Slimes","floor":11,"turns":4},{"damage":25,"enemies":"Lagavulin","floor":12,"turns":7},{"damage":14,"enemies":"Looter","floor":14,"turns":3},{"damage":25,"enemies":"The Guardian","floor":16,"turns":7},{"damage":24,"enemies":"Shell Parasite","floor":18,"turns":8},{"damage":30,"enemies":"2 Thieves","floor":20,"turns":5},{"damage":18,"enemies":"Snecko","floor":21,"turns":5},{"damage":19,"enemies":"Snake Plant","floor":22,"turns":1}],"seed_played":"1184925535314427918","potions_obtained":[{"floor":8,"key":"EntropicBrew"},{"floor":12,"key":"ElixirPotion"},{"floor":14,"key":"Regen Potion"},{"floor":16,"key":"Slimebound:ThreeZeroPotion"},{"floor":21,"key":"Strength Potion"}],"is_trial":false,"path_per_floor":["M","?","?","$","?","E","R","?","T","M","M","E","R","M","R","B",null,"M","$","M","M","M"],"character_chosen":"IRONCLAD","items_purchased":["Rampage","Feel No Pain"],"campfire_rested":0,"item_purchase_floors":[4,19],"current_hp_per_floor":[76,76,64,64,64,45,45,33,33,55,61,42,42,34,34,30,68,50,50,26,14,0,0],"gold":324,"neow_bonus":"ONE_RANDOM_RARE_CARD","is_daily":false,"chose_seed":false,"campfire_upgraded":3,"win_rate":0.0,"timestamp":1608206850,"path_taken":["M","?","?","$","?","E","R","?","T","M","M","E","R","M","R","BOSS","M","$","M","M","M"],"items_purchased_type":["Card","Card"],"build_version":"2020-12-13","purchased_purges":1,"victory":false,"max_hp_per_floor":[80,80,80,80,80,80,80,80,80,80,80,80,80,80,80,80,80,80,80,80,80,80,80],"card_choices":[{"not_picked":["Sword Boomerang","Pummel"],"picked":"Fire Breathing","floor":1},{"not_picked":["Twin Strike","Clothesline"],"picked":"Iron Wave","floor":6},{"not_picked":["Whirlwind","Warcry"],"picked":"Demon Form","floor":8},{"not_picked":["Inflame","Pommel Strike"],"picked":"Evolve","floor":10},{"not_picked":["Body Slam","Hemokinesis"],"picked":"Dark Embrace","floor":11},{"not_picked":["Rupture","Shockwave"],"picked":"Sword Boomerang","floor":12},{"not_picked":["Clash","Perfected Strike"],"picked":"Armaments","floor":14},{"not_picked":["Bludgeon","Brutality"],"picked":"Barricade","floor":16},{"not_picked":["Perfected Strike","Headbutt"],"picked":"Battle Trance+1","floor":18},{"not_picked":["Dual Wield","Combust","Perfected Strike"],"picked":"SKIP","floor":20},{"not_picked":["Sentinel","Flex"],"picked":"Shrug It Off","floor":21}],"player_experience":1022605,"relics_obtained":[{"floor":6,"key":"Bottled Flame"},{"floor":8,"key":"Odd Mushroom"},{"floor":9,"key":"Matryoshka"},{"floor":12,"key":"Guardian:PocketSentry"}],"event_choices":[{"cards_removed":["Strike_R"],"damage_healed":0,"gold_gain":0,"player_choice":"Card Removal","damage_taken":0,"max_hp_gain":0,"max_hp_loss":0,"event_name":"The Cleric","floor":2,"gold_loss":50},{"damage_healed":0,"gold_gain":0,"player_choice":"Success","damage_taken":12,"relics_obtained":["Bronze Scales"],"max_hp_gain":0,"max_hp_loss":0,"event_name":"Scrap Ooze","floor":3,"gold_loss":0},{"damage_healed":0,"gold_gain":175,"player_choice":"AGREE","damage_taken":0,"max_hp_gain":0,"max_hp_loss":0,"event_name":"Liars Game","floor":5,"gold_loss":0,"cards_obtained":["Doubt"]},{"damage_healed":0,"gold_gain":0,"player_choice":"Fought Mushrooms","damage_taken":0,"max_hp_gain":0,"max_hp_loss":0,"event_name":"Mushrooms","floor":8,"gold_loss":0}],"is_beta":false,"boss_relics":[{"not_picked":["Ectoplasm","Tiny House"],"picked":"Empty Cage"}],"items_purged_floors":[19],"is_endless":false,"potions_floor_spawned":[8,12,14,16,21],"killed_by":"Snake Plant","ascension_level":9}}