{"host":"md0dejzd6k70gl1f","time":1608208723,"event":{"mods":["BaseMod","Minty Spire (QoL Compilation)","Quick Restart"],"gold_per_floor":[110,122,141,141,141,171,43,43,43,54,4,20,39,73,73,73,73],"floor_reached":16,"playtime":576,"items_purged":[],"score":224,"play_id":"8d0abf39-915b-4107-a2fd-6afc3447bd89","local_time":"20201217133843","is_ascension_mode":true,"campfire_choices":[{"floor":8,"key":"REST"},{"floor":15,"key":"REST"}],"circlet_count":0,"master_deck":["AscendersBane","Strike_G","Strike_G","Strike_G","Strike_G","Defend_G","Defend_G","Defend_G","Defend_G","Defend_G","Survivor","Neutralize","Poisoned Stab","Quick Slash+1","Sucker Punch","Dash","Terror+1","Leg Sweep+1","Deadly Poison+1","Dagger Spray","Backflip+1","Deadly Poison+1"],"relics":["Ring of the Snake","Toxic Egg 2","Nunchaku","Happy Flower"],"acts_visited":["Exordium"],"potions_floor_usage":[6,16],"damage_taken":[{"damage":11,"enemies":"Jaw Worm","floor":1,"turns":8},{"damage":2,"enemies":"2 Louse","floor":2,"turns":3},{"damage":0,"enemies":"Cultist","floor":3,"turns":3},{"damage":30,"enemies":"Gremlin Nob","floor":6,"turns":4},{"damage":2,"enemies":"Gremlin Gang","floor":10,"turns":6},{"damage":0,"enemies":"Blue Slaver","floor":12,"turns":3},{"damage":0,"enemies":"Looter","floor":13,"turns":2},{"damage":19,"enemies":"3 Sentries","floor":14,"turns":10},{"damage":29,"enemies":"Slime Boss","floor":16,"turns":10}],"seed_played":"-5820890704244872165","potions_obtained":[{"floor":0,"key":"CunningPotion"},{"floor":0,"key":"GhostInAJar"}],"is_trial":false,"path_per_floor":["M","M","M","?","?","E","$","R","T","M","$","M","M","E","R","B"],"character_chosen":"THE_SILENT","items_purchased":["Terror+1","Strength Potion","Deadly Poison+1"],"campfire_rested":2,"item_purchase_floors":[7,7,11],"current_hp_per_floor":[48,46,46,39,39,9,9,28,28,26,26,26,26,7,26,0,0],"gold":73,"neow_bonus":"THREE_SMALL_POTIONS","is_daily":false,"chose_seed":false,"campfire_upgraded":0,"win_rate":0.0,"timestamp":1608208723,"path_taken":["M","M","M","?","?","E","$","R","T","M","$","?","?","E","R","BOSS"],"items_purchased_type":["Card","Potion","Card"],"build_version":"2020-12-13","purchased_purges":0,"victory":false,"max_hp_per_floor":[66,66,66,66,66,66,66,66,66,66,66,66,66,66,66,66,66],"card_choices":[{"not_picked":["Underhanded Strike","Calculated Gamble"],"picked":"Poisoned Stab","floor":1},{"not_picked":["Night Terror","Dodge and Roll"],"picked":"Quick Slash","floor":2},{"not_picked":["PiercingWail","Acrobatics"],"picked":"Sucker Punch","floor":3},{"not_picked":["All Out Attack","PiercingWail+1"],"picked":"Dash","floor":6},{"not_picked":["Flying Knee","Deadly Poison+1"],"picked":"Leg Sweep+1","floor":10},{"not_picked":["Distraction+1","Dagger Spray","Underhanded Strike"],"picked":"SKIP","floor":12},{"not_picked":["Distraction+1","Underhanded Strike"],"picked":"Dagger Spray","floor":12},{"not_picked":["Endless Agony","Blade Dance+1"],"picked":"Backflip+1","floor":13},{"not_picked":["Prepared+1","Doppelganger+1"],"picked":"Deadly Poison+1","floor":14}],"player_experience":430649,"relics_obtained":[{"floor":6,"key":"Toxic Egg 2"},{"floor":9,"key":"Nunchaku"},{"floor":14,"key":"Happy Flower"}],"event_choices":[{"cards_removed":["Strike_G"],"damage_healed":0,"gold_gain":0,"player_choice":"Card Removal","damage_taken":7,"max_hp_gain":0,"max_hp_loss":0,"event_name":"Golden Wing","floor":4,"gold_loss":0},{"damage_healed":0,"gold_gain":0,"player_choice":"Upgraded","damage_taken":0,"max_hp_gain":0,"max_hp_loss":0,"event_name":"Upgrade Shrine","floor":5,"gold_loss":0,"cards_upgraded":["Quick Slash"]}],"is_beta":false,"boss_relics":[],"items_purged_floors":[],"is_endless":false,"potions_floor_spawned":[2,3,14],"killed_by":"Slime Boss","ascension_level":20}}