{"host":"j0a1jfichhxu8b8p","time":1608176504,"event":{"mods":["BaseMod","Colored Map","DeckTracker","Keyboard Shortcuts","Minty Spire (QoL Compilation)","Permanent Neow","StSLib"],"gold_per_floor":[119,194,208,208,221,221,205,50,97,137,158,83,119,138,138,266,266,284,309,59,84,105,140,152,208,269,281,293,329,364,79,79,203,203,222,322,131,6,26,26,70,70,70,89,89,89,130,146,146,146,146],"floor_reached":50,"playtime":2178,"items_purged":["Dualcast","Recycle+1","Strike_B"],"score":891,"play_id":"1701626a-9e0a-43b9-b988-3d59c2a7f360","local_time":"20201217124144","is_ascension_mode":true,"campfire_choices":[{"data":"Reprogram","floor":6.0,"key":"SMITH"},{"data":"Conserve Battery","floor":15.0,"key":"SMITH"},{"data":"Hyperbeam","floor":24.0,"key":"SMITH"},{"floor":27.0,"key":"REST"},{"data":"Hologram","floor":32,"key":"SMITH"},{"data":"Hyperbeam","floor":40,"key":"SMITH"},{"data":"Buffer","floor":42,"key":"SMITH"},{"data":"Beam Cell","floor":46,"key":"SMITH"},{"data":"Meteor Strike","floor":49,"key":"SMITH"}],"circlet_count":0,"master_deck":["AscendersBane","Strike_B","Strike_B","Defend_B","Defend_B","Defend_B","Defend_B","Conserve Battery","Reprogram+1","Self Repair","Hyperbeam+1","Hologram+1","Buffer+1","Conserve Battery+1","Hyperbeam+1","Cold Snap+1","Compile Driver","Beam Cell+1","Melter+1","Steam","Compile Driver","Beam Cell+1","Core Surge","Go for the Eyes+1","Flash of Steel","Melter+1","Steam+1","Meteor Strike+1"],"relics":["Cracked Core","Golden Idol","Centennial Puzzle","Happy Flower","PreservedInsect","Astrolabe","Gremlin Horn","MawBank","Ancient Tea Set","Bronze Scales","MutagenicStrength","Mango","Nuclear Battery","Mercury Hourglass","Question Card","Vajra"],"acts_visited":["Exordium","TheCity","TheBeyond"],"potions_floor_usage":[41,50,50,50],"damage_taken":[{"damage":1.0,"enemies":"2 Louse","floor":1.0,"turns":3.0},{"damage":4.0,"enemies":"Small Slimes","floor":3.0,"turns":3.0},{"damage":1.0,"enemies":"Jaw Worm","floor":5.0,"turns":3.0},{"damage":13.0,"enemies":"Exordium Thugs","floor":7.0,"turns":4.0},{"damage":4.0,"enemies":"Lagavulin","floor":10.0,"turns":5.0},{"damage":6.0,"enemies":"Looter","floor":11.0,"turns":2.0},{"damage":18.0,"enemies":"Gremlin Nob","floor":13.0,"turns":4.0},{"damage":5.0,"enemies":"Gremlin Gang","floor":14.0,"turns":2.0},{"damage":1.0,"enemies":"The Guardian","floor":16.0,"turns":12.0},{"damage":8.0,"enemies":"Chosen","floor":18.0,"turns":6.0},{"damage":8.0,"enemies":"3 Byrds","floor":19.0,"turns":6.0},{"damage":16.0,"enemies":"Snecko","floor":21.0,"turns":5.0},{"damage":13.0,"enemies":"Snake Plant","floor":22.0,"turns":4.0},{"damage":8.0,"enemies":"Gremlin Leader","floor":23.0,"turns":4.0},{"damage":25.0,"enemies":"Book of Stabbing","floor":25.0,"turns":5.0},{"damage":7,"enemies":"Cultist and Chosen","floor":29,"turns":4},{"damage":1,"enemies":"Shelled Parasite and Fungi","floor":30,"turns":3},{"damage":35,"enemies":"Collector","floor":33,"turns":7},{"damage":0,"enemies":"Orb Walker","floor":35,"turns":2},{"damage":1,"enemies":"3 Darklings","floor":39,"turns":2},{"damage":0,"enemies":"Reptomancer","floor":41,"turns":3},{"damage":8,"enemies":"Maw","floor":44,"turns":6},{"damage":26,"enemies":"Giant Head","floor":47,"turns":8},{"damage":2,"enemies":"4 Shapes","floor":48,"turns":2},{"damage":78,"enemies":"Donu and Deca","floor":50,"turns":6}],"seed_played":"8168246769686415429","potions_obtained":[{"floor":1.0,"key":"SkillPotion"},{"floor":3.0,"key":"BlessingOfTheForge"},{"floor":7.0,"key":"BlessingOfTheForge"},{"floor":14.0,"key":"PowerPotion"},{"floor":16.0,"key":"Dexterity Potion"},{"floor":18.0,"key":"PowerPotion"},{"floor":23.0,"key":"EssenceOfDarkness"},{"floor":30,"key":"Regen Potion"},{"floor":39,"key":"Fire Potion"},{"floor":41,"key":"Dexterity Potion"},{"floor":48,"key":"Weak Potion"}],"is_trial":false,"path_per_floor":["M","?","M","?","M","R","M","$","T","E","M","$","E","M","R","B",null,"M","M","$","M","M","E","R","E","T","R","?","M","M","$","R","B",null,"M","?","$","$","M","R","E","R","T","M","?","R","E","M","R","B"],"character_chosen":"DEFECT","items_purchased":["Hyperbeam","Gremlin Horn","Mango","Flash of Steel"],"campfire_rested":1,"item_purchase_floors":[8,20,31,37],"current_hp_per_floor":[67,56,52,52,51,51,38,38,38,34,28,28,10,12,12,18,56,55,54,54,45,39,38,38,13,13,33,33,33,32,46,46,11,65,65,65,65,65,64,64,64,64,64,63,63,63,44,49,49,0,0],"gold":146,"neow_bonus":"UPGRADE_CARD","is_daily":false,"chose_seed":false,"campfire_upgraded":8,"win_rate":0.0,"timestamp":1608176504,"path_taken":["M","?","M","?","M","R","M","?","T","E","?","$","E","M","R","BOSS","M","M","$","M","M","E","R","E","T","R","?","M","M","$","R","BOSS","M","?","?","$","M","R","E","R","T","?","?","R","E","M","R","BOSS"],"items_purchased_type":["Card","Relic","Relic","Card"],"build_version":"2020-12-13","purchased_purges":3,"victory":false,"max_hp_per_floor":[75,75,75,69,69,69,69,69,69,69,69,69,69,69,69,69,69,69,69,69,69,69,69,69,69,69,69,69,69,69,83,83,83,83,83,83,83,83,83,83,83,83,83,83,83,83,83,83,83,83,83],"card_choices":[{"not_picked":["Aggregate","Turbo"],"picked":"Conserve Battery","floor":1.0},{"not_picked":["Rebound","Redo"],"picked":"Reprogram","floor":3.0},{"not_picked":["Force Field","Coolheaded","Blizzard"],"picked":"SKIP","floor":5.0},{"not_picked":["Rebound","Compile Driver"],"picked":"Self Repair","floor":7.0},{"not_picked":["Loop","Steam"],"picked":"Fission","floor":10.0},{"not_picked":["Stack","Hello World"],"picked":"Hologram","floor":11.0},{"not_picked":["Go for the Eyes","Sweeping Beam"],"picked":"Buffer","floor":13.0},{"not_picked":["Hologram","Stack"],"picked":"Conserve Battery","floor":14.0},{"not_picked":["Multi-Cast","Creative AI"],"picked":"Hyperbeam","floor":16.0},{"not_picked":["Barrage","Steam"],"picked":"Compile Driver","floor":18.0},{"not_picked":["Skim","Gash+1"],"picked":"Beam Cell","floor":19.0},{"not_picked":["Chill+1","Static Discharge"],"picked":"Melter+1","floor":21.0},{"not_picked":["Hologram","Scrape+1"],"picked":"Steam","floor":22.0},{"not_picked":["Thunder Strike","Fusion","Leap"],"picked":"SKIP","floor":23.0},{"not_picked":["Chill","Streamline"],"picked":"Compile Driver","floor":25.0},{"not_picked":["Leap","Beam Cell","Compile Driver"],"picked":"SKIP","floor":29},{"not_picked":["Coolheaded+1","White Noise"],"picked":"Beam Cell+1","floor":30},{"not_picked":["Buffer","Amplify"],"picked":"Core Surge","floor":33},{"not_picked":["Heatsinks","Barrage+1"],"picked":"Go for the Eyes+1","floor":35},{"not_picked":["Double Energy","Aggregate"],"picked":"Melter+1","floor":39},{"not_picked":["Cold Snap+1","Redo","Turbo+1"],"picked":"SKIP","floor":41},{"not_picked":["Capacitor+1","Leap+1","Coolheaded+1"],"picked":"Steam+1","floor":44},{"not_picked":["Double Energy","Chill","Steam+1"],"picked":"Meteor Strike","floor":47},{"not_picked":["Steam+1","Redo+1","Ball Lightning","Go for the Eyes+1"],"picked":"SKIP","floor":48}],"player_experience":323731,"relics_obtained":[{"floor":9.0,"key":"Centennial Puzzle"},{"floor":10.0,"key":"Happy Flower"},{"floor":13.0,"key":"PreservedInsect"},{"floor":23.0,"key":"MawBank"},{"floor":25.0,"key":"Ancient Tea Set"},{"floor":26.0,"key":"Bronze Scales"},{"floor":41,"key":"Mercury Hourglass"},{"floor":43,"key":"Question Card"},{"floor":47,"key":"Vajra"}],"event_choices":[{"damage_healed":0.0,"max_hp_gain":0.0,"max_hp_loss":0.0,"gold_gain":75.0,"event_name":"World of Goop","player_choice":"Gather Gold","floor":2.0,"gold_loss":0.0,"damage_taken":11.0},{"damage_healed":0.0,"max_hp_gain":0.0,"max_hp_loss":6.0,"gold_gain":0.0,"event_name":"Golden Idol","player_choice":"Lose Max HP","floor":4.0,"gold_loss":0.0,"damage_taken":0.0,"relics_obtained":["Golden Idol"]},{"damage_healed":0,"gold_gain":0,"player_choice":"Inject Mutagens","damage_taken":0,"relics_obtained":["MutagenicStrength"],"max_hp_gain":0,"max_hp_loss":0,"event_name":"Drug Dealer","floor":28,"gold_loss":0},{"damage_healed":0,"gold_gain":100,"player_choice":"Pray","damage_taken":0,"max_hp_gain":0,"max_hp_loss":0,"event_name":"Golden Shrine","floor":36,"gold_loss":0},{"cards_removed":["Electrodynamics"],"damage_healed":0,"gold_gain":0,"player_choice":"Card Removal","damage_taken":0,"max_hp_gain":0,"max_hp_loss":0,"event_name":"Wheel of Change","floor":45,"gold_loss":0}],"is_beta":false,"boss_relics":[{"not_picked":["Velvet Choker","Tiny House"],"picked":"Astrolabe"},{"not_picked":["Runic Pyramid","Black Star"],"picked":"Nuclear Battery"}],"items_purged_floors":[12,37,38],"is_endless":false,"potions_floor_spawned":[1,3,7,14,16,18,23,30,39,41,48],"killed_by":"Donu and Deca","ascension_level":10}}