{"host":"in0wrqv1d65r4vfd","time":1608168148,"event":{"mods":["BaseMod","Downfall","Minty Spire (QoL Compilation)","Relic Stats","Replay The Spire","StSLib"],"gold_per_floor":[99,99,130,130,130,227,227,227,257,182,182,199,214,231,248,350,350,350,364,395,395,409,441,441,466,466,391,391,414,11,111,138,243,243,168,208,232,232,241,292,292,331,350,388,412,412,397,397,424,424],"floor_reached":51,"playtime":5593,"items_purged":["hexamod:FourthSeal"],"score":899,"play_id":"8bfe6bf9-d819-444c-8359-3325fac3dae5","local_time":"20201216202228","is_ascension_mode":false,"campfire_choices":[{"data":"hexamod:Sear","floor":1.0,"key":"SMITH"},{"data":"hexamod:ThermalTransfer","floor":4.0,"key":"SMITH"},{"data":"hexamod:NightmareStrike","floor":8.0,"key":"SMITH"},{"data":"hexamod:NightmareGuise","floor":10.0,"key":"SMITH"},{"data":"hexamod:PhantomFireball","floor":18.0,"key":"SMITH"},{"data":"hexamod:RainOfEmbers","floor":21.0,"key":"SMITH"},{"floor":27.0,"key":"RECALL"},{"data":"expansioncontent:StudyTheSpire","floor":35.0,"key":"SMITH"},{"data":"hexamod:HexaLevel","floor":38.0,"key":"SMITH"},{"data":"hexamod:EmpoweredFlame","floor":38.0,"key":"SMITH"}],"circlet_count":1,"master_deck":["hexamod:Sear+1","hexamod:Float","hexamod:GhostflameBarrier","hexamod:ThermalTransfer+1","hexamod:RainOfEmbers+1","hexamod:StepThrough","hexamod:NightmareStrike+1","hexamod:NightmareGuise+1","hexamod:BurningTouch","hexamod:NightmareStrike","hexamod:EmpoweringStance","hexamod:StepThrough","hexamod:NightmareStrike","hexamod:EmpoweredFlame+1","hexamod:GhostflameBarrier","hexamod:PhantomFireball+1","hexamod:Again","hexamod:HeatMetal","hexamod:ShieldOfDarkness","hexamod:GhostOfSpirePresent+1","hexamod:GhostflameInferno","hexamod:SkipABeat","hexamod:RadiantFlame","expansioncontent:StudyTheSpire+1","hexamod:Incineration","hexamod:NightmareGuise","hexamod:SwordOfDarkness","hexamod:HexaLevel+1","hexamod:SkipABeat","hexamod:SwordOfDarkness+1","hexamod:TimeOfNeed","hexamod:Incineration+1","hexamod:HauntingEcho+1","hexamod:HauntingEcho+1","hexamod:SearingWound","hexamod:HeatShield+1"],"relics":["hexamod:SpiritBrand","downfall:HeartsMalice","Tiny Chest","Ginger","Bird Faced Urn","downfall:HeartBlessingGreen","Replay:Grab Bag","hexamod:IceCube","ChewingGum","Pandora\u0027s Box","Snecko Eye","Meat on the Bone","Replay:Accelerometer","CeramicFish","downfall:HeartBlessingBlue","Circlet","Membership Card","ReplayTheSpireMod:Lightbulb","Replay:Bronze Core","downfall:HeartBlessingRed","Replay:Arrowhead","Nunchaku","Ornamental Fan","Lizard Tail","Torii"],"acts_visited":["Exordium","TheCity","TheBeyond"],"potions_floor_usage":[50,50],"damage_taken":[{"damage":0.0,"enemies":"Cultist","floor":2.0,"turns":1.0},{"damage":0.0,"enemies":"Gremlin Nob","floor":3.0,"turns":1.0},{"damage":0.0,"enemies":"Small Slimes","floor":5.0,"turns":1.0},{"damage":0.0,"enemies":"Replay:BlueRogue","floor":9.0,"turns":4.0},{"damage":0.0,"enemies":"Jaw Worm","floor":12.0,"turns":3.0},{"damage":7.0,"enemies":"Large Slime","floor":13.0,"turns":3.0},{"damage":0.0,"enemies":"2 Fungi Beasts","floor":14.0,"turns":4.0},{"damage":4.0,"enemies":"Exordium Thugs","floor":15.0,"turns":4.0},{"damage":11.0,"enemies":"downfall:Ironclad","floor":16.0,"turns":9.0},{"damage":0.0,"enemies":"Spheric Guardian","floor":19.0,"turns":3.0},{"damage":4.0,"enemies":"Replay:Snechameleon","floor":20.0,"turns":4.0},{"damage":8.0,"enemies":"Snake Plant","floor":22.0,"turns":4.0},{"damage":18.0,"enemies":"Slavers","floor":23.0,"turns":6.0},{"damage":2.0,"enemies":"Book of Stabbing","floor":25.0,"turns":4.0},{"damage":0.0,"enemies":"Chosen and Byrds","floor":29.0,"turns":4.0},{"damage":3.0,"enemies":"downfall:FleeingMerchant","floor":30.0,"turns":5.0},{"damage":6.0,"enemies":"Centurion and Healer","floor":32.0,"turns":3.0},{"damage":9.0,"enemies":"downfall:Watcher","floor":33.0,"turns":6.0},{"damage":17.0,"enemies":"Reptomancer","floor":36.0,"turns":7.0},{"damage":11.0,"enemies":"3 Darklings","floor":37.0,"turns":5.0},{"damage":40.0,"enemies":"Giant Head","floor":42.0,"turns":7.0},{"damage":5.0,"enemies":"Orb Walker","floor":43.0,"turns":3.0},{"damage":4.0,"enemies":"Reptomancer","floor":44.0,"turns":5.0},{"damage":35.0,"enemies":"4 Shapes","floor":45.0,"turns":4.0},{"damage":0.0,"enemies":"downfall:FleeingMerchant","floor":47.0,"turns":5.0},{"damage":30,"enemies":"Jaw Worm Horde","floor":49,"turns":5},{"damage":41,"enemies":"downfall:Defect","floor":50,"turns":8}],"seed_played":"-4061095401288317370","potions_obtained":[{"floor":12.0,"key":"Fire Potion"},{"floor":13.0,"key":"Slimebound:ThreeZeroPotion"},{"floor":14.0,"key":"Weak Potion"},{"floor":22.0,"key":"Flashbang"},{"floor":32.0,"key":"champ:CounterPotion"},{"floor":45.0,"key":"SteroidPotion"},{"floor":49,"key":"FearPotion"}],"is_trial":false,"path_per_floor":["R","M","E","R","M","?","T","R","E","R","?","M","M","M","M","B",null,"R","M","E","R","M","E","T","E","T","R","?","M","$","?","M","B",null,"R","E","M","R","?","T","T","E","M","E","M","?","$","?","M","B",null],"character_chosen":"THE_SPIRIT","items_purchased":["Membership Card","expansioncontent:StudyTheSpire","hexamod:Incineration","hexamod:NightmareGuise","ReplayTheSpireMod:Lightbulb"],"campfire_rested":0,"item_purchase_floors":[30,30,30,30,30],"current_hp_per_floor":[70,70,70,70,70,53,53,53,53,53,53,53,46,46,42,33,70,70,70,66,66,60,46,46,50,50,60,60,78,79,79,74,75,80,80,68,71,71,71,71,71,43,42,46,33,70,70,70,44,23],"gold":424,"neow_bonus":"THREE_ENEMY_KILL","is_daily":false,"chose_seed":false,"campfire_upgraded":9,"win_rate":0.0,"timestamp":1608168148,"path_taken":["R","M","E","R","?","?","T","R","E","R","?","M","M","M","M","BOSS","R","M","E","R","M","E","T","E","?","R","?","M","$","?","M","BOSS","R","E","M","R","?","?","T","E","M","E","M","?","$","?","M","BOSS"],"items_purchased_type":["Relic","Card","Card","Card","Relic"],"build_version":"2020-12-13","purchased_purges":1,"victory":true,"max_hp_per_floor":[70,70,70,70,70,70,70,70,70,70,70,70,70,70,70,70,70,70,70,70,70,70,70,70,70,70,80,80,80,80,80,80,80,80,80,80,80,80,80,80,80,80,80,80,80,70,70,70,70,70],"relic_stats":{"Torii":7,"counters":[27,115],"CeramicFish":135,"Ginger":[14],"Nunchaku":[7],"Lizard Tail":0,"Ornamental Fan":[64],"Bird Faced Urn":[89],"Snecko Eye":[143,150,154,149],"Tiny Chest":2,"Pandora\u0027s Box":["hexamod:StepThrough","hexamod:NightmareStrike","hexamod:EmpoweredFlame","hexamod:RecurringNightmare","hexamod:GhostflameBarrier","hexamod:PhantomFireball","hexamod:Again"],"obtain_stats":[{"Replay:Accelerometer":25,"Torii":44,"CeramicFish":26,"downfall:HeartBlessingGreen":10,"Ginger":7,"BranchBurnRelic":27,"Nunchaku":40,"Lizard Tail":42,"downfall:HeartBlessingBlue":27,"Replay:Bronze Core":34,"Tiny Chest":3,"hexamod:SpiritBrand":0,"downfall:HeartBlessingRed":35,"Replay:Grab Bag":17,"Dead Branch":23,"Circlet":0,"downfall:HeartsMalice":0,"Replay:Arrowhead":36,"Ornamental Fan":41,"Bird Faced Urn":9,"Snecko Eye":17,"ChewingGum":17,"Pandora\u0027s Box":17,"Membership Card":30,"ReplayTheSpireMod:Lightbulb":30,"hexamod:IceCube":17,"Meat on the Bone":20},{"Replay:Accelerometer":14,"Torii":23,"CeramicFish":14,"downfall:HeartBlessingGreen":4,"Ginger":3,"BranchBurnRelic":14,"Nunchaku":20,"Lizard Tail":21,"downfall:HeartBlessingBlue":14,"Replay:Bronze Core":18,"Tiny Chest":2,"hexamod:SpiritBrand":0,"downfall:HeartBlessingRed":18,"Replay:Grab Bag":9,"Dead Branch":13,"Circlet":0,"downfall:HeartsMalice":0,"Replay:Arrowhead":19,"Ornamental Fan":20,"Bird Faced Urn":4,"Snecko Eye":9,"ChewingGum":9,"Pandora\u0027s Box":9,"Membership Card":16,"ReplayTheSpireMod:Lightbulb":16,"hexamod:IceCube":9,"Meat on the Bone":11},{"Replay:Accelerometer":48,"Torii":93,"CeramicFish":48,"downfall:HeartBlessingGreen":4,"Ginger":0,"BranchBurnRelic":48,"Nunchaku":78,"Lizard Tail":85,"downfall:HeartBlessingBlue":48,"Replay:Bronze Core":66,"Tiny Chest":0,"hexamod:SpiritBrand":0,"downfall:HeartBlessingRed":66,"Replay:Grab Bag":27,"Dead Branch":44,"Circlet":0,"downfall:HeartsMalice":0,"Replay:Arrowhead":73,"Ornamental Fan":78,"Bird Faced Urn":4,"Snecko Eye":27,"ChewingGum":27,"Pandora\u0027s Box":27,"Membership Card":57,"ReplayTheSpireMod:Lightbulb":57,"hexamod:IceCube":27,"Meat on the Bone":34}],"Meat on the Bone":24},"card_choices":[{"not_picked":["hexamod:GhostShield","hexamod:Firestarter"],"picked":"hexamod:GhostflameBarrier","floor":2.0},{"not_picked":["hexamod:ShieldOfDarkness","hexamod:InspiringFlames"],"picked":"hexamod:ThermalTransfer","floor":3.0},{"not_picked":["hexamod:Hexaguard","hexamod:Rewind","hexamod:SpectralAdrenaline"],"picked":"SKIP","floor":5.0},{"not_picked":["hexamod:GhostOfSpirePast","hexamod:Firestarter"],"picked":"hexamod:RainOfEmbers","floor":6.0},{"not_picked":["hexamod:BacktrackSmack","hexamod:GhostLash"],"picked":"hexamod:StepThrough","floor":6.0},{"not_picked":["hexamod:NightmareGuise","hexamod:AdvancingGuard"],"picked":"hexamod:NightmareStrike","floor":6.0},{"not_picked":["hexamod:GhostLash","hexamod:Again"],"picked":"hexamod:NightmareGuise","floor":9.0},{"not_picked":["hexamod:ShieldOfDarkness","hexamod:SearingWound"],"picked":"hexamod:FourthSeal","floor":12.0},{"not_picked":["hexamod:SoulSteal","hexamod:SpectersWail"],"picked":"hexamod:BurningTouch","floor":13.0},{"not_picked":["hexamod:RecurringNightmare","hexamod:InspiringFlames","hexamod:SpectersWail"],"picked":"SKIP","floor":14.0},{"not_picked":["hexamod:InspiringFlames","hexamod:BacktrackSmack"],"picked":"hexamod:NightmareStrike","floor":15.0},{"not_picked":["hexamod:SearingWound","hexamod:GhostflameInferno"],"picked":"hexamod:EmpoweringStance","floor":16.0},{"not_picked":["hexamod:GhostLash","hexamod:GhostShield"],"picked":"hexamod:HeatMetal","floor":19.0},{"not_picked":["hexamod:HauntingEcho","hexamod:NightmareGuise"],"picked":"hexamod:ShieldOfDarkness","floor":20.0},{"not_picked":["hexamod:EmpoweredFlame","hexamod:FourthSeal","hexamod:Firestarter"],"picked":"SKIP","floor":22.0},{"not_picked":["hexamod:SkipABeat","hexamod:FastForward"],"picked":"hexamod:GhostOfSpirePresent+1","floor":23.0},{"not_picked":["hexamod:GhostShield","hexamod:RainOfEmbers"],"picked":"hexamod:GhostflameInferno","floor":25.0},{"not_picked":["hexamod:GhostLash+1","hexamod:Firestarter+1"],"picked":"hexamod:SkipABeat","floor":29.0},{"not_picked":["hexamod:FourthSeal","hexamod:InspiringFlames"],"picked":"hexamod:RadiantFlame","floor":30.0},{"not_picked":["hexamod:InspiringFlames","hexamod:FastForward"],"picked":"hexamod:SwordOfDarkness","floor":32.0},{"not_picked":["hexamod:TimeOfNeed","hexamod:CrushingStance"],"picked":"hexamod:HexaLevel","floor":33.0},{"not_picked":["hexamod:FifthSeal","hexamod:GhostOfSpireFuture"],"picked":"hexamod:SkipABeat","floor":36.0},{"not_picked":["hexamod:Hexaguard+1","hexamod:NightmareGuise+1"],"picked":"hexamod:SwordOfDarkness+1","floor":37.0},{"not_picked":["hexamod:BurningTouch+1","hexamod:Rewind"],"picked":"hexamod:Incineration+1","floor":42.0},{"not_picked":["hexamod:GhostLash","hexamod:PhantomCloak"],"picked":"hexamod:HauntingEcho+1","floor":43.0},{"not_picked":["hexamod:ShieldOfDarkness","hexamod:GhostShield+1"],"picked":"hexamod:HauntingEcho+1","floor":44.0},{"not_picked":["hexamod:NightmareGuise","hexamod:ThirdSeal"],"picked":"hexamod:SearingWound","floor":45.0},{"not_picked":["hexamod:RetreatToShadows+1","hexamod:Hexaguard","hexamod:BacktrackSmack+1"],"picked":"SKIP","floor":47},{"not_picked":["hexamod:SwordOfDarkness","hexamod:HauntingEcho"],"picked":"hexamod:HeatShield+1","floor":49}],"player_experience":897977,"relics_obtained":[{"floor":3.0,"key":"Tiny Chest"},{"floor":7.0,"key":"Ginger"},{"floor":9.0,"key":"Bird Faced Urn"},{"floor":20.0,"key":"Meat on the Bone"},{"floor":23.0,"key":"Dead Branch"},{"floor":25.0,"key":"Replay:Accelerometer"},{"floor":26.0,"key":"CeramicFish"},{"floor":36.0,"key":"Replay:Arrowhead"},{"floor":40.0,"key":"Nunchaku"},{"floor":41.0,"key":"Ornamental Fan"},{"floor":42.0,"key":"Lizard Tail"},{"floor":44.0,"key":"Torii"}],"event_choices":[{"damage_healed":0.0,"max_hp_gain":0.0,"max_hp_loss":0.0,"gold_gain":0.0,"cards_transformed":["hexamod:RecurringNightmare"],"event_name":"Transmorgrifier","player_choice":"Transformed","floor":39.0,"gold_loss":0.0,"damage_taken":0.0,"cards_obtained":["hexamod:TimeOfNeed"]}],"is_beta":false,"boss_relics":[{"not_picked":["Busted Crown","Black Star"],"picked":"Replay:Grab Bag"},{"not_picked":["Velvet Choker","ReplayTheSpireMod:DimensionalGlitch"],"picked":"hexamod:IceCube"},{"not_picked":["Coffee Dripper","Ectoplasm"],"picked":"ChewingGum"},{"not_picked":["Kintsugi","Ring of Chaos"],"picked":"Pandora\u0027s Box"},{"not_picked":["Runic Pyramid","SacredBark"],"picked":"Snecko Eye"},{"not_picked":["Honey Jar","Cursed Key"],"picked":"Replay:Bronze Core"}],"items_purged_floors":[30],"is_endless":false,"potions_floor_spawned":[12,13,14,15,16,20,22,32,33,37,45,49],"ascension_level":0}}