{"host":"htqwg582tjjtn9p7","time":1608224325,"event":{"mods":["2.2 Compatiblity","AchievementEnabler","Act Like it!","Aspiration","BaseMod","Better Third Choice","Colored Map","Conspire","Curses Come First","Displayed Cursed Tome","Energized Spire","Force Act Four","GifTheSpireLib","Hermit","Highlight Path","JesterMod","Mad Scientist","Minty Spire (QoL Compilation)","Pale of the Ancients","Permanent Neow","Random Character Button","Relic Stats","Replay The Spire","Robot Space Explorer","Somnambulant","Spicy Shops","Spikes Relics","StSLib","Stuff the Spire","The Blue Laboratory","The Disciple","The Dragon Tamer","The Forsaken","The Gatherer","The Judge","The Jungle","The Runesmith","The Servant 0.9.4"],"gold_per_floor":[111,122,122,172,192,192,236,236,313,238,267,291,324,26,26,115,115,133,133,133,154,4,22,22,40,66,66,66],"floor_reached":27,"playtime":979,"items_purged":["Pain"],"score":387,"play_id":"fe623b13-f643-4020-81bd-637083fc5d6b","local_time":"20201217175845","is_ascension_mode":true,"campfire_choices":[{"data":"Blade Dance","floor":6,"key":"SMITH"},{"floor":8,"key":"REST"},{"floor":15,"key":"REST"},{"data":"Noxious Fumes","floor":24,"key":"SMITH"}],"circlet_count":0,"master_deck":["AscendersBane","Strike_G","Strike_G","Strike_G","Strike_G","Defend_G","Defend_G","Defend_G","Defend_G","Defend_G","Survivor","Neutralize+1","Quick Slash","Flying Knee","Blade Dance+1","Footwork","Masterful Stab","Footwork","Unload","Tactician","Ghostly","Ghostly","Ghostly","Noxious Fumes+1","Reflex","Deflect+1"],"relics":["Ring of the Snake","Golden Idol","ReplayFunnel","InkBottle","Odd Mushroom","Akabeko","StuffTheSpire:DarkSteelAnvil","Philosopher\u0027s Stone","WarpedTongs","theForsaken:Gavel"],"acts_visited":["Exordium","TheCity"],"potions_floor_usage":[7,18,18],"damage_taken":[{"damage":0,"enemies":"Small Slimes","floor":1,"turns":3},{"damage":0,"enemies":"Cultist","floor":2,"turns":4},{"damage":0,"enemies":"2 Louse","floor":5,"turns":4},{"damage":20,"enemies":"Lagavulin","floor":7,"turns":5},{"damage":11,"enemies":"The Mushroom Lair","floor":11,"turns":4},{"damage":0,"enemies":"Blue Slaver","floor":12,"turns":4},{"damage":18,"enemies":"Gremlin Nob","floor":13,"turns":4},{"damage":22,"enemies":"Slime Boss","floor":16,"turns":15},{"damage":24,"enemies":"3 Byrds","floor":18,"turns":6},{"damage":5,"enemies":"Shell Parasite","floor":21,"turns":7},{"damage":0,"enemies":"Centurion and Healer","floor":23,"turns":8},{"damage":9,"enemies":"Snecko","floor":25,"turns":8},{"damage":18,"enemies":"3 Cultists","floor":27,"turns":4}],"seed_played":"3242501626318429025","potions_obtained":[{"floor":2,"key":"blueLaboratory:BubblePotion"},{"floor":5,"key":"blueLaboratory:FruitPunch"},{"floor":16,"key":"BlessingOfTheForge"},{"floor":25,"key":"Elixir"}],"is_trial":false,"path_per_floor":["M","M","?","?","M","R","E","R","T","?","?","M","E","$","R","B",null,"M","?","?","M","$","M","R","M","T","M"],"character_chosen":"THE_SILENT","items_purchased":["StuffTheSpire:DarkSteelAnvil","Noxious Fumes"],"campfire_rested":2,"item_purchase_floors":[14,22],"current_hp_per_floor":[59,59,59,59,59,59,41,59,59,59,48,48,30,30,48,26,53,29,29,29,24,24,24,24,15,15,0,0],"gold":66,"neow_bonus":"UPGRADE_CARD","is_daily":false,"chose_seed":false,"campfire_upgraded":2,"win_rate":0.0,"timestamp":1608224325,"path_taken":["M","M","?","?","?","R","E","R","T","?","?","M","E","$","R","BOSS","M","?","?","?","$","M","R","M","T","M"],"items_purchased_type":["Relic","Card"],"build_version":"2020-12-13","purchased_purges":1,"victory":false,"max_hp_per_floor":[66,66,60,60,60,60,62,62,62,62,62,62,62,62,62,62,62,62,31,31,31,31,31,31,31,31,31,31],"relic_stats":{"counters":[13,76],"Golden Idol":65,"obtain_stats":[{"ReplayFunnel":7,"Golden Idol":3,"StuffTheSpire:DarkSteelAnvil":14,"Philosopher\u0027s Stone":17,"Odd Mushroom":11,"theForsaken:Gavel":26,"InkBottle":9,"Akabeko":13,"Ring of the Snake":0,"WarpedTongs":20},{"ReplayFunnel":4,"Golden Idol":2,"StuffTheSpire:DarkSteelAnvil":7,"Philosopher\u0027s Stone":8,"Odd Mushroom":5,"theForsaken:Gavel":12,"InkBottle":4,"Akabeko":7,"Ring of the Snake":0,"WarpedTongs":9},{"ReplayFunnel":16,"Golden Idol":7,"StuffTheSpire:DarkSteelAnvil":28,"Philosopher\u0027s Stone":43,"Odd Mushroom":20,"theForsaken:Gavel":72,"InkBottle":16,"Akabeko":28,"Ring of the Snake":0,"WarpedTongs":49}],"InkBottle":[26],"Ring of the Snake":[26],"WarpedTongs":[27]},"card_choices":[{"not_picked":["Outmaneuver","Pace"],"picked":"Quick Slash","floor":1},{"not_picked":["Backflip","StuffTheSpire:BrimstoneBlast"],"picked":"Flying Knee","floor":2},{"not_picked":["Sucker Punch","Well Laid Plans"],"picked":"Blade Dance","floor":5},{"not_picked":["Cloak And Dagger","Acrobatics"],"picked":"Footwork","floor":7},{"not_picked":["Deflect","Hidden Blade"],"picked":"Masterful Stab","floor":11},{"not_picked":["Terror","Infinite Blades"],"picked":"Footwork","floor":12},{"not_picked":["StuffTheSpire:BumpUp","Poisoned Stab","Setup"],"picked":"SKIP","floor":13},{"not_picked":["ReplayTheSpireMod:Necrosis","Die Die Die"],"picked":"Unload","floor":16},{"not_picked":["Bane","Poisoned Stab"],"picked":"Tactician","floor":18},{"not_picked":["Caltrops","StuffTheSpire:BumpUp","All Out Attack"],"picked":"SKIP","floor":21},{"not_picked":["Sucker Punch","StuffTheSpire:Injection"],"picked":"Reflex","floor":23},{"not_picked":["Dodge and Roll","ShadowRift"],"picked":"Deflect+1","floor":25}],"player_experience":1695557,"relics_obtained":[{"floor":7,"key":"ReplayFunnel"},{"floor":9,"key":"InkBottle"},{"floor":11,"key":"Odd Mushroom"},{"floor":13,"key":"Akabeko"},{"floor":26,"key":"theForsaken:Gavel"}],"event_choices":[{"damage_healed":0,"gold_gain":0,"player_choice":"Lose Max HP","damage_taken":0,"relics_obtained":["Golden Idol"],"max_hp_gain":0,"max_hp_loss":6,"event_name":"Golden Idol","floor":3,"gold_loss":0},{"damage_healed":0,"gold_gain":50,"player_choice":"Pray","damage_taken":0,"max_hp_gain":0,"max_hp_loss":0,"event_name":"Golden Shrine","floor":4,"gold_loss":0},{"cards_removed":["Strike_G"],"damage_healed":0,"gold_gain":0,"player_choice":"Card Removal","damage_taken":0,"max_hp_gain":0,"max_hp_loss":0,"event_name":"The Cleric","floor":10,"gold_loss":75},{"damage_healed":0,"gold_gain":0,"player_choice":"Fought Mushrooms","damage_taken":0,"max_hp_gain":0,"max_hp_loss":0,"event_name":"Mushrooms","floor":11,"gold_loss":0},{"damage_healed":0,"gold_gain":0,"player_choice":"Became a Ghost","damage_taken":0,"max_hp_gain":0,"max_hp_loss":31,"event_name":"Ghosts","floor":19,"gold_loss":0,"cards_obtained":["Ghostly","Ghostly","Ghostly"]},{"damage_healed":0,"gold_gain":0,"player_choice":"Rummage","damage_taken":0,"relics_obtained":["WarpedTongs"],"max_hp_gain":0,"max_hp_loss":0,"event_name":"Accursed Blacksmith","floor":20,"gold_loss":0,"cards_obtained":["Pain"]}],"is_beta":false,"boss_relics":[{"not_picked":["StuffTheSpire:Kangaroo","ReplayTheSpireMod:DimensionalGlitch"],"picked":"Philosopher\u0027s Stone"}],"items_purged_floors":[22],"is_endless":false,"potions_floor_spawned":[2,5,16,25],"killed_by":"3 Cultists","ascension_level":15}}