{"host":"8f8ps4z875kp1oop","time":1608216080,"event":{"mods":["BaseMod","Colored Map","Minty Spire (QoL Compilation)"],"gold_per_floor":[115,40,40,51,67,67,97,108,108,108,128,128,28,44,44,123,123,136,84,84,174,23,23,23],"floor_reached":23,"playtime":1468,"items_purged":["Strike_B","Strike_B","Pain"],"score":350,"play_id":"dae1ffa0-5ed5-4053-b77c-a1fbb4de518b","local_time":"20201217094120","is_ascension_mode":true,"campfire_choices":[{"floor":6.0,"key":"REST"},{"floor":10.0,"key":"REST"},{"data":"Sunder","floor":12.0,"key":"SMITH"},{"data":"Buffer","floor":15.0,"key":"SMITH"}],"circlet_count":0,"master_deck":["AscendersBane","Strike_B","Strike_B","Defend_B","Defend_B","Defend_B","Defend_B","Zap+1","Dualcast","Sunder+1","Gash","Cold Snap","Buffer+1","Glacier","Gash","Go for the Eyes","Biased Cognition","Melter","Gash","Writhe","Conserve Battery"],"relics":["Cracked Core","WarpedTongs","Orichalcum","Sundial","Fusion Hammer","Mango"],"acts_visited":["Exordium","TheCity"],"potions_floor_usage":[18],"damage_taken":[{"damage":12.0,"enemies":"Jaw Worm","floor":1.0,"turns":4.0},{"damage":3.0,"enemies":"Cultist","floor":4.0,"turns":3.0},{"damage":10.0,"enemies":"Small Slimes","floor":5.0,"turns":3.0},{"damage":9.0,"enemies":"Gremlin Nob","floor":7.0,"turns":4.0},{"damage":4.0,"enemies":"Looter","floor":8.0,"turns":3.0},{"damage":1.0,"enemies":"Red Slaver","floor":11.0,"turns":3.0},{"damage":4.0,"enemies":"Gremlin Gang","floor":14.0,"turns":5.0},{"damage":16.0,"enemies":"The Guardian","floor":16.0,"turns":12.0},{"damage":25,"enemies":"Spheric Guardian","floor":18,"turns":4},{"damage":51,"enemies":"Slavers","floor":23,"turns":5}],"seed_played":"2883011014565975651","potions_obtained":[{"floor":4.0,"key":"Block Potion"},{"floor":14.0,"key":"Ancient Potion"},{"floor":16.0,"key":"Energy Potion"}],"is_trial":false,"path_per_floor":["M","$","?","M","M","R","E","M","T","R","M","R","$","M","R","B",null,"M","$","?","?","$","E"],"character_chosen":"DEFECT","items_purchased":["Gash","Conserve Battery"],"campfire_rested":2,"item_purchase_floors":[19,22],"current_hp_per_floor":[52,52,52,49,39,60,51,47,47,68,67,67,67,63,63,47,65,40,40,54,42,42,0,0],"gold":23,"neow_bonus":"UPGRADE_CARD","is_daily":false,"chose_seed":false,"campfire_upgraded":2,"win_rate":0.0,"timestamp":1608216080,"path_taken":["M","$","?","M","M","R","E","M","T","R","M","R","?","M","R","BOSS","M","$","?","?","$","E"],"items_purchased_type":["Card","Card"],"build_version":"2020-12-13","purchased_purges":3,"victory":false,"max_hp_per_floor":[71,71,71,71,71,71,71,71,71,71,71,71,71,71,71,71,71,71,71,85,85,85,85,85],"card_choices":[{"not_picked":["Steam","Beam Cell"],"picked":"Sunder","floor":1.0},{"not_picked":["Turbo","Stack"],"picked":"Gash","floor":4.0},{"not_picked":["Beam Cell","Stack"],"picked":"Cold Snap","floor":5.0},{"not_picked":["Chill","Scrape"],"picked":"Buffer","floor":7.0},{"not_picked":["Capacitor","Beam Cell"],"picked":"Glacier","floor":8.0},{"not_picked":["Chaos","Leap"],"picked":"Gash","floor":11.0},{"not_picked":["Hello World","Storm"],"picked":"Go for the Eyes","floor":14.0},{"not_picked":["Machine Learning","Multi-Cast"],"picked":"Biased Cognition","floor":16.0},{"not_picked":["Leap+1","Beam Cell"],"picked":"Melter","floor":18}],"player_experience":373102,"relics_obtained":[{"floor":7.0,"key":"Orichalcum"},{"floor":9.0,"key":"Sundial"}],"event_choices":[{"damage_healed":0.0,"max_hp_gain":0.0,"max_hp_loss":0.0,"gold_gain":0.0,"event_name":"Accursed Blacksmith","player_choice":"Rummage","floor":3.0,"gold_loss":0.0,"damage_taken":0.0,"relics_obtained":["WarpedTongs"],"cards_obtained":["Pain"]},{"damage_healed":0,"gold_gain":0,"player_choice":"Opened","damage_taken":0,"relics_obtained":["Mango"],"max_hp_gain":0,"max_hp_loss":0,"event_name":"The Mausoleum","floor":20,"gold_loss":0,"cards_obtained":["Writhe"]},{"damage_healed":0,"gold_gain":90,"player_choice":"GOLD ","damage_taken":12,"max_hp_gain":0,"max_hp_loss":0,"event_name":"Knowing Skull","floor":21,"potions_obtained":[],"gold_loss":0,"cards_obtained":[]}],"is_beta":false,"boss_relics":[{"not_picked":["Runic Dome","Empty Cage"],"picked":"Fusion Hammer"}],"items_purged_floors":[2,13,22],"is_endless":false,"potions_floor_spawned":[4,14,16],"killed_by":"Slavers","ascension_level":17}}