{"host":"15ff3ltgpietarej","time":1608181526,"event":{"mods":["BaseMod","Downfall","Highlight Path","Minty Spire (QoL Compilation)","StSLib"],"gold_per_floor":[99,99,24,49,69,69,115,115,134,59,74,86,86,101,115,220,220,220,233,267,267,96,111,111,144,53,53,69,69,69,81,93,189,189,189,222,232,288,343,343,370,440,365,425,425,482,168,168,223,223,223,258,23,23,23],"floor_reached":56,"playtime":3718,"items_purged":["hexamod:Strike"],"score":1299,"play_id":"9ab116b2-0877-4d30-9b5c-c6ce0bbdc8e1","local_time":"20201217060526","is_ascension_mode":false,"campfire_choices":[{"floor":1,"key":"RECALL"},{"floor":3,"key":"REST"},{"data":"hexamod:Sear","floor":6,"key":"SMITH"},{"data":"hexamod:SpectersWail","floor":10,"key":"SMITH"},{"data":"hexamod:SpectersWail","floor":18,"key":"SMITH"},{"data":"hexamod:SearingWound","floor":21,"key":"SMITH"},{"data":"hexamod:ExtraCrispy","floor":27,"key":"SMITH"},{"data":"hexamod:SoulSteal","floor":35,"key":"SMITH"},{"floor":43,"key":"REST"},{"data":"hexamod:PhantomCloak","floor":54,"key":"SMITH"}],"circlet_count":0,"master_deck":["hexamod:Strike+1","hexamod:Defend+1","hexamod:Defend+1","hexamod:Defend+1","hexamod:Defend+1","hexamod:Sear+1","hexamod:Float+1","hexamod:Firestarter+1","Alpha+1","hexamod:SpectersWail+1","hexamod:SpectersWail+1","hexamod:VolcanoVisage+1","hexamod:RainOfEmbers+1","hexamod:SixthSeal","CurseOfTheBell","hexamod:EmpoweredFlame+1","hexamod:SearingWound+1","hexamod:Firestarter+1","hexamod:SoulSteal+1","hexamod:ExtraCrispy+1","hexamod:FourthSeal","hexamod:AdvancingGuard+1","hexamod:BurningTouch+1","hexamod:WildfireWeapon+1","hexamod:PowerFromBeyond+1","hexamod:ThermalTransfer+1","hexamod:Hexaguard+1","hexamod:ThermalTransfer+1","hexamod:FlamesFromBeyond+1","hexamod:FlamesFromBeyond+1","hexamod:SpectersWail+1","hexamod:EmpoweredFlame+1","hexamod:PhantomCloak+1"],"relics":["hexamod:SpiritBrand","Guardian:PocketSentry","downfall:ShatteredFragment","downfall:HeartBlessingRed","Bag of Marbles","downfall:HeartBlessingBlue","Calling Bell","hexamod:BolsterEngine","hexamod:CandleOfCauterizing","Bird Faced Urn","InkBottle","Oddly Smooth Stone","Pear","Toy Ornithopter","MutagenicStrength","downfall:KnowingSkull","hexamod:IceCube","Meat on the Bone","Vajra","Boot","downfall:HeartBlessingGreen","Lantern","Ornamental Fan","CaptainsWheel","War Paint"],"acts_visited":["Exordium","TheCity","TheBeyond","TheEnding"],"potions_floor_usage":[16,16,16,20,22,25,25,25,31,31,32,32,33,33,36,37,39,42,42,46,47,47,47,49,50,52,52,55,55,55,55],"damage_taken":[{"damage":4,"enemies":"Gremlin Nob","floor":4,"turns":3},{"damage":0,"enemies":"Small Slimes","floor":5,"turns":2},{"damage":0,"enemies":"2 Louse","floor":9,"turns":2},{"damage":0,"enemies":"Cultist","floor":11,"turns":2},{"damage":4,"enemies":"3 Louse","floor":12,"turns":2},{"damage":2,"enemies":"Lots of Slimes","floor":14,"turns":2},{"damage":0,"enemies":"Exordium Wildlife","floor":15,"turns":1},{"damage":25,"enemies":"downfall:Silent","floor":16,"turns":5},{"damage":7,"enemies":"Shell Parasite","floor":19,"turns":3},{"damage":8,"enemies":"Book of Stabbing","floor":20,"turns":5},{"damage":1,"enemies":"downfall:FleeingMerchant","floor":22,"turns":4},{"damage":0,"enemies":"3 Byrds","floor":23,"turns":2},{"damage":17,"enemies":"Slavers","floor":25,"turns":4},{"damage":0,"enemies":"downfall:FleeingMerchant","floor":26,"turns":4},{"damage":0,"enemies":"Snecko","floor":28,"turns":3},{"damage":23,"enemies":"Snake Plant","floor":31,"turns":3},{"damage":5,"enemies":"Shelled Parasite and Fungi","floor":32,"turns":2},{"damage":66,"enemies":"downfall:Ironclad","floor":33,"turns":6},{"damage":40,"enemies":"Reptomancer","floor":36,"turns":5},{"damage":5,"enemies":"Orb Walker","floor":37,"turns":4},{"damage":25,"enemies":"3 Darklings","floor":38,"turns":5},{"damage":14,"enemies":"Writhing Mass","floor":39,"turns":4},{"damage":32,"enemies":"Nemesis","floor":42,"turns":5},{"damage":42,"enemies":"Sphere and 2 Shapes","floor":44,"turns":4},{"damage":3,"enemies":"Maw","floor":46,"turns":5},{"damage":5,"enemies":"downfall:FleeingMerchant","floor":47,"turns":3},{"damage":19,"enemies":"Jaw Worm Horde","floor":49,"turns":4},{"damage":5,"enemies":"downfall:Watcher","floor":50,"turns":5},{"damage":11,"enemies":"downfall:CharBossMerchant","floor":52,"turns":7},{"damage":90,"enemies":"downfall:NeowBoss","floor":55,"turns":25}],"seed_played":"3043689341735143484","potions_obtained":[{"floor":11,"key":"EntropicBrew"},{"floor":12,"key":"hexamod:DoubleChargePotion"},{"floor":14,"key":"Strength Potion"},{"floor":19,"key":"sneckomod:MuddlingPotion"},{"floor":20,"key":"EntropicBrew"},{"floor":23,"key":"Fire Potion"},{"floor":25,"key":"SpeedPotion"},{"floor":31,"key":"EssenceOfSteel"},{"floor":36,"key":"Energy Potion"},{"floor":37,"key":"SneckoOil"},{"floor":38,"key":"sneckomod:MuddlingPotion"},{"floor":39,"key":"Guardian:BlockOnCardUsePotion"},{"floor":39,"key":"Energy Potion"},{"floor":42,"key":"LiquidBronze"},{"floor":44,"key":"SteroidPotion"},{"floor":46,"key":"Explosive Potion"},{"floor":46,"key":"Fire Potion"},{"floor":47,"key":"PowerPotion"},{"floor":49,"key":"PowerPotion"},{"floor":52,"key":"LiquidBronze"},{"floor":52,"key":"Fruit Juice"}],"is_trial":false,"path_per_floor":["R","?","R","E","M","R","T","?","M","R","M","M","?","M","M","B",null,"R","M","E","R","$","M","T","E","$","R","M","?","?","M","M","B",null,"R","E","M","M","M","?","T","E","R","M","?","M","$","?","M","B",null,"E","$","R","B",null],"character_chosen":"THE_SPIRIT","items_purchased":["Oddly Smooth Stone","hexamod:ExtraCrispy","Lantern","Slimebound:ThreeZeroPotion","Ornamental Fan","LiquidMemories","hexamod:PhantomCloak","War Paint"],"campfire_rested":2,"item_purchase_floors":[22,26,47,47,47,47,53,53],"current_hp_per_floor":[70,49,70,66,66,66,66,66,66,76,76,72,72,70,70,45,80,80,73,71,71,72,76,86,73,79,79,83,83,76,71,80,26,90,90,57,63,48,49,49,49,49,76,56,56,66,80,80,76,86,90,90,90,90,37],"gold":23,"neow_bonus":"RANDOM_COMMON_RELIC","is_daily":false,"chose_seed":false,"campfire_upgraded":7,"win_rate":0.0,"timestamp":1608181526,"path_taken":["R","?","R","E","M","R","T","?","M","R","?","M","?","M","M","BOSS","R","M","E","R","$","M","T","E","$","R","?","?","?","?","M","BOSS","R","E","?","M","M","?","T","E","R","M","?","?","$","?","M","BOSS","E","$","R","BOSS"],"items_purchased_type":["Relic","Card","Relic","Potion","Relic","Potion","Card","Relic"],"build_version":"2020-12-13","purchased_purges":1,"victory":true,"max_hp_per_floor":[70,70,70,70,70,70,70,70,70,80,80,80,80,80,80,80,80,80,80,80,80,80,80,90,90,90,90,90,90,90,90,90,90,90,90,90,90,90,90,90,90,90,90,90,90,90,90,90,90,90,90,90,90,90,95],"card_choices":[{"not_picked":["hexamod:GhostShield","hexamod:SpectersWail"],"picked":"hexamod:Firestarter","floor":4},{"not_picked":["hexamod:BacktrackSmack","hexamod:GhostLash"],"picked":"hexamod:ThirdSeal","floor":5},{"not_picked":["hexamod:NightmareGuise","hexamod:NightmareStrike"],"picked":"hexamod:SpectersWail","floor":9},{"not_picked":["hexamod:GhostLash","hexamod:NightmareGuise"],"picked":"hexamod:SpectersWail","floor":11},{"not_picked":["hexamod:GhostOfSpireFuture","hexamod:Hexaguard"],"picked":"hexamod:VolcanoVisage","floor":12},{"not_picked":["hexamod:InspiringFlames","hexamod:EmpoweredFlame","hexamod:Firestarter"],"picked":"SKIP","floor":14},{"not_picked":["hexamod:FastForward","hexamod:ShieldOfDarkness"],"picked":"hexamod:RainOfEmbers","floor":15},{"not_picked":["hexamod:Toasty","hexamod:HexaLevel"],"picked":"hexamod:SixthSeal","floor":16},{"not_picked":["hexamod:CatchUp","hexamod:FourthSeal"],"picked":"hexamod:EmpoweredFlame","floor":19},{"not_picked":["hexamod:BurningTouch+1","hexamod:RainOfEmbers+1"],"picked":"hexamod:SearingWound","floor":20},{"not_picked":["hexamod:HauntingEcho+1","hexamod:NightmareGuise","hexamod:SkipABeat"],"picked":"SKIP","floor":22},{"not_picked":["hexamod:RainOfEmbers","hexamod:NightmareStrike","hexamod:FourthSeal"],"picked":"SKIP","floor":23},{"not_picked":["hexamod:InspiringFlames","hexamod:NightmareGuise"],"picked":"hexamod:Firestarter","floor":25},{"not_picked":["hexamod:AdvancingGuard","hexamod:BurningTouch"],"picked":"hexamod:SoulSteal","floor":26},{"not_picked":["hexamod:SpectersWail","hexamod:Incineration"],"picked":"hexamod:FourthSeal","floor":28},{"not_picked":["hexamod:RecurringNightmare","hexamod:SpectersWail+1"],"picked":"hexamod:AdvancingGuard","floor":31},{"not_picked":["hexamod:Firestarter","hexamod:AdvancingGuard"],"picked":"hexamod:BurningTouch+1","floor":32},{"not_picked":["hexamod:UnleashSpirits","hexamod:ApocalypseNow"],"picked":"hexamod:WildfireWeapon","floor":33},{"not_picked":["hexamod:CrushingStance","hexamod:GhostOfSpireFuture"],"picked":"hexamod:PowerFromBeyond+1","floor":36},{"not_picked":["hexamod:DynamicBlow+1","hexamod:ShieldOfDarkness"],"picked":"hexamod:ThermalTransfer+1","floor":37},{"not_picked":["hexamod:BacktrackSmack+1","hexamod:SecondSeal"],"picked":"hexamod:Hexaguard","floor":38},{"not_picked":["hexamod:Firestarter+1","hexamod:Rewind"],"picked":"hexamod:ThermalTransfer+1","floor":39},{"not_picked":["hexamod:TurnItUp","hexamod:ShieldOfDarkness+1","hexamod:GhostOfSpirePast+1"],"picked":"SKIP","floor":42},{"not_picked":["hexamod:InspiringFlames+1","hexamod:FastForward"],"picked":"hexamod:FlamesFromBeyond","floor":44},{"not_picked":["hexamod:BacktrackSmack","hexamod:BurningTouch","hexamod:Hexaguard"],"picked":"SKIP","floor":46},{"not_picked":["hexamod:BacktrackSmack","hexamod:UnleashSpirits","hexamod:DynamicBlow"],"picked":"SKIP","floor":47},{"not_picked":["hexamod:Firestarter+1","hexamod:SuperheatedStrike"],"picked":"hexamod:SpectersWail+1","floor":49},{"not_picked":["hexamod:StepThrough+1","hexamod:Hexaguard+1"],"picked":"hexamod:EmpoweredFlame+1","floor":52}],"player_experience":385959,"relics_obtained":[{"floor":4,"key":"Bag of Marbles"},{"floor":17,"key":"hexamod:BolsterEngine"},{"floor":17,"key":"hexamod:CandleOfCauterizing"},{"floor":17,"key":"Bird Faced Urn"},{"floor":20,"key":"InkBottle"},{"floor":24,"key":"Pear"},{"floor":25,"key":"Toy Ornithopter"},{"floor":36,"key":"Meat on the Bone"},{"floor":41,"key":"Vajra"},{"floor":42,"key":"Boot"},{"floor":52,"key":"CaptainsWheel"}],"event_choices":[{"cards_removed":["hexamod:ThirdSeal"],"damage_healed":0,"gold_gain":0,"player_choice":"Took Card","damage_taken":0,"max_hp_gain":0,"max_hp_loss":0,"event_name":"NoteForYourself","floor":8,"gold_loss":0,"cards_obtained":["Alpha"]},{"cards_removed":["hexamod:Strike"],"damage_healed":0,"gold_gain":0,"player_choice":"Purged","damage_taken":0,"max_hp_gain":0,"max_hp_loss":0,"event_name":"Purifier","floor":13,"gold_loss":0},{"damage_healed":0,"gold_gain":0,"player_choice":"Inject Mutagens","damage_taken":0,"relics_obtained":["MutagenicStrength"],"max_hp_gain":0,"max_hp_loss":0,"event_name":"Drug Dealer","floor":29,"gold_loss":0},{"damage_healed":0,"gold_gain":0,"player_choice":"Copied","damage_taken":0,"max_hp_gain":0,"max_hp_loss":0,"event_name":"Duplicator","floor":45,"gold_loss":0,"cards_obtained":["hexamod:FlamesFromBeyond"]},{"cards_removed":["hexamod:Strike"],"damage_healed":0,"gold_gain":0,"player_choice":"Purged","damage_taken":0,"max_hp_gain":0,"max_hp_loss":0,"event_name":"Purifier","floor":48,"gold_loss":0}],"is_beta":false,"boss_relics":[{"not_picked":["SacredBark","Runic Pyramid"],"picked":"Calling Bell"},{"not_picked":["Pandora\u0027s Box","Tiny House"],"picked":"hexamod:IceCube"}],"items_purged_floors":[47],"is_endless":false,"potions_floor_spawned":[11,12,14,19,20,23,25,39,44,46,52],"ascension_level":0}}