{"host":"j61pjxqytd94o6ng","time":1608240703,"event":{"mods":["BaseMod","Colored Map","Colored Powertips","Downfall","Minty Spire (QoL Compilation)","StSLib"],"gold_per_floor":[99,99,99,115,115,131,157,173,190,190,190,205,205,225,238,337,337,337,353,371,98,131,131,131,151,151,151,168,182,117,135,148,244,244,244,258,258,276,326,326,350,350,395,395,395,395,395,409,419,419],"floor_reached":51,"playtime":2801,"items_purged":["Slimebound:Defend_Slimebound"],"score":659,"play_id":"61ff4fb0-553d-4f33-819b-3a80a477bf97","local_time":"20201217143143","is_ascension_mode":false,"campfire_choices":[{"data":"Slimebound:Split","floor":1.0,"key":"SMITH"},{"data":"Slimebound:MegaLick","floor":10.0,"key":"SMITH"},{"data":"Slimebound:SelfFormingGoo","floor":18.0,"key":"PURGE"},{"data":"Chrysalis","floor":23,"key":"PURGE"},{"data":"Slimebound:HauntingLick","floor":26,"key":"SMITH"},{"data":"Slimebound:PrepareCrush","floor":35,"key":"PURGE"},{"data":"Slimebound:ProtectTheBoss+1","floor":37,"key":"PURGE"},{"data":"Slimebound:FirmFortitude+1","floor":42,"key":"PURGE"},{"data":"Slimebound:LeadByExample","floor":44,"key":"PURGE"}],"circlet_count":0,"master_deck":["Slimebound:Strike_Slimebound","Slimebound:Tackle","Slimebound:Defend_Slimebound","Slimebound:Defend_Slimebound","Slimebound:Defend_Slimebound","Slimebound:Split+1","Slimebound:CorrosiveSpit","Slimebound:ItLooksTasty","Slimebound:MegaLick+1","Slimebound:Repurpose","Slimebound:SlimeBarrage","Slimebound:Schlurp","Slimebound:SpikyOuterGoop","Slimebound:PressTheAttack","Slimebound:OneTwoCombo","Slimebound:HauntingLick+1","Slimebound:HauntingLick","expansioncontent:DashGenerateEvil","expansioncontent:DecasProtection","Slimebound:MegaLick","Slimebound:SplitAcid+1","Slimebound:Prepare"],"relics":["Slimebound:AbsorbEndCombatUpgraded","Peace Pipe","Slimebound:ScrapOozeRelic","Odd Mushroom","Busted Crown","Slimebound:AggressiveSlimeRelic","Slimebound:MaxSlimesRelic","Unceasing Top","Blood Vial","Gambling Chip","downfall:TeleportStone"],"acts_visited":["Exordium","TheCity","TheBeyond"],"potions_floor_usage":[22,31,39,43],"damage_taken":[{"damage":8.0,"enemies":"2 Louse","floor":4.0,"turns":3.0},{"damage":0.0,"enemies":"Cultist","floor":5.0,"turns":1.0},{"damage":13.0,"enemies":"Small Slimes","floor":6.0,"turns":2.0},{"damage":8.0,"enemies":"Red Slaver","floor":8.0,"turns":3.0},{"damage":23.0,"enemies":"Exordium Thugs","floor":9.0,"turns":4.0},{"damage":10.0,"enemies":"Blue Slaver","floor":12.0,"turns":3.0},{"damage":15.0,"enemies":"The Mushroom Lair","floor":14.0,"turns":5.0},{"damage":5.0,"enemies":"3 Louse","floor":15.0,"turns":2.0},{"damage":55.0,"enemies":"downfall:Defect","floor":16.0,"turns":6.0},{"damage":0.0,"enemies":"Chosen","floor":19.0,"turns":3.0},{"damage":16.0,"enemies":"Sentry and Sphere","floor":20.0,"turns":4.0},{"damage":16.0,"enemies":"downfall:FleeingMerchant","floor":21.0,"turns":4.0},{"damage":29,"enemies":"Book of Stabbing","floor":22,"turns":4},{"damage":20,"enemies":"Cultist and Chosen","floor":25,"turns":3},{"damage":24,"enemies":"Snake Plant","floor":28,"turns":2},{"damage":12,"enemies":"Chosen and Byrds","floor":29,"turns":3},{"damage":17,"enemies":"downfall:FleeingMerchant","floor":30,"turns":4},{"damage":17,"enemies":"Cultist and Chosen","floor":31,"turns":3},{"damage":26,"enemies":"Snake Plant","floor":32,"turns":3},{"damage":31,"enemies":"downfall:Watcher","floor":33,"turns":5},{"damage":17,"enemies":"3 Shapes","floor":36,"turns":2},{"damage":15,"enemies":"Orb Walker","floor":38,"turns":2},{"damage":16,"enemies":"Mind Bloom Boss Battle","floor":39,"turns":3},{"damage":34,"enemies":"2 Orb Walkers","floor":43,"turns":3},{"damage":20,"enemies":"Jaw Worm Horde","floor":48,"turns":2},{"damage":23,"enemies":"3 Darklings","floor":49,"turns":3},{"damage":39,"enemies":"downfall:Ironclad","floor":50,"turns":6}],"seed_played":"-1234945693800086163","potions_obtained":[{"floor":4.0,"key":"LiquidBronze"},{"floor":8.0,"key":"Slimebound:SlimedPotion"},{"floor":15.0,"key":"DistilledChaos"},{"floor":19.0,"key":"Weak Potion"},{"floor":20.0,"key":"PowerPotion"},{"floor":22,"key":"AttackPotion"},{"floor":25,"key":"PowerPotion"},{"floor":31,"key":"BlessingOfTheForge"},{"floor":48,"key":"PowerPotion"},{"floor":49,"key":"CultistPotion"}],"is_trial":false,"path_per_floor":["R","?","?","M","M","M","T","M","M","R","?","M","?","?","M","B",null,"R","M","M","$","E","R","T","M","R","?","M","M","$","M","M","B",null,"R","M","R","M","?","?","T","R","?","R","?","?","?","M","M","B",null],"character_chosen":"SLIMEBOUND","items_purchased":["Chrysalis","expansioncontent:DashGenerateEvil","expansioncontent:DecasProtection","Slimebound:LeadByExample","Slimebound:MegaLick"],"campfire_rested":0,"item_purchase_floors":[21,30,30,30,30],"current_hp_per_floor":[54,54,54,54,54,51,51,54,45,45,45,49,49,48,47,15,54,54,54,54,52,39,39,39,47,47,47,49,54,54,54,36,39,54,54,54,54,51,54,54,54,54,50,50,50,50,50,54,54,43],"gold":419,"neow_bonus":"ONE_RARE_RELIC","is_daily":false,"chose_seed":false,"campfire_upgraded":3,"win_rate":0.0,"timestamp":1608240703,"path_taken":["R","?","?","M","M","M","T","?","M","R","?","M","?","?","M","BOSS","R","M","M","$","E","R","T","M","R","?","M","M","$","?","M","BOSS","R","M","R","M","?","?","T","R","?","R","?","?","?","?","M","BOSS"],"items_purchased_type":["Card","Card","Card","Card","Card"],"build_version":"2020-12-13","purchased_purges":1,"victory":true,"max_hp_per_floor":[54,54,54,54,54,54,54,54,54,54,54,54,54,54,54,54,54,54,54,54,54,54,54,54,54,54,54,54,54,54,54,54,54,54,54,54,54,54,54,54,54,54,54,54,54,54,54,54,54,54],"card_choices":[{"not_picked":["Slimebound:DisruptingSlam","Slimebound:SplitLeeching"],"picked":"Slimebound:ItLooksTasty","floor":4.0},{"not_picked":["Slimebound:PressTheAttack","Slimebound:ViciousTackle"],"picked":"Slimebound:MegaLick","floor":5.0},{"not_picked":["Slimebound:FinishingTackle","Slimebound:Teamwork"],"picked":"Slimebound:Repurpose","floor":6.0},{"not_picked":["Slimebound:FinishingTackle","Slimebound:GrowthPunch"],"picked":"Slimebound:SlimeBarrage","floor":8.0},{"not_picked":["Slimebound:ForwardTackle","Slimebound:SlimeSpikes"],"picked":"Slimebound:Schlurp","floor":9.0},{"not_picked":["Slimebound:Replication","Slimebound:SplitMire"],"picked":"Slimebound:SpikyOuterGoop","floor":12.0},{"not_picked":["Slimebound:Grow","Slimebound:SlimeSpikes"],"picked":"Slimebound:PressTheAttack","floor":14.0},{"not_picked":["Slimebound:Schlurp","Slimebound:ProtectTheBoss"],"picked":"Slimebound:SelfFormingGoo","floor":15.0},{"not_picked":["Slimebound:RallyTheTroops","Slimebound:DouseInSlime"],"picked":"Slimebound:OneTwoCombo","floor":16.0},{"not_picked":[],"picked":"Slimebound:HauntingLick","floor":19.0},{"not_picked":[],"picked":"Slimebound:HauntingLick","floor":20.0},{"not_picked":["Slimebound:Chomp"],"picked":"SKIP","floor":21.0},{"not_picked":["Slimebound:LeechingTouch"],"picked":"SKIP","floor":22},{"not_picked":["Slimebound:ServeAndProtect+1"],"picked":"SKIP","floor":25},{"not_picked":["Slimebound:SplitLeeching"],"picked":"SKIP","floor":28},{"not_picked":[],"picked":"Slimebound:FirmFortitude+1","floor":29},{"not_picked":[],"picked":"Slimebound:ProtectTheBoss+1","floor":30},{"not_picked":["Slimebound:RollThrough"],"picked":"SKIP","floor":31},{"not_picked":[],"picked":"Slimebound:SplitAcid+1","floor":32},{"not_picked":[],"picked":"Slimebound:PrepareCrush","floor":33},{"not_picked":["Slimebound:FinishingTackle"],"picked":"SKIP","floor":36},{"not_picked":["Slimebound:DivideAndConquer"],"picked":"SKIP","floor":38},{"not_picked":[],"picked":"Slimebound:LeadByExample","floor":43},{"not_picked":["Slimebound:DivideAndConquer"],"picked":"SKIP","floor":48},{"not_picked":[],"picked":"Slimebound:Prepare","floor":49}],"player_experience":466195,"relics_obtained":[{"floor":7.0,"key":"Anchor"},{"floor":14.0,"key":"Odd Mushroom"},{"floor":22,"key":"Slimebound:AggressiveSlimeRelic"},{"floor":24,"key":"Slimebound:MaxSlimesRelic"},{"floor":39,"key":"Unceasing Top"},{"floor":41,"key":"Blood Vial"},{"floor":43,"key":"Gambling Chip"}],"event_choices":[{"cards_removed":["Slimebound:Strike_Slimebound"],"damage_healed":0.0,"max_hp_gain":0.0,"max_hp_loss":0.0,"gold_gain":0.0,"event_name":"Purifier","player_choice":"Purged","floor":3.0,"gold_loss":0.0,"damage_taken":0.0},{"damage_healed":0.0,"max_hp_gain":0.0,"max_hp_loss":0.0,"gold_gain":0.0,"event_name":"Mushrooms","player_choice":"Fought Mushrooms","floor":14.0,"gold_loss":0.0,"damage_taken":0.0},{"damage_healed":0,"gold_gain":0,"player_choice":"Ignored","damage_taken":0,"max_hp_gain":0,"max_hp_loss":0,"event_name":"NoteForYourself","floor":27,"gold_loss":0},{"damage_healed":0,"gold_gain":0,"player_choice":"Fight","damage_taken":0,"max_hp_gain":0,"max_hp_loss":0,"event_name":"Mysterious Sphere","floor":43,"gold_loss":0},{"cards_removed":["Slimebound:LeadByExample"],"damage_healed":0,"gold_gain":0,"player_choice":"Removed Power","damage_taken":0,"max_hp_gain":0,"max_hp_loss":0,"event_name":"Falling","floor":45,"gold_loss":0}],"is_beta":false,"boss_relics":[{"not_picked":["Ectoplasm","SlaversCollar"],"picked":"Busted Crown"},{"not_picked":["Sozu","SacredBark"],"picked":"Slimebound:AbsorbEndCombatUpgraded"}],"items_purged_floors":[21],"is_endless":false,"potions_floor_spawned":[4,8,15,19,20,22,25,31,36,48,49],"ascension_level":0}}