{"host":"49c2zf0lajbcs427","time":1608197804,"event":{"mods":["AchievementEnabler","BaseMod","Colored Map","Colored Powertips","Highlight Path","Minty Spire (QoL Compilation)","Relic Stats","StSLib"],"gold_per_floor":[109,184,198,198,271,300,300,28,28,54,54,54,89,100,100,100,100],"floor_reached":16,"playtime":572,"items_purged":[],"score":307,"play_id":"d5e1b4df-6b96-4c3d-adfd-8be9001483b5","local_time":"20201217223644","is_ascension_mode":true,"campfire_choices":[{"data":"Eruption","floor":7,"key":"SMITH"},{"data":"DeusExMachina","floor":11,"key":"SMITH"},{"data":"Vigilance","floor":15,"key":"SMITH"}],"circlet_count":0,"master_deck":["AscendersBane","Strike_P+1","Strike_P","Strike_P","Strike_P","Defend_P","Defend_P","Defend_P","Defend_P","Eruption+1","Vigilance+1","SignatureMove+1","Vengeance","DeusExMachina+1","EmptyMind+1","Tantrum","Wireheading"],"relics":["PureWater","Pear","Toxic Egg 2","Calipers","StrikeDummy","Orichalcum"],"acts_visited":["Exordium"],"potions_floor_usage":[16,16],"damage_taken":[{"damage":1,"enemies":"Cultist","floor":1,"turns":3},{"damage":0,"enemies":"Jaw Worm","floor":3,"turns":4},{"damage":0,"enemies":"Gremlin Nob","floor":6,"turns":2},{"damage":2,"enemies":"Lagavulin","floor":10,"turns":3},{"damage":0,"enemies":"Gremlin Nob","floor":13,"turns":2},{"damage":0,"enemies":"2 Louse","floor":14,"turns":2},{"damage":43,"enemies":"Hexaghost","floor":16,"turns":9}],"seed_played":"-3897825549332194059","potions_obtained":[{"floor":1,"key":"Dexterity Potion"},{"floor":10,"key":"StancePotion"}],"is_trial":false,"path_per_floor":["M","?","M","?","?","E","R","$","T","E","R","?","E","M","R","B"],"character_chosen":"WATCHER","items_purchased":["Toxic Egg 2"],"campfire_rested":0,"item_purchase_floors":[8],"current_hp_per_floor":[66,55,55,33,33,43,43,43,43,41,41,41,41,41,41,0,0],"gold":100,"neow_bonus":"TEN_PERCENT_HP_BONUS","is_daily":false,"chose_seed":false,"campfire_upgraded":3,"win_rate":0.0,"timestamp":1608197804,"path_taken":["M","?","M","?","?","E","R","?","T","E","R","?","E","M","R","BOSS"],"items_purchased_type":["Relic"],"build_version":"2020-12-13","purchased_purges":0,"victory":false,"max_hp_per_floor":[74,74,74,74,74,84,84,84,84,84,84,84,84,84,84,84,84],"relic_stats":{"counters":[7,25],"Orichalcum":[12],"obtain_stats":[{"Pear":6,"Calipers":9,"PureWater":0,"Toxic Egg 2":8,"Orichalcum":13,"StrikeDummy":10},{"Pear":3,"Calipers":3,"PureWater":0,"Toxic Egg 2":3,"Orichalcum":5,"StrikeDummy":4},{"Pear":9,"Calipers":9,"PureWater":0,"Toxic Egg 2":9,"Orichalcum":14,"StrikeDummy":12}]},"card_choices":[{"not_picked":["CutThroughFate","EmptyBody"],"picked":"SignatureMove","floor":1},{"not_picked":["Fasting2","ClearTheMind"],"picked":"Vengeance","floor":3},{"not_picked":["Prostrate","Halt"],"picked":"DeusExMachina","floor":6},{"not_picked":["DeceiveReality+1","Ragnarok"],"picked":"EmptyMind+1","floor":10},{"not_picked":["BowlingBash","FollowUp"],"picked":"Tantrum","floor":13},{"not_picked":["Halt+1","EmptyBody+1"],"picked":"Wireheading","floor":14}],"player_experience":2102091,"relics_obtained":[{"floor":6,"key":"Pear"},{"floor":9,"key":"Calipers"},{"floor":10,"key":"StrikeDummy"},{"floor":13,"key":"Orichalcum"}],"event_choices":[{"damage_healed":0,"gold_gain":75,"player_choice":"Gather Gold","damage_taken":11,"max_hp_gain":0,"max_hp_loss":0,"event_name":"World of Goop","floor":2,"gold_loss":0},{"damage_healed":0,"gold_gain":0,"player_choice":"Entered Light","damage_taken":22,"max_hp_gain":0,"max_hp_loss":0,"event_name":"Shining Light","floor":4,"gold_loss":0,"cards_upgraded":["Strike_P","SignatureMove"]},{"damage_healed":0,"gold_gain":73,"player_choice":"Gained Gold","damage_taken":0,"max_hp_gain":0,"max_hp_loss":0,"event_name":"Golden Wing","floor":5,"gold_loss":0},{"damage_healed":0,"gold_gain":0,"player_choice":"Ignored","damage_taken":0,"max_hp_gain":0,"max_hp_loss":0,"event_name":"Liars Game","floor":12,"gold_loss":0}],"is_beta":false,"boss_relics":[],"items_purged_floors":[],"is_endless":false,"potions_floor_spawned":[1,10,13,14],"killed_by":"Hexaghost","ascension_level":17}}