{"host":"nukjzc0ca34w6eem","time":1608195594,"event":{"mods":["2.2 Compatiblity","AchievementEnabler","BaseMod","Colored Powertips","Downfall","Minty Spire (QoL Compilation)","StSLib"],"gold_per_floor":[99,115,132,147,157,157,157,171,182,182,182],"floor_reached":10,"playtime":613,"items_purged":[],"score":68,"play_id":"ac1c7805-fe3a-44e4-9d75-63ce76a3afc7","local_time":"20201217005954","is_ascension_mode":true,"campfire_choices":[{"data":"champ:Execute","floor":1,"key":"SMITH"},{"data":"champ:Taunt","floor":6,"key":"SMITH"}],"circlet_count":0,"master_deck":["champ:Strike","champ:Strike","champ:Strike","champ:Strike","champ:Defend","champ:Defend","champ:Defend","champ:Execute+1","champ:Taunt+1","champ:BladeFlurry","champ:AdrenalArmor","champ:BerserkersShout","champ:BerserkerStyle","champ:FanOfKnives"],"relics":["champ:ChampionCrown"],"acts_visited":["Exordium"],"potions_floor_usage":[],"damage_taken":[{"damage":9,"enemies":"Jaw Worm","floor":2,"turns":3},{"damage":0,"enemies":"Small Slimes","floor":3,"turns":3},{"damage":13,"enemies":"2 Louse","floor":4,"turns":3},{"damage":9,"enemies":"Blue Slaver","floor":5,"turns":4},{"damage":30,"enemies":"3 Louse","floor":8,"turns":5},{"damage":29,"enemies":"Red Slaver","floor":9,"turns":4},{"damage":50,"enemies":"3 Sentries","floor":10,"turns":7}],"seed_played":"-8822109889198424646","potions_obtained":[{"floor":3,"key":"Dexterity Potion"}],"is_trial":false,"path_per_floor":["R","M","M","M","M","R","T","M","M","E"],"character_chosen":"THE_CHAMP","items_purchased":[],"campfire_rested":0,"item_purchase_floors":[],"current_hp_per_floor":[90,86,86,80,76,76,76,65,59,9,9],"gold":182,"neow_bonus":"REMOVE_CARD","is_daily":false,"chose_seed":false,"campfire_upgraded":2,"win_rate":0.0,"timestamp":1608195594,"path_taken":["R","M","M","M","M","R","T","M","M","E"],"items_purchased_type":[],"build_version":"2020-12-13","purchased_purges":0,"victory":false,"max_hp_per_floor":[90,90,90,90,90,90,90,90,90,90,90],"card_choices":[{"not_picked":["champ:DefensiveShout","champ:FlashCut"],"picked":"champ:BladeFlurry","floor":2},{"not_picked":["champ:FlashCut","champ:Circumvent"],"picked":"champ:AdrenalArmor","floor":3},{"not_picked":["champ:PerfectedStrike","champ:CrookedStrike","champ:ShieldSigil"],"picked":"SKIP","floor":4},{"not_picked":["champ:DefensiveShout","champ:DeathBlow"],"picked":"champ:BerserkersShout","floor":5},{"not_picked":["champ:StanceDance","champ:HeavySlash"],"picked":"champ:BerserkerStyle","floor":8},{"not_picked":["champ:Shatter","champ:BerserkersShout"],"picked":"champ:FanOfKnives","floor":9}],"player_experience":429903,"relics_obtained":[],"event_choices":[],"is_beta":false,"boss_relics":[],"items_purged_floors":[],"is_endless":false,"potions_floor_spawned":[3],"killed_by":"3 Sentries","ascension_level":2}}