{"host":"u3jctbsl7uavviuy","time":1608206757,"event":{"mods":["BaseMod","BetterRewards","GungeonMod","HololiveMod","Luminous","Marisa（F雨　魔理沙）","Minty Spire (QoL Compilation)","Relic Stats","Replay The Spire","Shop Mod","Spicy Shops","StSLib","TestMod","The Animator","The Cursed","The Gatherer","The Servant 0.9.4","WarShipGirlsR/战舰少女R mod","vexMod","篝火指南"],"gold_per_floor":[119,80,80,94,109,109,109,143,167,192,192,203,231,231,231,332,332,351,291,305,305,321,321,350,350,377,403,17,17,17,17,17,115,115,131,146,207,207,50,68,118,143,167,180,180,195,224,244,244,244,244,244,19,52,52],"floor_reached":56,"playtime":3520,"items_purged":["Strike_B","Strike_B"],"score":1628,"play_id":"69af507e-a674-461b-b9fa-29f050b48bbb","local_time":"20201217210557","is_ascension_mode":true,"campfire_choices":[{"data":"Double Energy","floor":6.0,"key":"SMITH"},{"data":"Dualcast","floor":11.0,"key":"SMITH"},{"data":"Creative AI","floor":15.0,"key":"SMITH"},{"data":"Fission","floor":23.0,"key":"SMITH"},{"floor":25.0,"key":"RECALL"},{"data":"Hologram","floor":29.0,"key":"SMITH"},{"data":"FIFO Queue","floor":32.0,"key":"SMITH"},{"data":"Hologram","floor":45.0,"key":"SMITH"},{"data":"Capacitor","floor":49,"key":"SMITH"},{"data":"Skim","floor":52,"key":"SMITH"}],"circlet_count":0,"master_deck":["Zap+1","Dualcast+1","Genetic Algorithm+1","Cold Snap","Loop","Conserve Battery","Hologram+1","Hologram+1","Double Energy+1","Cold Snap","FIFO Queue+1","Creative AI+1","Fission+1","Coolheaded+1","ReplayTheSpireMod:Reroute Power","BootSequence","Recycle+1","Meteor Strike","Conserve Battery","Barrage+1","Consume+1","Capacitor+1","Defragment+1","FIFO Queue+1","Skim+1","Capacitor+1"],"relics":["Cracked Core","testmod-TestBox","testmod-EnergyCheck","testmod-BlackFramedGlasses","Lee\u0027s Waffle","Replay:Frozen Program","Ancient Tea Set","Calipers","War Paint","Symbiotic Virus","Singing Bowl","testmod-Temperance","Strawberry","Art of War","Oddly Smooth Stone","Lantern","SlaversCollar","Sling","testmod-ConstraintPeriapt","Replay:Mystery Machine","vexMod:MemoryStick","Nunchaku","vexMod:PaidLearning","Replay:Wax Seal"],"acts_visited":["Exordium","TheCity","TheBeyond","TheEnding"],"potions_floor_usage":[50,55],"damage_taken":[{"damage":6.0,"enemies":"Jaw Worm","floor":1.0,"turns":3.0},{"damage":0.0,"enemies":"Cultist","floor":4.0,"turns":4.0},{"damage":0.0,"enemies":"Small Slimes","floor":5.0,"turns":3.0},{"damage":11.0,"enemies":"Lagavulin","floor":8.0,"turns":6.0},{"damage":5.0,"enemies":"3 Sentries","floor":10.0,"turns":8.0},{"damage":7.0,"enemies":"Looter","floor":12.0,"turns":2.0},{"damage":10.0,"enemies":"Gremlin Nob","floor":13.0,"turns":4.0},{"damage":0.0,"enemies":"The Guardian","floor":16.0,"turns":9.0},{"damage":11.0,"enemies":"Chosen","floor":18.0,"turns":7.0},{"damage":7.0,"enemies":"2 Thieves","floor":20.0,"turns":4.0},{"damage":7.0,"enemies":"Snecko","floor":22.0,"turns":5.0},{"damage":9.0,"enemies":"Slavers","floor":24.0,"turns":7.0},{"damage":0.0,"enemies":"Replay:Snechameleon","floor":27.0,"turns":5.0},{"damage":0.0,"enemies":"Collector","floor":33.0,"turns":10.0},{"damage":4.0,"enemies":"3 Shapes","floor":35.0,"turns":4.0},{"damage":0.0,"enemies":"Orb Walker","floor":36.0,"turns":3.0},{"damage":0.0,"enemies":"Maw","floor":40.0,"turns":8.0},{"damage":6.0,"enemies":"Mind Bloom Boss Battle","floor":41.0,"turns":4.0},{"damage":13.0,"enemies":"Nemesis","floor":42.0,"turns":7.0},{"damage":0.0,"enemies":"4 Shapes","floor":44.0,"turns":3.0},{"damage":0.0,"enemies":"Transient","floor":46.0,"turns":5.0},{"damage":0,"enemies":"R_Hoarder","floor":47,"turns":11},{"damage":10,"enemies":"Spire Growth","floor":48,"turns":6},{"damage":4,"enemies":"Replay:Hell Engine","floor":50,"turns":9},{"damage":23,"enemies":"Shield and Spear","floor":54,"turns":7},{"damage":113,"enemies":"The Heart","floor":55,"turns":11}],"seed_played":"6715811988108088878","potions_obtained":[{"floor":1.0,"key":"Fire Potion"},{"floor":5.0,"key":"LiquidMemories"},{"floor":8.0,"key":"Adrenaline Potion"},{"floor":16.0,"key":"LiquidBronze"},{"floor":18.0,"key":"EntropicBrew"},{"floor":20.0,"key":"testmod-SpacePotion"},{"floor":22.0,"key":"Weak Potion"},{"floor":33.0,"key":"Block Potion"},{"floor":35.0,"key":"SteroidPotion"},{"floor":36.0,"key":"Languid Potion"},{"floor":37.0,"key":"FairyPotion"},{"floor":42.0,"key":"FairyPotion"},{"floor":46,"key":"Adrenaline Potion"}],"is_trial":false,"path_per_floor":["M","$","?","M","M","R","?","E","T","E","R","M","E","?","R","B",null,"M","?","M","?","M","R","E","R","T","E","$","R","$","?","R","B",null,"M","M","?","?","$","M","?","E","T","M","R","M","E","M","R","B",null,"R","$","E","B",null],"character_chosen":"DEFECT","items_purchased":["testmod-BlackFramedGlasses","Lee\u0027s Waffle","Genetic Algorithm","Replay:Frozen Program","Cold Snap","Loop","Ancient Tea Set","Calipers","Hologram","Lantern","Meteor Strike","Reflective Coating","Conserve Battery","Sling","Capacitor","vexMod:PaidLearning"],"campfire_rested":0,"item_purchase_floors":[0,0,0,0,0,0,0,0,2,28,28,28,28,39,53,53],"current_hp_per_floor":[78,78,78,82,82,82,75,70,70,73,73,68,62,67,67,76,87,79,79,78,78,78,78,83,83,83,88,88,88,88,68,68,80,105,102,105,107,107,107,107,105,104,104,109,109,109,109,107,107,111,111,111,111,98,37],"gold":52,"neow_bonus":"","is_daily":false,"chose_seed":false,"campfire_upgraded":9,"win_rate":0.0,"timestamp":1608206757,"path_taken":["M","$","?","M","?","R","?","E","T","E","R","M","E","?","R","BOSS","M","?","M","?","M","R","E","R","T","E","$","R","?","?","R","BOSS","M","M","?","?","?","M","?","E","T","?","R","M","E","M","R","BOSS","R","$","E","BOSS"],"items_purchased_type":["Relic","Relic","Card","Relic","Card","Card","Relic","Relic","Card","Relic","Card","Potion","Card","Relic","Card","Relic"],"build_version":"2020-12-13","purchased_purges":2,"victory":true,"max_hp_per_floor":[82,82,82,82,82,82,82,82,82,82,82,82,82,87,87,87,87,87,87,89,89,91,91,98,98,98,98,98,98,98,103,103,105,105,105,105,107,107,107,107,109,109,109,109,109,109,109,111,111,111,111,111,111,113,113],"relic_stats":{"Lee\u0027s Waffle":54,"Nunchaku":[4],"Singing Bowl":36,"counters":[194,903],"Art of War":[15],"War Paint":["Zap","Genetic Algorithm"],"obtain_stats":[{"TwistedFunnel":49,"vexMod:MemoryStick":12,"Whetstone":49,"Sling":32,"testmod-BlackFramedGlasses":0,"Replay:Ringing Soul":13,"vexMod:CardConverter":45,"vexMod:EndlessSickness":34,"Replay:Bronze Core":17,"Replay:Bottled Flurry":42,"Replay:Wax Seal":0,"testmod-IntensifyImprint":0,"testmod-TestBox":0,"Pear":45,"Eternal Feather":44,"Pen Nib":25,"Paper Crane":31,"testmod-Fortitude":47,"SlaversCollar":17,"DemoMod:MeatBun":53,"DemoMod:SerJunkan":5,"Lantern":29,"Singing Bowl":6,"testmod-Temperance":17,"Blue Doll":31,"Ancient Tea Set":0,"Burning Blood":0,"testmod-CasingShield":32,"Replay:Rubber Ducky":19,"Toolbox":32,"Chemical X":0,"Replay:Bottled Eggs":9,"InkBottle":9,"Ring of the Snake":0,"Lee\u0027s Waffle":0,"vexMod:BerryBomb":7,"DemoMod:PartiallyEatenCheese":11,"testmod-CardMagician":6,"PreservedInsect":6,"DemoMod:PinkGuonStone":36,"Geode":43,"Frozen Egg 2":0,"testmod-ConstraintPeriapt":6,"MawBank":40,"testmod-Hope":43,"Orrery":20,"Garlic":30,"Art of War":26,"Bottled Lightning":8,"Toy Ornithopter":27,"DemoMod:BlueGuonStone":25,"Tiny House":34,"Calipers":0,"Vajra":23,"testmod-IWantAll":0,"DemoMod:GlassGuonStoneRelic":8,"Replay:Frozen Program":0,"DollysMirror":44,"Strawberry":24,"Honey Jar":17,"Philosopher\u0027s Stone":34,"Iron Hammer":0,"Toxic Egg 2":29,"DemoMod:ClearGuonStone":11,"Happy Flower":40,"Astrolabe":34,"testmod-FatalChain":13,"Oddly Smooth Stone":53,"Charon\u0027s Ashes":26,"vexMod:PaidLearning":53,"Letter Opener":26,"War Paint":8,"Question Card":23,"testmod-SaigiyounoYou":34,"testmod-RealStoneCalender":47,"Replay:Baseball":32,"vexMod:Cooldron":44,"Shuriken":27,"testmod-Acrobat":8,"Bronze Scales":8,"Hololive_TheStar":22,"Onion Ring":6,"Molten Egg 2":0,"ReplayTheSpireMod:TigerMarble":26,"Grinning Jar":40,"testmod-EnergyCheck":8,"Symbiotic Virus":10,"ReplayFunnel":8,"Incense Burner":13,"DemoMod:WhiteGuonStone":0,"Replay:Mystery Machine":42,"Empty Cage":31,"PrismaticShard":5,"testmod-Charity":39,"ClockworkSouvenir":39,"Nunchaku":47,"testmod-Alchemist":22,"Cracked Core":6,"Gremlin Food":43,"DemoMod:Junk":6,"ReplayTheSpireMod:Ninjato":42,"vexMod:ConsolationPrize":26,"Guide Book":36,"Replay:WaspNest":24,"testmod-IndustrialRevolution":0,"White Beast Statue":49,"testmod-Antiphasic":30,"Anchor":0,"Hololive_LightStick":32,"DataDisk":49,"vexMod:BarristanHead":6,"testmod-AssaultLearning":47,"Another Sword":0,"Bag of Marbles":12,"Membership Card":32,"TungstenRod":40},{"TwistedFunnel":79,"vexMod:MemoryStick":6,"Whetstone":23,"Sling":129,"testmod-BlackFramedGlasses":110,"Replay:Ringing Soul":148,"vexMod:CardConverter":76,"vexMod:EndlessSickness":43,"Replay:Bronze Core":149,"Replay:Bottled Flurry":105,"Replay:Wax Seal":56,"testmod-IntensifyImprint":0,"testmod-TestBox":0,"Pear":50,"Eternal Feather":106,"Pen Nib":13,"Paper Crane":69,"testmod-Fortitude":78,"SlaversCollar":119,"DemoMod:MeatBun":54,"DemoMod:SerJunkan":112,"Lantern":42,"Singing Bowl":143,"testmod-Temperance":176,"Blue Doll":16,"Ancient Tea Set":168,"Burning Blood":0,"testmod-CasingShield":16,"Replay:Rubber Ducky":10,"Toolbox":129,"Chemical X":0,"Replay:Bottled Eggs":60,"InkBottle":114,"Ring of the Snake":0,"Lee\u0027s Waffle":168,"vexMod:BerryBomb":86,"DemoMod:PartiallyEatenCheese":87,"testmod-CardMagician":113,"PreservedInsect":59,"DemoMod:PinkGuonStone":71,"Geode":133,"Frozen Egg 2":0,"testmod-ConstraintPeriapt":28,"MawBank":19,"testmod-Hope":20,"Orrery":35,"Garlic":42,"Art of War":180,"Bottled Lightning":5,"Toy Ornithopter":40,"DemoMod:BlueGuonStone":96,"Tiny House":17,"Calipers":168,"Vajra":12,"testmod-IWantAll":0,"DemoMod:GlassGuonStoneRelic":5,"Replay:Frozen Program":168,"DollysMirror":162,"Strawberry":180,"Honey Jar":33,"Philosopher\u0027s Stone":70,"Iron Hammer":80,"Toxic Egg 2":68,"DemoMod:ClearGuonStone":116,"Happy Flower":46,"Astrolabe":130,"testmod-FatalChain":148,"Oddly Smooth Stone":54,"Charon\u0027s Ashes":13,"vexMod:PaidLearning":192,"Letter Opener":153,"War Paint":172,"Question Card":153,"testmod-SaigiyounoYou":157,"testmod-RealStoneCalender":22,"Replay:Baseball":16,"vexMod:Cooldron":162,"Shuriken":67,"testmod-Acrobat":29,"Bronze Scales":144,"Hololive_TheStar":94,"Onion Ring":4,"Molten Egg 2":24,"ReplayTheSpireMod:TigerMarble":96,"Grinning Jar":74,"testmod-EnergyCheck":172,"Symbiotic Virus":173,"ReplayFunnel":60,"Incense Burner":117,"DemoMod:WhiteGuonStone":138,"Replay:Mystery Machine":187,"Empty Cage":42,"PrismaticShard":112,"testmod-Charity":18,"ClockworkSouvenir":18,"Nunchaku":190,"testmod-Alchemist":94,"Cracked Core":113,"Gremlin Food":75,"DemoMod:Junk":113,"ReplayTheSpireMod:Ninjato":20,"vexMod:ConsolationPrize":67,"Guide Book":101,"Replay:WaspNest":38,"testmod-IndustrialRevolution":110,"White Beast Statue":23,"testmod-Antiphasic":98,"Anchor":24,"Hololive_LightStick":129,"DataDisk":137,"vexMod:BarristanHead":28,"testmod-AssaultLearning":52,"Another Sword":0,"Bag of Marbles":32,"Membership Card":16,"TungstenRod":104},{"TwistedFunnel":323,"vexMod:MemoryStick":25,"Whetstone":96,"Sling":559,"testmod-BlackFramedGlasses":434,"Replay:Ringing Soul":638,"vexMod:CardConverter":316,"vexMod:EndlessSickness":180,"Replay:Bronze Core":647,"Replay:Bottled Flurry":407,"Replay:Wax Seal":232,"testmod-IntensifyImprint":0,"testmod-TestBox":0,"Pear":207,"Eternal Feather":411,"Pen Nib":56,"Paper Crane":290,"testmod-Fortitude":321,"SlaversCollar":490,"DemoMod:MeatBun":222,"DemoMod:SerJunkan":439,"Lantern":173,"Singing Bowl":617,"testmod-Temperance":789,"Blue Doll":65,"Ancient Tea Set":751,"Burning Blood":0,"testmod-CasingShield":65,"Replay:Rubber Ducky":40,"Toolbox":559,"Chemical X":0,"Replay:Bottled Eggs":248,"InkBottle":453,"Ring of the Snake":0,"Lee\u0027s Waffle":751,"vexMod:BerryBomb":343,"DemoMod:PartiallyEatenCheese":345,"testmod-CardMagician":440,"PreservedInsect":244,"DemoMod:PinkGuonStone":300,"Geode":583,"Frozen Egg 2":0,"testmod-ConstraintPeriapt":107,"MawBank":82,"testmod-Hope":86,"Orrery":139,"Garlic":173,"Art of War":811,"Bottled Lightning":22,"Toy Ornithopter":164,"DemoMod:BlueGuonStone":372,"Tiny House":71,"Calipers":751,"Vajra":51,"testmod-IWantAll":0,"DemoMod:GlassGuonStoneRelic":22,"Replay:Frozen Program":751,"DollysMirror":703,"Strawberry":811,"Honey Jar":132,"Philosopher\u0027s Stone":297,"Iron Hammer":329,"Toxic Egg 2":285,"DemoMod:ClearGuonStone":463,"Happy Flower":190,"Astrolabe":566,"testmod-FatalChain":637,"Oddly Smooth Stone":222,"Charon\u0027s Ashes":56,"vexMod:PaidLearning":885,"Letter Opener":665,"War Paint":767,"Question Card":665,"testmod-SaigiyounoYou":687,"testmod-RealStoneCalender":91,"Replay:Baseball":65,"vexMod:Cooldron":703,"Shuriken":282,"testmod-Acrobat":113,"Bronze Scales":624,"Hololive_TheStar":364,"Onion Ring":17,"Molten Egg 2":98,"ReplayTheSpireMod:TigerMarble":372,"Grinning Jar":308,"testmod-EnergyCheck":763,"Symbiotic Virus":774,"ReplayFunnel":248,"Incense Burner":467,"DemoMod:WhiteGuonStone":602,"Replay:Mystery Machine":851,"Empty Cage":173,"PrismaticShard":439,"testmod-Charity":78,"ClockworkSouvenir":78,"Nunchaku":870,"testmod-Alchemist":364,"Cracked Core":440,"Gremlin Food":313,"DemoMod:Junk":451,"ReplayTheSpireMod:Ninjato":86,"vexMod:ConsolationPrize":282,"Guide Book":393,"Replay:WaspNest":151,"testmod-IndustrialRevolution":434,"White Beast Statue":96,"testmod-Antiphasic":381,"Anchor":98,"Hololive_LightStick":559,"DataDisk":596,"vexMod:BarristanHead":109,"testmod-AssaultLearning":214,"Another Sword":0,"Bag of Marbles":125,"Membership Card":65,"TungstenRod":402}]},"card_choices":[{"not_picked":["ReplaySort","Consume"],"picked":"Conserve Battery","floor":1.0},{"not_picked":["Panic Button","Steam"],"picked":"Double Energy","floor":4.0},{"not_picked":["Beam Cell","Stack","Crystallizer"],"picked":"SKIP","floor":5.0},{"not_picked":["Sunder","ReplayTheSpireMod:Calculation Training"],"picked":"Cold Snap","floor":8.0},{"not_picked":["ReplayRNGCard","BasicCrystalCard","Cold Snap"],"picked":"SKIP","floor":10.0},{"not_picked":["Undo","Streamline"],"picked":"FIFO Queue","floor":12.0},{"not_picked":["Scrape","Beam Cell"],"picked":"Creative AI","floor":13.0},{"not_picked":["Multi-Cast","ReplayTheSpireMod:Fabricate Wheel"],"picked":"Fission","floor":16.0},{"not_picked":["Chaos","Steam"],"picked":"Coolheaded","floor":18.0},{"not_picked":["Loop+1","ReplayTheSpireMod:Repulse","Stack"],"picked":"Singing Bowl","floor":20.0},{"not_picked":["Rebound+1","Beam Cell","Leap+1"],"picked":"Singing Bowl","floor":22.0},{"not_picked":["All For One","ReplaySort"],"picked":"BootSequence","floor":24.0},{"not_picked":["Streamline","Steam Power"],"picked":"Recycle+1","floor":27.0},{"not_picked":["Biased Cognition","Creative AI","ReplayTheSpireMod:Omega Cannon"],"picked":"Singing Bowl","floor":33.0},{"not_picked":["Doom and Gloom","Auto Shields+1"],"picked":"Barrage+1","floor":35.0},{"not_picked":["ReplaySolidLightProjector+1","Ball Lightning+1"],"picked":"Consume+1","floor":36.0},{"not_picked":["Self Repair","Steam","Streamline+1"],"picked":"Singing Bowl","floor":37.0},{"not_picked":["Hello World+1","Self Repair"],"picked":"Capacitor","floor":40.0},{"not_picked":["Melter","Consume","Go for the Eyes+1"],"picked":"Singing Bowl","floor":41.0},{"not_picked":["Heatsinks+1","Ball Lightning+1"],"picked":"Chill+1","floor":42.0},{"not_picked":["Barrage","Consume+1"],"picked":"Defragment+1","floor":44.0},{"not_picked":["Sunder+1","Coolheaded+1"],"picked":"FIFO Queue+1","floor":46},{"not_picked":["Gash","Barrage"],"picked":"Skim","floor":47},{"not_picked":["Redo+1","Gash+1","BasicCrystalCard"],"picked":"Singing Bowl","floor":48},{"not_picked":["Turbo","ReplayTheSpireMod:Calculation Training+1","FTL+1"],"picked":"Singing Bowl","floor":54}],"player_experience":390997,"relics_obtained":[{"floor":8.0,"key":"War Paint"},{"floor":10.0,"key":"Symbiotic Virus"},{"floor":13.0,"key":"Singing Bowl"},{"floor":24.0,"key":"Strawberry"},{"floor":26.0,"key":"Art of War"},{"floor":27.0,"key":"Oddly Smooth Stone"},{"floor":41.0,"key":"testmod-ConstraintPeriapt"},{"floor":42.0,"key":"Replay:Mystery Machine"},{"floor":43.0,"key":"vexMod:MemoryStick"},{"floor":47,"key":"Nunchaku"},{"floor":54,"key":"Replay:Wax Seal"}],"event_choices":[{"damage_healed":0.0,"max_hp_gain":0.0,"max_hp_loss":0.0,"gold_gain":0.0,"event_name":"The Woman in Blue","player_choice":"Bought 0 Potions","floor":3.0,"gold_loss":0.0,"damage_taken":0.0},{"cards_removed":["Defend_B"],"damage_healed":0.0,"max_hp_gain":0.0,"max_hp_loss":0.0,"gold_gain":0.0,"event_name":"Golden Wing","player_choice":"Card Removal","floor":7.0,"gold_loss":0.0,"damage_taken":7.0},{"damage_healed":0.0,"max_hp_gain":5.0,"max_hp_loss":0.0,"gold_gain":0.0,"event_name":"Big Fish","player_choice":"Donut","floor":14.0,"gold_loss":0.0,"damage_taken":0.0},{"damage_healed":0.0,"max_hp_gain":0.0,"max_hp_loss":0.0,"gold_gain":0.0,"cards_transformed":["Strike_B","Defend_B"],"event_name":"Drug Dealer","player_choice":"Became Test Subject","floor":21.0,"gold_loss":0.0,"damage_taken":0.0,"cards_obtained":["FTL","ReplayTheSpireMod:Reroute Power"]},{"damage_healed":0.0,"max_hp_gain":5.0,"max_hp_loss":0.0,"gold_gain":0.0,"event_name":"Forgotten Altar","player_choice":"Shed Blood","floor":31.0,"gold_loss":0.0,"damage_taken":25.0},{"damage_healed":0.0,"max_hp_gain":0.0,"max_hp_loss":0.0,"gold_gain":0.0,"event_name":"Tomb of Lord Red Mask","player_choice":"Ignored","floor":38.0,"gold_loss":0.0,"damage_taken":0.0},{"damage_healed":0.0,"max_hp_gain":0.0,"max_hp_loss":0.0,"gold_gain":0.0,"event_name":"MindBloom","player_choice":"Fight","floor":41.0,"gold_loss":0.0,"damage_taken":0.0}],"is_beta":false,"boss_relics":[{"not_picked":["Abe\u0027s Treasure","vexMod:EndlessSickness"],"picked":"testmod-Temperance"},{"not_picked":["ChewingGum","Velvet Choker"],"picked":"SlaversCollar"}],"items_purged_floors":[0,0],"is_endless":false,"potions_floor_spawned":[1,5,8,16,18,20,22,33,35,36,42,46,54],"ascension_level":4}}