{"host":"rob","time":1608172347,"event":{"mods":["2.2 Compatiblity","BaseMod","Minty Spire (QoL Compilation)","StSLib"],"gold_per_floor":[111,6,6,81,95,127,141,155,155,190,190,190,224,241,241,319,319,335,346,359,359,359,359,359],"floor_reached":23,"playtime":1237,"items_purged":["Pain"],"score":597,"play_id":"26199215-7cad-454c-96d9-22499e77231e","local_time":"20201216213227","is_ascension_mode":true,"campfire_choices":[{"floor":12.0,"key":"REST"},{"data":"Biased Cognition","floor":15.0,"key":"SMITH"}],"circlet_count":0,"master_deck":["AscendersBane","Defend_B","Defend_B","Defend_B","Defend_B","Zap","Dualcast","Hello World","Auto Shields","Cold Snap","Ball Lightning","Streamline+1","Undo","Beam Cell+1","Compile Driver+1","Glacier","Biased Cognition+1","Doom and Gloom+1","Electrodynamics","Bite+1","Bite+1","Bite+1","Bite+1","Bite+1","Biased Cognition+1"],"relics":["Cracked Core","Molten Egg 2","PreservedInsect","Question Card","Symbiotic Virus","Potion Belt","Snecko Eye"],"acts_visited":["TheCity"],"potions_floor_usage":[20,23,23],"damage_taken":[{"damage":2.0,"enemies":"Small Slimes","floor":1.0,"turns":4.0},{"damage":0.0,"enemies":"2 Louse","floor":5.0,"turns":4.0},{"damage":18.0,"enemies":"3 Sentries","floor":6.0,"turns":7.0},{"damage":0.0,"enemies":"Cultist","floor":7.0,"turns":3.0},{"damage":9.0,"enemies":"Red Slaver","floor":8.0,"turns":3.0},{"damage":7.0,"enemies":"Lagavulin","floor":10.0,"turns":5.0},{"damage":0.0,"enemies":"Gremlin Nob","floor":13.0,"turns":2.0},{"damage":14.0,"enemies":"Lots of Slimes","floor":14.0,"turns":4.0},{"damage":0.0,"enemies":"Hexaghost","floor":16.0,"turns":7.0},{"damage":11,"enemies":"3 Byrds","floor":18,"turns":3},{"damage":0,"enemies":"Spheric Guardian","floor":19,"turns":3},{"damage":23,"enemies":"Shelled Parasite and Fungi","floor":20,"turns":4},{"damage":31,"enemies":"Book of Stabbing","floor":23,"turns":4}],"seed_played":"-9164465648472041156","potions_obtained":[{"floor":5.0,"key":"PotionOfCapacity"},{"floor":10.0,"key":"Weak Potion"},{"floor":16.0,"key":"EssenceOfSteel"},{"floor":19,"key":"Energy Potion"}],"is_trial":false,"path_per_floor":["M","$","?","?","M","E","M","M","T","E","?","R","E","M","R","B",null,"M","M","M","?","?","E"],"character_chosen":"DEFECT","items_purchased":["Ball Lightning"],"campfire_rested":1,"item_purchase_floors":[2],"current_hp_per_floor":[62,62,57,46,46,28,28,19,19,12,12,33,33,19,19,19,58,47,47,24,24,24,0,0],"gold":359,"neow_bonus":"TRANSFORM_TWO_CARDS","is_daily":false,"chose_seed":false,"campfire_upgraded":1,"win_rate":0.0,"timestamp":1608172347,"path_taken":["M","$","?","?","M","E","M","M","T","E","?","R","E","M","R","BOSS","M","M","M","?","?","E"],"items_purchased_type":["Card"],"build_version":"2020-12-07","purchased_purges":1,"victory":false,"max_hp_per_floor":[71,71,71,71,71,71,71,71,71,71,71,71,71,71,71,71,71,71,71,71,49,49,49,49],"card_choices":[{"not_picked":["Turbo","Barrage"],"picked":"Cold Snap","floor":1.0},{"not_picked":["Hologram","Coolheaded"],"picked":"Streamline+1","floor":5.0},{"not_picked":["Sweeping Beam+1","Ball Lightning+1"],"picked":"Undo","floor":6.0},{"not_picked":["Aggregate","Rebound+1"],"picked":"Beam Cell+1","floor":7.0},{"not_picked":["Aggregate","Turbo"],"picked":"Compile Driver+1","floor":8.0},{"not_picked":["Thunder Strike+1","Redo","Sweeping Beam+1"],"picked":"Glacier","floor":10.0},{"not_picked":["Conserve Battery","Capacitor","Ball Lightning+1"],"picked":"Biased Cognition","floor":13.0},{"not_picked":["Sweeping Beam+1","Recycle","Beam Cell+1"],"picked":"Doom and Gloom+1","floor":14.0},{"not_picked":["Machine Learning","Creative AI","Meteor Strike+1"],"picked":"Electrodynamics","floor":16.0},{"not_picked":["Stack","Rebound+1","Cold Snap+1","Ball Lightning+1"],"picked":"SKIP","floor":18},{"not_picked":["Go for the Eyes+1","Stack","Gash+1","Barrage+1"],"picked":"SKIP","floor":19},{"not_picked":["Reprogram","FTL+1","Static Discharge","Conserve Battery"],"picked":"SKIP","floor":20}],"player_experience":1029816,"relics_obtained":[{"floor":6.0,"key":"PreservedInsect"},{"floor":9.0,"key":"Question Card"},{"floor":10.0,"key":"Symbiotic Virus"},{"floor":13.0,"key":"Potion Belt"}],"event_choices":[{"damage_healed":0.0,"max_hp_gain":0.0,"max_hp_loss":0.0,"gold_gain":0.0,"event_name":"Scrap Ooze","player_choice":"Success","floor":3.0,"gold_loss":0.0,"damage_taken":5.0,"relics_obtained":["Molten Egg 2"]},{"damage_healed":0.0,"max_hp_gain":0.0,"max_hp_loss":0.0,"gold_gain":75.0,"event_name":"World of Goop","player_choice":"Gather Gold","floor":4.0,"gold_loss":0.0,"damage_taken":11.0},{"damage_healed":0.0,"max_hp_gain":0.0,"max_hp_loss":0.0,"gold_gain":0.0,"event_name":"Liars Game","player_choice":"Ignored","floor":11.0,"gold_loss":0.0,"damage_taken":0.0},{"damage_healed":0,"gold_gain":0,"player_choice":"Became a vampire","damage_taken":0,"max_hp_gain":0,"max_hp_loss":22,"event_name":"Vampires","floor":21,"gold_loss":0,"cards_obtained":["Bite","Bite","Bite","Bite","Bite"]},{"damage_healed":0,"gold_gain":0,"player_choice":"Copied","damage_taken":0,"max_hp_gain":0,"max_hp_loss":0,"event_name":"Duplicator","floor":22,"gold_loss":0,"cards_obtained":["Biased Cognition"]}],"is_beta":true,"boss_relics":[{"not_picked":["SlaversCollar","Cursed Key"],"picked":"Snecko Eye"}],"items_purged_floors":[2],"is_endless":false,"potions_floor_spawned":[5,10,16,19],"killed_by":"Book of Stabbing","ascension_level":20}}