{"host":"5gc11emcm5chfr5t","time":1608234054,"event":{"mods":["2.2 Compatiblity","AchievementEnabler","BaseMod","Bestiary","Better Note","Colored Map","Colored Powertips","Downfall","Googly Eyes","Minty Spire (QoL Compilation)","Rare Cards Sparkle","StSLib"],"gold_per_floor":[12,32,32,307,319,354,379,413,413,413,413],"floor_reached":10,"playtime":456,"items_purged":[],"score":117,"play_id":"f64bb5d8-3d1f-4c5d-91f1-a6e2d5064990","local_time":"20201217144054","is_ascension_mode":true,"campfire_choices":[],"circlet_count":0,"master_deck":["AscendersBane","sneckomod:Strike","sneckomod:Strike","sneckomod:Strike","sneckomod:Defend","sneckomod:Defend+1","sneckomod:TailWhip","sneckomod:SnekBite","sneckomod:Unknown","sneckomod:Unknown","sneckomod:TrashToTreasure","sneckomod:DiceBoulder","sneckomod:PureSnecko","Regret","sneckomod:UnknownX","sneckomod:SlitherStrike","sneckomod:UnknownStrength+1","sneckomod:UnknownClassPURPLE"],"relics":["sneckomod:SneckoSoul","Torii","CeramicFish","War Paint","Molten Egg 2"],"acts_visited":["Exordium"],"potions_floor_usage":[6,8,8,10],"damage_taken":[{"damage":7,"enemies":"Jaw Worm","floor":1,"turns":2},{"damage":0,"enemies":"Small Slimes","floor":2,"turns":4},{"damage":2,"enemies":"Cultist","floor":5,"turns":4},{"damage":33,"enemies":"Lagavulin","floor":6,"turns":5},{"damage":14,"enemies":"Looter","floor":7,"turns":4},{"damage":26,"enemies":"Gremlin Nob","floor":8,"turns":4},{"damage":10,"enemies":"3 Sentries","floor":10,"turns":2}],"seed_played":"-8108668436934982613","potions_obtained":[{"floor":5,"key":"BlessingOfTheForge"},{"floor":6,"key":"SpeedPotion"},{"floor":7,"key":"PowerPotion"},{"floor":8,"key":"Fire Potion"}],"is_trial":false,"path_per_floor":["M","M","?","?","M","E","M","E","T","E"],"character_chosen":"THE_SNECKO","items_purchased":[],"campfire_rested":0,"item_purchase_floors":[],"current_hp_per_floor":[74,74,74,74,73,45,32,7,7,0,0],"gold":413,"neow_bonus":"ONE_RARE_RELIC","is_daily":false,"chose_seed":false,"campfire_upgraded":0,"win_rate":0.0,"timestamp":1608234054,"path_taken":["M","M","?","?","?","E","M","E","T","E"],"items_purchased_type":[],"build_version":"2020-12-13","purchased_purges":0,"victory":false,"max_hp_per_floor":[90,90,90,90,91,91,92,93,93,93,93],"card_choices":[{"not_picked":["sneckomod:MasterEye","sneckomod:UnknownClassTHE_CHAMP_GRAY"],"picked":"sneckomod:TrashToTreasure","floor":1},{"not_picked":["sneckomod:CheapStock","sneckomod:Rotation"],"picked":"sneckomod:DiceBoulder","floor":2},{"not_picked":["sneckomod:WideSting","sneckomod:QuickBite"],"picked":"sneckomod:UnknownX","floor":5},{"not_picked":["sneckomod:WideSting","sneckomod:UnknownDexterity"],"picked":"sneckomod:SlitherStrike","floor":6},{"not_picked":["sneckomod:Unknown1Cost","sneckomod:QuickBite"],"picked":"sneckomod:UnknownStrength","floor":7},{"not_picked":["sneckomod:UnknownClassRED","sneckomod:UnknownStrength"],"picked":"sneckomod:UnknownClassPURPLE","floor":8}],"player_experience":403577,"relics_obtained":[{"floor":6,"key":"CeramicFish"},{"floor":8,"key":"War Paint"},{"floor":9,"key":"Molten Egg 2"}],"event_choices":[{"damage_healed":0,"gold_gain":0,"cards_transformed":["sneckomod:Defend"],"player_choice":"Change","damage_taken":0,"max_hp_gain":0,"max_hp_loss":0,"event_name":"Living Wall","floor":3,"gold_loss":0,"cards_obtained":["sneckomod:PureSnecko"]},{"damage_healed":0,"gold_gain":275,"player_choice":"Desecrate","damage_taken":0,"max_hp_gain":0,"max_hp_loss":0,"event_name":"Golden Shrine","floor":4,"gold_loss":0,"cards_obtained":["Regret"]}],"is_beta":false,"boss_relics":[],"items_purged_floors":[],"is_endless":false,"potions_floor_spawned":[5,6,7,8],"killed_by":"3 Sentries","ascension_level":10}}