{"host":"qyjrmrr57odine7m","time":1608195587,"event":{"mods":["AchievementEnabler","BaseMod","Bestiary","Block Reminder","Card Forge","Highlight Path","Minty Spire (QoL Compilation)","Permanent Neow","StSLib"],"gold_per_floor":[114,129,144,144,159,189,204,219,219,265,295,295,310,325,325,425,425,425,425],"floor_reached":18,"playtime":1383,"items_purged":[],"score":226,"play_id":"304a6f0a-f4c9-4079-8f65-f4d21e58b908","local_time":"20201217085947","daily_mods":["Specialized","Flight","Lethality"],"is_ascension_mode":false,"campfire_choices":[{"floor":12,"key":"REST"},{"floor":15,"key":"REST"}],"circlet_count":0,"master_deck":["Strike_B+1","Strike_B+1","Defend_B+1","Defend_B+1","Defend_B+1","White Noise+1","White Noise+1","White Noise+1","Redo+1","Blizzard+1","Echo Form+1","Leap+1","Streamline+1","Self Repair+1","Melter+1"],"relics":["Cracked Core","Hammer of Thor","Seething Fire","Anvil of the Gods","Strawberry","Pear","Bottled Tornado"],"acts_visited":["Exordium","TheCity"],"potions_floor_usage":[5,6,16,16],"damage_taken":[{"damage":0,"enemies":"Cultist","floor":1,"turns":2},{"damage":0,"enemies":"2 Louse","floor":2,"turns":2},{"damage":6,"enemies":"Jaw Worm","floor":3,"turns":2},{"damage":0,"enemies":"2 Fungi Beasts","floor":5,"turns":2},{"damage":0,"enemies":"3 Sentries","floor":6,"turns":3},{"damage":0,"enemies":"3 Louse","floor":7,"turns":3},{"damage":2,"enemies":"Large Slime","floor":8,"turns":3},{"damage":28,"enemies":"Lagavulin Event","floor":10,"turns":5},{"damage":34,"enemies":"Gremlin Nob","floor":11,"turns":4},{"damage":16,"enemies":"Red Slaver","floor":13,"turns":3},{"damage":15,"enemies":"Blue Slaver","floor":14,"turns":2},{"damage":46,"enemies":"Hexaghost","floor":16,"turns":12},{"damage":0,"enemies":"3 Byrds","floor":18,"turns":1}],"seed_played":"-4230686447748436371","potions_obtained":[{"floor":3,"key":"AttackPotion"},{"floor":5,"key":"DistilledChaos"},{"floor":6,"key":"FearPotion"},{"floor":7,"key":"Block Potion"},{"floor":10,"key":"Dexterity Potion"}],"is_trial":false,"path_per_floor":["M","M","M","?","M","E","M","M","T","?","E","R","M","M","R","B",null,"M"],"character_chosen":"DEFECT","items_purchased":[],"campfire_rested":2,"item_purchase_floors":[],"current_hp_per_floor":[75,75,69,69,69,76,76,74,84,56,32,59,43,28,55,29,92,92,92],"gold":425,"neow_bonus":"","is_daily":true,"chose_seed":false,"campfire_upgraded":0,"win_rate":0.0,"timestamp":1608195587,"path_taken":["M","M","M","?","M","E","M","M","T","?","E","R","M","M","R","BOSS","M"],"items_purchased_type":[],"build_version":"2020-12-13","purchased_purges":0,"victory":false,"max_hp_per_floor":[75,75,75,75,75,82,82,82,92,92,92,92,92,92,92,92,92,92,92],"card_choices":[{"not_picked":["Self Repair","Ball Lightning"],"picked":"Redo","floor":1},{"not_picked":["Barrage","Storm"],"picked":"Blizzard","floor":2},{"not_picked":["Turbo","Tempest","Ball Lightning"],"picked":"SKIP","floor":3},{"not_picked":["Turbo","Sweeping Beam"],"picked":"Leap","floor":5},{"not_picked":["Sweeping Beam","Seek"],"picked":"Streamline","floor":6},{"not_picked":["Rebound","Conserve Battery","Barrage"],"picked":"SKIP","floor":7},{"not_picked":["Streamline","Stack","Go for the Eyes"],"picked":"SKIP","floor":8},{"not_picked":["Recycle","FTL"],"picked":"Self Repair","floor":10},{"not_picked":["Redo","Fission","Sweeping Beam"],"picked":"SKIP","floor":11},{"not_picked":["Consume","Stack","Static Discharge"],"picked":"SKIP","floor":13},{"not_picked":["Barrage","Hologram"],"picked":"Melter","floor":14}],"player_experience":1168948,"relics_obtained":[{"floor":6,"key":"Strawberry"},{"floor":9,"key":"Pear"},{"floor":11,"key":"Bottled Tornado"}],"event_choices":[{"damage_healed":0,"gold_gain":0,"cards_transformed":["Zap"],"player_choice":"Change","damage_taken":0,"max_hp_gain":0,"max_hp_loss":0,"event_name":"Living Wall","floor":4,"gold_loss":0,"cards_obtained":["Echo Form"]},{"damage_healed":0,"gold_gain":30,"player_choice":"Searched \u00272\u0027 times","damage_taken":0,"max_hp_gain":0,"max_hp_loss":0,"event_name":"Dead Adventurer","floor":10,"gold_loss":0}],"is_beta":false,"boss_relics":[{"not_picked":["Runic Pyramid","Astrolabe","Busted Crown"]}],"items_purged_floors":[],"is_endless":false,"potions_floor_spawned":[3,5,6,7,10],"killed_by":"3 Byrds","ascension_level":0}}