{"host":"a7kkotolxcg5vljr","time":1608166333,"event":{"mods":["2.2 Compatiblity","AchievementEnabler","Act Like it!","BaseMod","Better Altar","Better Skull","Better Third Choice","Colored Map","Colored Powertips","Downfall","Hermit","Highlight Path","Marisa????????","Minty Spire (QoL Compilation)","Quick Restart","Rare Cards Sparkle","Replay The Spire","Spicy Shops","StSLib","The Cursed","The Disciple","The Servant 0.9.4"],"gold_per_floor":[116,128,128,128,86,86,97,97,97],"floor_reached":8,"playtime":50,"items_purged":[],"score":46,"play_id":"94090882-bea9-498b-b896-0c420278c4b2","local_time":"20201216195213","is_ascension_mode":false,"campfire_choices":[],"circlet_count":0,"master_deck":["Strike_G","Strike_G","Strike_G","Strike_G","Strike_G","Defend_G","Defend_G","Defend_G","Defend_G","Defend_G","Survivor","Neutralize","Sucker Punch","Dagger Spray","Underhanded Strike"],"relics":["NeowsBlessing","betterThird:SlimedRelic","Sizzling Blood"],"acts_visited":["Exordium"],"potions_floor_usage":[],"damage_taken":[{"damage":0,"enemies":"Cultist","floor":1,"turns":1},{"damage":0,"enemies":"Small Slimes","floor":2,"turns":1},{"damage":0,"enemies":"2 Louse","floor":7,"turns":1},{"damage":0,"enemies":"Lagavulin","floor":8,"turns":1}],"seed_played":"5366896313719171102","potions_obtained":[{"floor":1,"key":"CunningPotion"},{"floor":2,"key":"DistilledChaos"},{"floor":7,"key":"SpeedPotion"}],"is_trial":false,"path_per_floor":["M","M","PTL","PTL","?","?","M","E"],"character_chosen":"THE_SILENT","items_purchased":[],"campfire_rested":0,"item_purchase_floors":[],"current_hp_per_floor":[70,70,70,70,59,63,67,67,67],"gold":97,"neow_bonus":"THREE_ENEMY_KILL","is_daily":false,"chose_seed":false,"campfire_upgraded":0,"win_rate":0.0,"timestamp":1608166333,"path_taken":["M","?","PTL","PTL","?","?","M","E"],"items_purchased_type":[],"build_version":"2020-12-13","purchased_purges":0,"victory":false,"max_hp_per_floor":[70,70,70,70,70,74,74,74,74],"card_choices":[{"not_picked":["Flechettes","Endless Agony"],"picked":"Sucker Punch","floor":1},{"not_picked":["Expertise","Blade Dance"],"picked":"Dagger Spray","floor":2},{"not_picked":["Dodge and Roll","Dagger Spray"],"picked":"Underhanded Strike","floor":7}],"player_experience":338404,"relics_obtained":[],"event_choices":[{"damage_healed":0,"gold_gain":0,"player_choice":"Slimed","damage_taken":11,"max_hp_gain":0,"max_hp_loss":0,"event_name":"betterThird:BetterGoop","floor":5,"gold_loss":42}],"is_beta":false,"boss_relics":[],"items_purged_floors":[],"is_endless":false,"potions_floor_spawned":[1,2,7],"killed_by":"Lagavulin","ascension_level":0}}