{"host":"i41n6wh529970c2c","time":1608182306,"event":{"mods":["Act Like it!","BaseMod","BetterRewards","Friendly Minions","Gold Saver","Hermit","Minty Spire (QoL Compilation)","Replay The Spire","Shop Mod","StSLib"],"gold_per_floor":[437,454,466,391,341,370,370,401,427,459,439,439,439],"floor_reached":12,"playtime":4329,"items_purged":["Defend_R"],"score":149,"play_id":"74515528-7278-4ccc-95c1-f087c01c4976","local_time":"20201217001826","is_ascension_mode":true,"campfire_choices":[{"data":"Armaments","floor":7.0,"key":"SMITH"}],"circlet_count":0,"master_deck":["AscendersBane","Strike_R","Strike_R","Strike_R","Strike_R","Defend_R","Defend_R","Bash","Dropkick","Flex","Armaments+1","Demonic Infusion","Juggernaut"],"relics":["Burning Blood","Art of War","Tiny Chest","Ancient Tea Set","Oddly Smooth Stone"],"acts_visited":["Exordium"],"potions_floor_usage":[12,12],"damage_taken":[{"damage":8.0,"enemies":"Small Slimes","floor":1.0,"turns":4.0},{"damage":1.0,"enemies":"Cultist","floor":2.0,"turns":4.0},{"damage":7.0,"enemies":"2 Louse","floor":3.0,"turns":4.0},{"damage":18.0,"enemies":"Replay:BlueRogue","floor":6.0,"turns":7.0},{"damage":45.0,"enemies":"3 Sentries","floor":8.0,"turns":9.0},{"damage":22,"enemies":"Lagavulin","floor":10,"turns":7},{"damage":8,"enemies":"Replay:BlueRogue","floor":12,"turns":2}],"seed_played":"1948358942487657487","potions_obtained":[{"floor":1.0,"key":"Strength Potion"},{"floor":2.0,"key":"Explosive Potion"},{"floor":10,"key":"DuplicationPotion"},{"floor":11,"key":"LiquidBronze"}],"is_trial":false,"path_per_floor":["M","M","M","$","?","E","R","E","T","E","?","E"],"character_chosen":"IRONCLAD","items_purchased":[],"campfire_rested":0,"item_purchase_floors":[],"current_hp_per_floor":[70,75,74,74,74,62,62,23,23,7,7,0,0],"gold":439,"neow_bonus":"TRANSFORM_CARD","is_daily":false,"chose_seed":false,"campfire_upgraded":1,"win_rate":0.0,"timestamp":1608182306,"path_taken":["M","M","M","$","?","E","R","E","T","E","?","E"],"items_purchased_type":[],"build_version":"2020-12-13","purchased_purges":1,"victory":false,"max_hp_per_floor":[80,80,80,80,80,80,80,80,80,80,80,80,80],"card_choices":[{"not_picked":["Abandon","Headbutt","Replay:Undeath\u0027s Touch"],"picked":"SKIP","floor":1.0},{"not_picked":["Clothesline","Second Wind"],"picked":"Flex","floor":2.0},{"not_picked":["Heavy Blade","Shrug It Off"],"picked":"Armaments","floor":3.0},{"not_picked":["Cleave","Clash","Rampage"],"picked":"SKIP","floor":6.0},{"not_picked":["Rupture","Rampage"],"picked":"Demonic Infusion","floor":8.0},{"not_picked":["Replay:Many Hands","Abandon"],"picked":"Juggernaut","floor":10}],"player_experience":814730,"relics_obtained":[{"floor":6.0,"key":"Art of War"},{"floor":8.0,"key":"Tiny Chest"},{"floor":9.0,"key":"Ancient Tea Set"},{"floor":10,"key":"Oddly Smooth Stone"}],"event_choices":[{"cards_removed":["Defend_R"],"damage_healed":0.0,"max_hp_gain":0.0,"max_hp_loss":0.0,"gold_gain":0.0,"event_name":"The Cleric","player_choice":"Card Removal","floor":5.0,"gold_loss":50.0,"damage_taken":0.0},{"damage_healed":0,"gold_gain":0,"player_choice":"Bought 1 Potion","damage_taken":0,"max_hp_gain":0,"max_hp_loss":0,"event_name":"The Woman in Blue","floor":11,"gold_loss":0}],"is_beta":false,"boss_relics":[],"items_purged_floors":[4],"is_endless":false,"potions_floor_spawned":[1,2,10],"killed_by":"Replay:BlueRogue","ascension_level":11}}