{"host":"b4asi0laiv85suj9","time":1608186006,"event":{"mods":["BaseMod","Minty Spire (QoL Compilation)","MostiFishMod","Relic Stats","StSLib","TestMod","noobMod"],"gold_per_floor":[111,36,36,36,111,141,161,176,231,249,260,285,285,302,302,400,400,411,411,214,227,238,272,272,302,350,368,26,26,26,58,58,156,156,175,49,449,490,490,659,559,594,619,648,681,705,731,831,831,831,831,831,760,795,795],"floor_reached":56,"playtime":2414,"items_purged":["Defend_G","Strike_G","Strike_G","Defend_G"],"score":2812,"play_id":"3563267e-f6ba-4ece-9e16-a78db4d5059d","local_time":"20201217142006","is_ascension_mode":true,"campfire_choices":[{"data":"Coolheaded","floor":13.0,"key":"SMITH"},{"data":"Acrobatics","floor":15.0,"key":"SMITH"},{"data":"MostiFishMod:ElfcollectionBox","floor":24.0,"key":"SMITH"},{"data":"White Noise","floor":30.0,"key":"SMITH"},{"data":"Pommel Strike","floor":32.0,"key":"SMITH"},{"floor":49.0,"key":"RECALL"},{"data":"Blade Dance","floor":52.0,"key":"SMITH"}],"circlet_count":0,"master_deck":["AscendersBane","Strike_G","Strike_G","Strike_G","Defend_G","Defend_G","Defend_G","Survivor","Neutralize","Coolheaded+1","Backflip","White Noise+1","Dash","Acrobatics+1","MostiFishMod:ElfcollectionBox+1","Distraction+1","Blade Dance+1","MostiFishMod:MusicBox+1","Pommel Strike+1","MostiFishMod:Kaleido+1","Fasting2+1","Calculated Gamble+1","Magnetism+1","Hello World"],"relics":["DaveBox","ice","OneHitWonderSystem","testmod-BlackFramedGlasses","White Beast Statue","Question Card","PrismaticShard","Blood Vial","Centennial Puzzle","Potion Belt","ImportantClient","Coffee Dripper","BrkXgEgg","testmod-Antiphasic","Bag of Marbles","Question Card","Omamori","testmod-IncinerationGenerator","Membership Card","CeramicFish","Smiling Mask","testmod-AssaultLearning","testmod-LifeArmor","Nunchaku","Du-Vu Doll"],"acts_visited":["Exordium","TheCity","TheBeyond","TheEnding"],"potions_floor_usage":[55,55,55],"damage_taken":[{"damage":0.0,"enemies":"Cultist","floor":1.0,"turns":4.0},{"damage":0.0,"enemies":"Gremlin Nob","floor":6.0,"turns":4.0},{"damage":0.0,"enemies":"2 Louse","floor":7.0,"turns":2.0},{"damage":0.0,"enemies":"Jaw Worm","floor":8.0,"turns":3.0},{"damage":0.0,"enemies":"Looter","floor":10.0,"turns":3.0},{"damage":0.0,"enemies":"Exordium Thugs","floor":11.0,"turns":4.0},{"damage":0.0,"enemies":"Lagavulin","floor":12.0,"turns":4.0},{"damage":0.0,"enemies":"2 Fungi Beasts","floor":14.0,"turns":3.0},{"damage":0.0,"enemies":"The Guardian","floor":16.0,"turns":10.0},{"damage":0.0,"enemies":"2 Thieves","floor":18.0,"turns":3.0},{"damage":0.0,"enemies":"Spheric Guardian","floor":21.0,"turns":3.0},{"damage":0.0,"enemies":"Snecko","floor":22.0,"turns":6.0},{"damage":0.0,"enemies":"Book of Stabbing","floor":23.0,"turns":4.0},{"damage":0.0,"enemies":"Gremlin Leader","floor":25.0,"turns":2.0},{"damage":0.0,"enemies":"Centurion and Healer","floor":27.0,"turns":2.0},{"damage":0.0,"enemies":"Book of Stabbing","floor":31.0,"turns":3.0},{"damage":0.0,"enemies":"Champ","floor":33.0,"turns":4.0},{"damage":0.0,"enemies":"3 Darklings","floor":35.0,"turns":3.0},{"damage":0.0,"enemies":"3 Shapes","floor":38.0,"turns":2.0},{"damage":0.0,"enemies":"Giant Head","floor":40.0,"turns":3.0},{"damage":0.0,"enemies":"Reptomancer","floor":42.0,"turns":2.0},{"damage":0.0,"enemies":"Maw","floor":44.0,"turns":4.0},{"damage":0.0,"enemies":"Giant Head","floor":45.0,"turns":1.0},{"damage":0.0,"enemies":"4 Shapes","floor":46.0,"turns":2.0},{"damage":0.0,"enemies":"Nemesis","floor":47.0,"turns":3.0},{"damage":0.0,"enemies":"Donu and Deca","floor":50.0,"turns":3.0},{"damage":0.0,"enemies":"Shield and Spear","floor":54.0,"turns":3.0},{"damage":0,"enemies":"The Heart","floor":55,"turns":4}],"seed_played":"-2556407769418101017","potions_obtained":[{"floor":1.0,"key":"SpeedPotion"},{"floor":6.0,"key":"Strength Potion"},{"floor":7.0,"key":"FearPotion"},{"floor":11.0,"key":"PowerPotion"},{"floor":12.0,"key":"Regen Potion"},{"floor":14.0,"key":"SteroidPotion"},{"floor":21.0,"key":"LiquidMemories"},{"floor":27.0,"key":"DuplicationPotion"}],"is_trial":false,"path_per_floor":["M","$","$","?","?","E","M","M","T","M","M","E","R","M","R","B",null,"M","?","$","M","M","E","R","E","T","M","$","?","R","E","R","B",null,"M","$","?","M","?","E","$","E","T","M","E","M","E","?","R","B",null,"R","$","E","B",null],"character_chosen":"THE_SILENT","items_purchased":["BrkXgEgg","Question Card","MostiFishMod:MusicBox+1","Membership Card","Strength Potion"],"campfire_rested":0,"item_purchase_floors":[20,28,28,36,53],"current_hp_per_floor":[1,1,1,1,1,3,2,2,1,3,4,3,1,3,1,8,1,3,6,1,2,5,4,1,2,1,2,1,1,1,3,1,4,1,3,1,1,2,1,1,1,1,1,1,1,1,1,1,1,1,1,1,1,1,1],"gold":795,"neow_bonus":"BOSS_RELIC","is_daily":false,"chose_seed":false,"campfire_upgraded":6,"win_rate":0.0,"timestamp":1608186006,"path_taken":["M","?","$","?","?","E","M","M","T","M","M","E","R","M","R","BOSS","M","?","$","M","M","E","R","E","T","M","$","?","R","E","R","BOSS","M","$","?","M","?","E","$","E","T","?","E","M","E","?","R","BOSS","R","$","E","BOSS"],"items_purchased_type":["Relic","Relic","Card","Relic","Potion"],"build_version":"2020-12-13","purchased_purges":4,"victory":true,"max_hp_per_floor":[1,1,1,1,1,3,2,2,1,3,4,3,1,3,1,23,1,4,6,1,2,5,7,1,4,1,2,1,1,1,6,1,4,1,4,1,1,6,1,1,1,1,1,1,1,1,1,1,1,1,1,1,1,1,1],"relic_stats":{"Blood Vial":0,"Centennial Puzzle":[0],"Nunchaku":[4],"counters":[28,94],"CeramicFish":36,"Question Card":36,"Smiling Mask":25,"obtain_stats":[{"DaveBox":0,"CeramicFish":40,"testmod-IncinerationGenerator":34,"testmod-LifeArmor":45,"ice":0,"PrismaticShard":1,"Smiling Mask":42,"testmod-BlackFramedGlasses":0,"Blood Vial":6,"Centennial Puzzle":9,"Nunchaku":47,"OneHitWonderSystem":0,"Ring of the Snake":0,"ImportantClient":16,"Potion Belt":12,"testmod-TestBox":0,"BrkXgEgg":20,"Omamori":31,"Question Card":1,"White Beast Statue":0,"Du-Vu Doll":54,"testmod-Antiphasic":23,"testmod-AssaultLearning":43,"Coffee Dripper":17,"Bag of Marbles":25,"Membership Card":36},{"DaveBox":0,"CeramicFish":20,"testmod-IncinerationGenerator":17,"testmod-LifeArmor":23,"ice":0,"PrismaticShard":1,"Smiling Mask":21,"testmod-BlackFramedGlasses":0,"Blood Vial":2,"Centennial Puzzle":4,"Nunchaku":25,"OneHitWonderSystem":0,"Ring of the Snake":0,"ImportantClient":9,"Potion Belt":7,"testmod-TestBox":0,"BrkXgEgg":10,"Omamori":16,"Question Card":1,"White Beast Statue":0,"Du-Vu Doll":27,"testmod-Antiphasic":13,"testmod-AssaultLearning":21,"Coffee Dripper":9,"Bag of Marbles":14,"Membership Card":18},{"DaveBox":0,"CeramicFish":72,"testmod-IncinerationGenerator":64,"testmod-LifeArmor":79,"ice":0,"PrismaticShard":4,"Smiling Mask":74,"testmod-BlackFramedGlasses":0,"Blood Vial":8,"Centennial Puzzle":13,"Nunchaku":84,"OneHitWonderSystem":0,"Ring of the Snake":0,"ImportantClient":37,"Potion Belt":24,"testmod-TestBox":0,"BrkXgEgg":40,"Omamori":60,"Question Card":4,"White Beast Statue":0,"Du-Vu Doll":90,"testmod-Antiphasic":53,"testmod-AssaultLearning":74,"Coffee Dripper":37,"Bag of Marbles":55,"Membership Card":67}]},"card_choices":[{"not_picked":["Bane","Concentrate","Sucker Punch"],"picked":"SKIP","floor":1.0},{"not_picked":["Consecrate","Hologram","Eviscerate"],"picked":"Coolheaded","floor":6.0},{"not_picked":["Redo","Havoc","Quick Slash"],"picked":"Backflip","floor":7.0},{"not_picked":["Capacitor","Barrage","True Grit"],"picked":"White Noise","floor":8.0},{"not_picked":["Rip and Tear","MostiFishMod:PreservedThorns","MostiFishMod:InvigoratingSolution"],"picked":"Dash","floor":10.0},{"not_picked":["Combust","PathToVictory","WaveOfTheHand","Tactician"],"picked":"SKIP","floor":11.0},{"not_picked":["FTL","Self Repair","MostiFishMod:Adaptation","Turbo"],"picked":"SKIP","floor":12.0},{"not_picked":["Quick Slash","Sentinel","Deadly Poison"],"picked":"Acrobatics","floor":14.0},{"not_picked":["Devotion","Offering","SpiritShield"],"picked":"MostiFishMod:ElfcollectionBox","floor":16.0},{"not_picked":["Turbo","Intimidate","Protect","Hemokinesis+1"],"picked":"SKIP","floor":18.0},{"not_picked":["Underhanded Strike+1","Deadly Poison","Poisoned Stab+1"],"picked":"Distraction+1","floor":21.0},{"not_picked":["Stack","Catalyst","Perseverance+1","Backflip+1"],"picked":"SKIP","floor":22.0},{"not_picked":["Blur+1","Blasphemy+1","testmod-TemporaryDeletion"],"picked":"Blade Dance","floor":23.0},{"not_picked":["Metallicize","Defragment","Protect","MentalFortress"],"picked":"SKIP","floor":25.0},{"not_picked":["Flex","FearNoEvil","Anger","Bloodletting"],"picked":"SKIP","floor":27.0},{"not_picked":["Rupture","Flying Knee","testmod-Mystery","Tools of the Trade+1"],"picked":"Pommel Strike","floor":31.0},{"not_picked":["Devotion+1","MostiFishMod:FlowState+1","Omniscience+1","Fission+1"],"picked":"MostiFishMod:Kaleido+1","floor":33.0},{"not_picked":["Evaluate+1","FollowUp+1","Metallicize+1","Coolheaded","Hello World+1"],"picked":"SKIP","floor":35.0},{"not_picked":["Clash+1","Poisoned Stab","Sword Boomerang","Bloodletting+1","CarveReality"],"picked":"SKIP","floor":38.0},{"not_picked":["Double Energy+1","Outmaneuver+1","Adaptation+1","Gash"],"picked":"Fasting2+1","floor":40.0},{"not_picked":["EmptyBody","Thunderclap","Bandage Up+1","SpiritShield+1","Leg Sweep+1"],"picked":"SKIP","floor":42.0},{"not_picked":["MostiFishMod:PerfectParry","FollowUp+1","Self Repair","MostiFishMod:FrostNova"],"picked":"Calculated Gamble+1","floor":44.0},{"not_picked":["Anger","Calculated Gamble+1","Wild Strike","Feel No Pain","Compile Driver"],"picked":"SKIP","floor":45.0},{"not_picked":["ReachHeaven","Crippling Poison","MostiFishMod:PerfectParry","Steam Power+1"],"picked":"Magnetism+1","floor":46.0},{"not_picked":["Tactician","Leap+1","Lockon+1","Halt+1","MostiFishMod:ThornCasing"],"picked":"SKIP","floor":47.0},{"not_picked":["Darkness+1","Hologram+1","Body Slam+1","Pommel Strike"],"picked":"Hello World","floor":54.0}],"player_experience":186477,"relics_obtained":[{"floor":1.0,"key":"Question Card"},{"floor":1.0,"key":"PrismaticShard"},{"floor":6.0,"key":"Blood Vial"},{"floor":9.0,"key":"Centennial Puzzle"},{"floor":12.0,"key":"Potion Belt"},{"floor":16.0,"key":"ImportantClient"},{"floor":23.0,"key":"testmod-Antiphasic"},{"floor":25.0,"key":"Bag of Marbles"},{"floor":31.0,"key":"Omamori"},{"floor":40.0,"key":"CeramicFish"},{"floor":42.0,"key":"Smiling Mask"},{"floor":43.0,"key":"testmod-AssaultLearning"},{"floor":45.0,"key":"testmod-LifeArmor"},{"floor":47.0,"key":"Nunchaku"},{"floor":54.0,"key":"Du-Vu Doll"}],"event_choices":[{"damage_healed":0.0,"max_hp_gain":0.0,"max_hp_loss":0.0,"gold_gain":0.0,"event_name":"Liars Game","player_choice":"Ignored","floor":4.0,"gold_loss":0.0,"damage_taken":0.0},{"damage_healed":0.0,"max_hp_gain":0.0,"max_hp_loss":0.0,"gold_gain":75.0,"event_name":"World of Goop","player_choice":"Gather Gold","floor":5.0,"gold_loss":0.0,"damage_taken":11.0},{"damage_healed":0.0,"max_hp_gain":5.0,"max_hp_loss":0.0,"gold_gain":0.0,"event_name":"Forgotten Altar","player_choice":"Shed Blood","floor":19.0,"gold_loss":0.0,"damage_taken":0.0},{"damage_healed":0.0,"max_hp_gain":0.0,"max_hp_loss":0.0,"gold_gain":0.0,"event_name":"Vampires","player_choice":"Ignored","floor":29.0,"gold_loss":0.0,"damage_taken":0.0},{"damage_healed":0.0,"max_hp_gain":0.0,"max_hp_loss":0.0,"gold_gain":400.0,"event_name":"¶÷ÂåË¹µÄÅÌ×Ó","player_choice":"Sell","floor":37.0,"relics_lost":["testmod-TestBox"],"gold_loss":0.0,"damage_taken":0.0},{"damage_healed":0.0,"max_hp_gain":0.0,"max_hp_loss":0.0,"gold_gain":0.0,"event_name":"Duplicator","player_choice":"Ignored","floor":39.0,"gold_loss":0.0,"damage_taken":0.0},{"damage_healed":0.0,"max_hp_gain":0.0,"max_hp_loss":0.0,"gold_gain":100.0,"event_name":"Golden Shrine","player_choice":"Pray","floor":48.0,"gold_loss":0.0,"damage_taken":0.0}],"is_beta":false,"boss_relics":[{"not_picked":["HoveringKite","JellyFishMachine"],"picked":"Coffee Dripper"},{"not_picked":["TakeMeEscape","testmod-Fanaticism"],"picked":"testmod-IncinerationGenerator"}],"items_purged_floors":[2,20,41,53],"is_endless":false,"potions_floor_spawned":[1,6,7,8,10,11,12,14,16,18,21,22,23,25,27,31,33,35,38,40,42,44,45,46,47,54],"ascension_level":11}}