{"host":"ci7ivtocgfxh0ueo","time":1608182062,"event":{"mods":["BaseMod","GifTheSpireLib","Minty Spire (QoL Compilation)","StSLib"],"gold_per_floor":[115,171,195,195,214,214,244,257,281,307,307,307,322,322,322,322,322],"floor_reached":16,"playtime":303,"items_purged":[],"score":246,"play_id":"bac4ad7e-8551-4aad-bf8b-25b59a37575e","local_time":"20201217131422","is_ascension_mode":true,"campfire_choices":[{"data":"Neutralize","floor":6,"key":"SMITH"},{"data":"Crippling Poison","floor":11,"key":"SMITH"},{"floor":15,"key":"REST"}],"circlet_count":0,"master_deck":["AscendersBane","Strike_G","Strike_G","Strike_G","Defend_G","Defend_G","Defend_G","Defend_G","Survivor","Neutralize+1","Masterful Stab","Burst","Poisoned Stab","Blur","Sucker Punch","Crippling Poison+1","Burst","Tools of the Trade"],"relics":["Ring of the Snake","NeowsBlessing","Oddly Smooth Stone","Matryoshka","Omamori","Bag of Marbles","MealTicket"],"acts_visited":["Exordium"],"potions_floor_usage":[10,10,16],"damage_taken":[{"damage":0,"enemies":"2 Louse","floor":1,"turns":1},{"damage":0,"enemies":"Jaw Worm","floor":5,"turns":1},{"damage":0,"enemies":"3 Sentries","floor":7,"turns":1},{"damage":0,"enemies":"Small Slimes","floor":8,"turns":3},{"damage":15,"enemies":"Lagavulin","floor":10,"turns":5},{"damage":9,"enemies":"Exordium Wildlife","floor":13,"turns":3},{"damage":61,"enemies":"Slime Boss","floor":16,"turns":11}],"seed_played":"-4476033540978870422","potions_obtained":[{"floor":1,"key":"Swift Potion"},{"floor":8,"key":"AttackPotion"},{"floor":10,"key":"FearPotion"}],"is_trial":false,"path_per_floor":["M","?","T","?","M","R","E","M","T","E","R","?","M","?","R","B"],"character_chosen":"THE_SILENT","items_purchased":[],"campfire_rested":1,"item_purchase_floors":[],"current_hp_per_floor":[59,59,59,59,59,59,59,59,59,44,44,44,35,35,54,0,0],"gold":322,"neow_bonus":"THREE_ENEMY_KILL","is_daily":false,"chose_seed":false,"campfire_upgraded":2,"win_rate":0.0,"timestamp":1608182062,"path_taken":["M","?","?","?","?","R","E","M","T","E","R","?","?","?","R","BOSS"],"items_purchased_type":[],"build_version":"2020-12-13","purchased_purges":0,"victory":false,"max_hp_per_floor":[66,66,66,66,66,66,66,66,66,66,66,66,66,66,66,66,66],"card_choices":[{"not_picked":["Setup","Infinite Blades"],"picked":"Masterful Stab","floor":1},{"not_picked":["Slice","Dodge and Roll"],"picked":"Poisoned Stab","floor":5},{"not_picked":["Underhanded Strike","Cloak And Dagger"],"picked":"Blur","floor":7},{"not_picked":["Blade Dance","Slice"],"picked":"Sucker Punch","floor":8},{"not_picked":["Bane","Acrobatics"],"picked":"Crippling Poison","floor":10},{"not_picked":["Slice","Endless Agony"],"picked":"Tools of the Trade","floor":13}],"player_experience":1264850,"relics_obtained":[{"floor":3,"key":"Oddly Smooth Stone"},{"floor":7,"key":"Matryoshka"},{"floor":9,"key":"Omamori"},{"floor":9,"key":"Bag of Marbles"},{"floor":10,"key":"MealTicket"}],"event_choices":[{"damage_healed":0,"gold_gain":56,"player_choice":"Gained Gold","damage_taken":0,"max_hp_gain":0,"max_hp_loss":0,"event_name":"Golden Wing","floor":2,"gold_loss":0},{"damage_healed":0,"gold_gain":0,"cards_transformed":["Strike_G"],"player_choice":"Change","damage_taken":0,"max_hp_gain":0,"max_hp_loss":0,"event_name":"Living Wall","floor":4,"gold_loss":0,"cards_obtained":["Burst"]},{"damage_healed":0,"gold_gain":0,"cards_transformed":["Strike_G"],"player_choice":"Transformed","damage_taken":0,"max_hp_gain":0,"max_hp_loss":0,"event_name":"Transmorgrifier","floor":12,"gold_loss":0,"cards_obtained":["Burst"]},{"cards_removed":["Defend_G"],"damage_healed":0,"gold_gain":0,"player_choice":"Purged","damage_taken":0,"max_hp_gain":0,"max_hp_loss":0,"event_name":"Purifier","floor":14,"gold_loss":0}],"is_beta":false,"boss_relics":[],"items_purged_floors":[],"is_endless":false,"potions_floor_spawned":[1,8,10],"killed_by":"Slime Boss","ascension_level":17}}