{"host":"bq4pt811tk9yrmjl","time":1608230778,"event":{"mods":["AchievementEnabler","BaseMod","Colored Map","Colored Powertips","Defuse TimeMaze Blight","Minty Spire (QoL Compilation)","StSLib","SuperFastMode","UnlockEverythingMod"],"gold_per_floor":[110,63,163,14,14,14,45,45,70,97,114,114,34,53,53,156,206,222,222,321,321,331,331,347,375,402,414,426,488,500,512,524,536,536],"floor_reached":33,"playtime":481,"items_purged":[],"score":280,"play_id":"ea6a2515-be04-4a7f-96da-ce676af2f6af","local_time":"20201217164618","is_ascension_mode":true,"campfire_choices":[{"data":"Zap","floor":6,"key":"SMITH"},{"floor":8,"key":"REST"},{"floor":12,"key":"REST"},{"data":"Storm","floor":15,"key":"SMITH"},{"data":"Defragment","floor":23,"key":"SMITH"},{"floor":28,"key":"REST"},{"floor":30,"key":"REST"},{"floor":32,"key":"REST"}],"circlet_count":0,"master_deck":["Strike_B+1","Strike_B","Strike_B","Strike_B+1","Defend_B","Defend_B","Defend_B","Defend_B","Zap+1","Dualcast","Ball Lightning+1","Beam Cell+1","Conserve Battery","Defragment+1","Storm+1","Electrodynamics","BootSequence","Streamline+1"],"relics":["Cracked Core","Juzu Bracelet","MealTicket","Cables","Molten Egg 2","Tiny House","MutagenicStrength","Whetstone","MawBank","Smiling Mask"],"acts_visited":["Exordium","TheCity"],"potions_floor_usage":[7,16,18,18],"damage_taken":[{"damage":6,"enemies":"Jaw Worm","floor":1,"turns":4},{"damage":30,"enemies":"Gremlin Nob","floor":7,"turns":4},{"damage":21,"enemies":"Lagavulin","floor":10,"turns":6},{"damage":0,"enemies":"Cultist","floor":11,"turns":2},{"damage":0,"enemies":"2 Louse","floor":14,"turns":2},{"damage":12,"enemies":"The Guardian","floor":16,"turns":9},{"damage":3,"enemies":"2 Thieves","floor":18,"turns":3},{"damage":15,"enemies":"Shell Parasite","floor":22,"turns":5},{"damage":9,"enemies":"Centurion and Healer","floor":24,"turns":6},{"damage":41,"enemies":"Book of Stabbing","floor":25,"turns":5},{"damage":63,"enemies":"Champ","floor":33,"turns":7}],"seed_played":"-2764340404376134931","potions_obtained":[{"floor":1,"key":"DuplicationPotion"},{"floor":11,"key":"FearPotion"},{"floor":14,"key":"Swift Potion"},{"floor":16,"key":"ColorlessPotion"},{"floor":17,"key":"BlessingOfTheForge"}],"is_trial":false,"path_per_floor":["M","$","?","$","?","R","E","R","T","E","M","R","$","M","R","B",null,"M","?","?","?","M","R","M","E","T","?","R","T","R","?","R","B"],"character_chosen":"DEFECT","items_purchased":["Ball Lightning","MealTicket","Defragment"],"campfire_rested":5,"item_purchase_floors":[2,4,13],"current_hp_per_floor":[69,69,69,69,69,69,39,61,61,40,40,62,75,75,75,63,80,77,77,77,77,62,62,53,12,12,12,36,36,60,45,70,7,7],"gold":536,"neow_bonus":"RANDOM_COMMON_RELIC","is_daily":false,"chose_seed":false,"campfire_upgraded":3,"win_rate":0.0,"timestamp":1608230778,"path_taken":["M","$","?","?","?","R","E","R","T","E","M","R","$","M","R","BOSS","M","?","?","?","M","R","M","E","T","?","R","?","R","?","R","BOSS"],"items_purchased_type":["Card","Relic","Card"],"build_version":"2020-12-13","purchased_purges":0,"victory":false,"max_hp_per_floor":[75,75,75,75,75,75,75,75,75,75,75,75,75,75,75,75,80,80,80,80,80,80,80,80,80,80,80,80,80,80,85,85,85,85],"card_choices":[{"not_picked":["Consume","Lockon","Stack"],"picked":"SKIP","floor":1},{"not_picked":["Redo","Glacier","Gash"],"picked":"SKIP","floor":7},{"not_picked":["Conserve Battery","Cold Snap+1"],"picked":"Beam Cell+1","floor":10},{"not_picked":["Rainbow","Turbo"],"picked":"Conserve Battery","floor":11},{"not_picked":["Reprogram","Static Discharge"],"picked":"Storm","floor":14},{"not_picked":["Meteor Strike+1","Machine Learning"],"picked":"Electrodynamics","floor":16},{"not_picked":["Gash+1","Leap"],"picked":"BootSequence","floor":17},{"not_picked":["Beam Cell+1","Reinforced Body"],"picked":"Streamline+1","floor":18},{"not_picked":["Coolheaded","Double Energy","Force Field"],"picked":"SKIP","floor":22},{"not_picked":["Undo","Chill","Stack"],"picked":"SKIP","floor":24},{"not_picked":["Darkness","Blizzard+1","Gash+1"],"picked":"SKIP","floor":25}],"player_experience":62765,"relics_obtained":[{"floor":7,"key":"Cables"},{"floor":10,"key":"Molten Egg 2"},{"floor":25,"key":"Whetstone"},{"floor":26,"key":"MawBank"},{"floor":29,"key":"Smiling Mask"}],"event_choices":[{"damage_healed":0,"gold_gain":100,"player_choice":"Pray","damage_taken":0,"max_hp_gain":0,"max_hp_loss":0,"event_name":"Golden Shrine","floor":3,"gold_loss":0},{"damage_healed":0,"gold_gain":0,"player_choice":"Ignored","damage_taken":0,"max_hp_gain":0,"max_hp_loss":0,"event_name":"Liars Game","floor":5,"gold_loss":0},{"damage_healed":0,"gold_gain":0,"player_choice":"Ignored","damage_taken":0,"max_hp_gain":0,"max_hp_loss":0,"event_name":"Ghosts","floor":19,"gold_loss":0},{"damage_healed":0,"gold_gain":99,"player_choice":"Stole From Cult","damage_taken":0,"max_hp_gain":0,"max_hp_loss":0,"event_name":"Nest","floor":20,"gold_loss":0},{"damage_healed":0,"gold_gain":0,"player_choice":"Inject Mutagens","damage_taken":0,"relics_obtained":["MutagenicStrength"],"max_hp_gain":0,"max_hp_loss":0,"event_name":"Drug Dealer","floor":21,"gold_loss":0},{"damage_healed":0,"gold_gain":0,"player_choice":"Ignored","damage_taken":0,"max_hp_gain":0,"max_hp_loss":0,"event_name":"Cursed Tome","floor":27,"gold_loss":0},{"damage_healed":0,"gold_gain":0,"player_choice":"Shed Blood","damage_taken":20,"max_hp_gain":5,"max_hp_loss":0,"event_name":"Forgotten Altar","floor":31,"gold_loss":0}],"is_beta":false,"boss_relics":[{"not_picked":["Black Star","Ectoplasm"],"picked":"Tiny House"}],"items_purged_floors":[],"is_endless":false,"potions_floor_spawned":[1,11,14,16],"killed_by":"Champ","ascension_level":1}}