{"host":"dhtsztdrodo5dm3z","time":1608194984,"event":{"mods":["BaseMod","Hermit","Minty Spire (QoL Compilation)","StSLib"],"gold_per_floor":[217,217,217,234,251,251,270,282,330,330,93,93,107,125,125,227,227,243,168,185,185,205,238,238,153,180,211,227,261,271,285,285,390,390,390,390],"floor_reached":35,"playtime":1732,"items_purged":["Strike_R"],"score":461,"play_id":"b3cf5ff4-c4da-489b-9b50-2846b50531c2","local_time":"20201217164944","is_ascension_mode":false,"campfire_choices":[{"data":"Armaments","floor":6.0,"key":"SMITH"},{"data":"Flame Barrier","floor":10.0,"key":"SMITH"},{"data":"Limit Break","floor":12.0,"key":"SMITH"},{"data":"Inflame","floor":15.0,"key":"SMITH"},{"floor":32.0,"key":"RECALL"}],"circlet_count":0,"master_deck":["Strike_R+1","Strike_R","Strike_R+1","Defend_R","Defend_R","Defend_R","Defend_R","Bash","Thunderclap","Strike_B","Flame Barrier+1","Armaments+1","Spot Weakness","Limit Break+1","Inflame+1","Double Tap","Shrug It Off+1","Reaper","Battle Trance+1","Body Slam+1","Offering"],"relics":["Burning Blood","Vajra","Velvet Choker","Gremlin Horn","Orichalcum","Question Card","Red Skull","Coffee Dripper"],"acts_visited":["TheBeyond"],"potions_floor_usage":[],"damage_taken":[{"damage":0.0,"enemies":"2 Louse","floor":1.0,"turns":2.0},{"damage":2.0,"enemies":"Small Slimes","floor":4.0,"turns":4.0},{"damage":6.0,"enemies":"Cultist","floor":5.0,"turns":3.0},{"damage":11.0,"enemies":"2 Fungi Beasts","floor":7.0,"turns":4.0},{"damage":0.0,"enemies":"Looter","floor":8.0,"turns":4.0},{"damage":11.0,"enemies":"Exordium Wildlife","floor":13.0,"turns":3.0},{"damage":11.0,"enemies":"Large Slime","floor":14.0,"turns":6.0},{"damage":35.0,"enemies":"Slime Boss","floor":16.0,"turns":9.0},{"damage":0.0,"enemies":"Shell Parasite","floor":18.0,"turns":3.0},{"damage":5.0,"enemies":"Spheric Guardian","floor":20.0,"turns":5.0},{"damage":11.0,"enemies":"Snake Plant","floor":22.0,"turns":3.0},{"damage":46.0,"enemies":"Gremlin Leader","floor":23.0,"turns":6.0},{"damage":13.0,"enemies":"Slavers","floor":27.0,"turns":3.0},{"damage":9.0,"enemies":"Cultist and Chosen","floor":28.0,"turns":4.0},{"damage":14.0,"enemies":"Gremlin Leader","floor":29.0,"turns":5.0},{"damage":9.0,"enemies":"Snecko","floor":30.0,"turns":3.0},{"damage":5.0,"enemies":"Chosen and Byrds","floor":31.0,"turns":4.0},{"damage":0.0,"enemies":"Automaton","floor":33.0,"turns":6.0},{"damage":0,"enemies":"3 Shapes","floor":35,"turns":1}],"seed_played":"1259230390455717251","potions_obtained":[{"floor":1.0,"key":"Swift Potion"},{"floor":7.0,"key":"LiquidMemories"},{"floor":8.0,"key":"BlessingOfTheForge"},{"floor":28.0,"key":"Fruit Juice"},{"floor":29.0,"key":"Swift Potion"},{"floor":33.0,"key":"PowerPotion"}],"is_trial":false,"path_per_floor":["M","?","?","M","M","R","M","M","T","R","$","R","M","M","R","B",null,"M","$","M","?","M","E","?","?","T","E","M","E","M","M","R","B",null,"M"],"character_chosen":"IRONCLAD","items_purchased":["Limit Break","Inflame"],"campfire_rested":0,"item_purchase_floors":[11,11],"current_hp_per_floor":[80,64,64,68,68,68,63,69,69,69,69,69,64,59,59,30,80,80,80,80,65,60,20,20,20,20,40,42,63,78,90,90,90,90,90,90],"gold":390,"neow_bonus":"HUNDRED_GOLD","is_daily":false,"chose_seed":false,"campfire_upgraded":4,"win_rate":0.0,"timestamp":1608194984,"path_taken":["M","?","?","M","M","R","M","M","T","R","?","R","M","M","R","BOSS","M","$","M","?","M","E","?","?","T","E","M","E","M","M","R","BOSS","M"],"items_purchased_type":["Card","Card"],"build_version":"2020-12-13","purchased_purges":1,"victory":false,"max_hp_per_floor":[80,80,80,80,80,80,80,80,80,80,80,80,80,80,80,80,80,80,80,80,85,85,85,85,85,85,85,90,90,90,90,90,90,90,90,90],"card_choices":[{"not_picked":["Ghostly Armor","Metallicize"],"picked":"Thunderclap","floor":1.0},{"not_picked":["Spot Weakness","Rage"],"picked":"Flame Barrier","floor":4.0},{"not_picked":["Burning Pact","Havoc"],"picked":"Armaments","floor":5.0},{"not_picked":["Warcry","Clash"],"picked":"Spot Weakness","floor":7.0},{"not_picked":["Clash","Entrench","Power Through"],"picked":"SKIP","floor":8.0},{"not_picked":["Armaments","Clash","True Grit"],"picked":"SKIP","floor":13.0},{"not_picked":["Entrench","Sword Boomerang","Flex"],"picked":"SKIP","floor":14.0},{"not_picked":["Juggernaut","Berserk"],"picked":"Double Tap","floor":16.0},{"not_picked":["Hemokinesis","Thunderclap","Clothesline"],"picked":"SKIP","floor":18.0},{"not_picked":["Havoc","Clothesline+1","Twin Strike"],"picked":"SKIP","floor":20.0},{"not_picked":["Seeing Red","Body Slam"],"picked":"Shrug It Off+1","floor":22.0},{"not_picked":["Rampage","Double Tap"],"picked":"Reaper","floor":23.0},{"not_picked":["Metallicize","Twin Strike+1","Iron Wave"],"picked":"SKIP","floor":27.0},{"not_picked":["Armaments","Shrug It Off","Feed"],"picked":"Battle Trance+1","floor":28.0},{"not_picked":["Rupture+1","Armaments","Twin Strike+1"],"picked":"Body Slam+1","floor":29.0},{"not_picked":["Cleave","Hemokinesis+1","Clothesline","Combust"],"picked":"SKIP","floor":30.0},{"not_picked":["Rage","Flex","Anger+1","Cleave"],"picked":"SKIP","floor":31.0},{"not_picked":["Berserk","Corruption","Bludgeon"],"picked":"Offering","floor":33.0}],"player_experience":435740,"relics_obtained":[{"floor":9.0,"key":"Vajra"},{"floor":23.0,"key":"Gremlin Horn"},{"floor":27.0,"key":"Question Card"},{"floor":29.0,"key":"Red Skull"}],"event_choices":[{"damage_healed":0.0,"max_hp_gain":0.0,"max_hp_loss":0.0,"gold_gain":0.0,"event_name":"Shining Light","player_choice":"Entered Light","floor":2.0,"gold_loss":0.0,"damage_taken":16.0,"cards_upgraded":["Strike_R","Strike_R"]},{"cards_removed":["Strike_R"],"damage_healed":0.0,"max_hp_gain":0.0,"max_hp_loss":0.0,"gold_gain":0.0,"event_name":"NoteForYourself","player_choice":"Took Card","floor":3.0,"gold_loss":0.0,"damage_taken":0.0,"cards_obtained":["Strike_B"]},{"damage_healed":0.0,"max_hp_gain":5.0,"max_hp_loss":0.0,"gold_gain":0.0,"event_name":"Forgotten Altar","player_choice":"Shed Blood","floor":21.0,"gold_loss":0.0,"damage_taken":20.0},{"damage_healed":0.0,"max_hp_gain":0.0,"max_hp_loss":0.0,"gold_gain":0.0,"event_name":"Vampires","player_choice":"Ignored","floor":24.0,"gold_loss":0.0,"damage_taken":0.0},{"damage_healed":0.0,"max_hp_gain":0.0,"max_hp_loss":0.0,"gold_gain":0.0,"event_name":"Addict","player_choice":"Obtained Relic","floor":25.0,"gold_loss":85.0,"damage_taken":0.0,"relics_obtained":["Orichalcum"]}],"is_beta":false,"boss_relics":[{"not_picked":["Pandora\u0027s Box","Runic Dome"],"picked":"Velvet Choker"},{"not_picked":["Mark of Pain","Philosopher\u0027s Stone"],"picked":"Coffee Dripper"}],"items_purged_floors":[19],"is_endless":false,"potions_floor_spawned":[1,7,8,14,20,22,28,29,33],"killed_by":"3 Shapes","ascension_level":0}}