{"host":"0jile2yd1dg679g0","time":1608175982,"event":{"mods":["AchievementEnabler","BaseMod","Better Third Choice","Colored Map","Colored Powertips","Minty Spire (QoL Compilation)","Prisma Mod","Random Character Button","Spicy Shops","StSLib","Transform Curses","Waifu the Spire","WarShipGirlsR/????R mod"],"gold_per_floor":[113,113,113,44,59,59,59,94,94,94,107,126,126,200,200,303,353,366,386,461,68,80,80,2,2,2,20,39,39,138,138,138],"floor_reached":31,"playtime":1751,"items_purged":[],"score":268,"play_id":"860b8ce0-6082-47bb-8b6d-7ad4c71b3ef2","local_time":"20201216223302","is_ascension_mode":true,"campfire_choices":[{"data":"Phantasmal Killer","floor":6,"key":"SMITH"},{"data":"Blade Dance","floor":10,"key":"SMITH"},{"floor":13,"key":"REST"},{"data":"Infinite Blades","floor":15,"key":"SMITH"},{"floor":23,"key":"REST"},{"data":"Choke","floor":25,"key":"SMITH"}],"circlet_count":0,"master_deck":["Strike_G","Strike_G","Defend_G","Defend_G","Defend_G","Defend_G","Survivor","Neutralize+1","Accuracy+1","Bane+1","Poisoned Stab+1","Blade Dance+1","Phantasmal Killer+1","Backstab","Infinite Blades+1","Dash","Die Die Die","Corpse Explosion","Slice","Prepared+1","Infinite Blades","Accuracy","Choke+1","Terror","Bullet Time"],"relics":["Astrolabe","Matryoshka","Anchor","Darkstone Periapt","Blue Candle","Eternal Feather","Tiny House","Kunai","Toolbox","Tiny Chest"],"acts_visited":["Exordium","TheCity"],"potions_floor_usage":[22,28,28,31,31],"damage_taken":[{"damage":4,"enemies":"Jaw Worm","floor":1,"turns":3},{"damage":0,"enemies":"Cultist","floor":5,"turns":2},{"damage":14,"enemies":"3 Sentries","floor":8,"turns":6},{"damage":0,"enemies":"Small Slimes","floor":11,"turns":2},{"damage":8,"enemies":"Blue Slaver","floor":12,"turns":3},{"damage":31,"enemies":"Hexaghost","floor":16,"turns":5},{"damage":0,"enemies":"Chosen","floor":18,"turns":3},{"damage":18,"enemies":"2 Thieves","floor":19,"turns":3},{"damage":17,"enemies":"Centurion and Healer","floor":22,"turns":5},{"damage":18,"enemies":"Snake Plant","floor":27,"turns":4},{"damage":33,"enemies":"Sentry and Sphere","floor":28,"turns":4},{"damage":30,"enemies":"Slavers","floor":31,"turns":2}],"seed_played":"1724764487700342269","potions_obtained":[{"floor":8,"key":"BlessingOfTheForge"},{"floor":12,"key":"SkillPotion"},{"floor":17,"key":"Swift Potion"},{"floor":27,"key":"Poison Potion"},{"floor":28,"key":"ColorlessPotion"}],"is_trial":false,"path_per_floor":["M","$","?","$","M","R","?","E","T","R","M","M","R","T","R","B",null,"M","M","?","$","M","R","$","R","T","M","M","$","?","E"],"character_chosen":"THE_SILENT","items_purchased":["Phantasmal Killer","Kunai","Toolbox","Choke"],"campfire_rested":2,"item_purchase_floors":[4,21,21,24],"current_hp_per_floor":[66,66,66,66,66,66,71,57,57,57,57,49,71,71,75,44,80,80,62,54,54,37,73,73,80,80,62,29,29,29,0,0],"gold":138,"neow_bonus":"BOSS_RELIC","is_daily":false,"chose_seed":false,"campfire_upgraded":4,"win_rate":0.0,"timestamp":1608175982,"path_taken":["M","$","?","$","?","R","?","E","T","R","M","M","R","?","R","BOSS","M","M","?","$","M","R","$","R","T","M","?","?","?","E"],"items_purchased_type":["Card","Relic","Relic","Card"],"build_version":"2020-12-13","purchased_purges":0,"victory":false,"max_hp_per_floor":[70,70,70,70,70,70,75,75,75,75,75,75,75,75,75,75,80,80,80,80,80,80,80,80,80,80,80,80,80,80,80,80],"card_choices":[{"not_picked":["Bane","Cloak And Dagger"],"picked":"Blade Dance","floor":1},{"not_picked":["Catalyst","Dagger Throw"],"picked":"Backstab","floor":5},{"not_picked":["Blade Dance","Prepared"],"picked":"Infinite Blades","floor":8},{"not_picked":["PiercingWail","Deadly Poison"],"picked":"Dash","floor":11},{"not_picked":["Reflex","Poisoned Stab"],"picked":"Die Die Die","floor":12},{"not_picked":["Glass Knife","Storm of Steel"],"picked":"Corpse Explosion","floor":16},{"not_picked":["Masterful Stab","Outmaneuver"],"picked":"Slice","floor":17},{"not_picked":["Deadly Poison+1","Backflip"],"picked":"Prepared+1","floor":18},{"not_picked":["Eviscerate","Terror"],"picked":"Infinite Blades","floor":19},{"not_picked":["Blur","All Out Attack"],"picked":"Accuracy","floor":22},{"not_picked":["PiercingWail","Flechettes"],"picked":"Terror","floor":27},{"not_picked":["Poisoned Stab+1","Deadly Poison"],"picked":"Bullet Time","floor":28}],"player_experience":197720,"relics_obtained":[{"floor":8,"key":"Matryoshka"},{"floor":9,"key":"Anchor"},{"floor":9,"key":"Darkstone Periapt"},{"floor":14,"key":"Blue Candle"},{"floor":14,"key":"Eternal Feather"},{"floor":26,"key":"Tiny Chest"}],"event_choices":[{"cards_removed":["Defend_G"],"damage_healed":0,"gold_gain":0,"player_choice":"Purged","damage_taken":0,"max_hp_gain":0,"max_hp_loss":0,"event_name":"Purifier","floor":3,"gold_loss":0},{"damage_healed":0,"gold_gain":0,"player_choice":"Donut","damage_taken":0,"max_hp_gain":5,"max_hp_loss":0,"event_name":"Big Fish","floor":7,"gold_loss":0},{"damage_healed":0,"gold_gain":75,"player_choice":"Touch","damage_taken":8,"max_hp_gain":0,"max_hp_loss":0,"event_name":"FaceTrader","floor":20,"gold_loss":0},{"damage_healed":0,"gold_gain":99,"player_choice":"Steal","damage_taken":0,"max_hp_gain":0,"max_hp_loss":0,"event_name":"betterThird:BetterNest","floor":30,"gold_loss":0}],"is_beta":false,"boss_relics":[{"not_picked":["Black Star","HoveringKite"],"picked":"Tiny House"}],"items_purged_floors":[],"is_endless":false,"potions_floor_spawned":[8,12,27,28],"killed_by":"Slavers","ascension_level":3}}