{"host":"c6uvvgqwlxq4k23y","time":1608220321,"event":{"mods":["BaseMod","CapriCore","DeckTracker","Hermit","Minty Spire (QoL Compilation)","StSLib","SuperFastMode"],"gold_per_floor":[115,115,131,131,131,156,176,190,190,209,244,256,135,148,148,249,249,261,277,177,193,204,204,214,214,214,214,245,245,265,265,265,362,412,424,424,148,148,148,148,173,185,185,185,235,249,249,262,262,262],"floor_reached":51,"playtime":1396,"items_purged":["Strike_B","Strike_B","Strike_B"],"score":734,"play_id":"c7321ad7-0d24-4fd6-a38c-5fa4ce878548","local_time":"20201218005201","is_ascension_mode":false,"campfire_choices":[{"data":"Genetic Algorithm","floor":15.0,"key":"SMITH"},{"data":"Beam Cell","floor":23.0,"key":"SMITH"},{"data":"Hologram","floor":25.0,"key":"SMITH"},{"data":"Streamline","floor":27.0,"key":"SMITH"},{"floor":32,"key":"REST"},{"data":"Beam Cell","floor":40,"key":"SMITH"},{"data":"Hyperbeam","floor":44,"key":"SMITH"},{"data":"Turbo","floor":47,"key":"SMITH"},{"floor":49,"key":"REST"}],"circlet_count":0,"master_deck":["Strike_B","Defend_B","Defend_B","Defend_B","Defend_B","Zap","Dualcast","Genetic Algorithm+1","Ball Lightning","All For One","Dark Shackles","Hologram+1","Beam Cell+1","Hologram","Genetic Algorithm","Streamline+1","Rebound+1","Streamline+1","Hyperbeam+1","Scrape","Beam Cell+1","Turbo+1","Parasite"],"relics":["Cracked Core","NeowsBlessing","Cables","Anchor","Kunai","Juzu Bracelet","Orichalcum","Nuclear Battery","FossilizedHelix","Mummified Hand","Tiny House","Medical Kit","MealTicket","Ornamental Fan","TungstenRod"],"acts_visited":["Exordium","TheCity","TheBeyond"],"potions_floor_usage":[33,33,48,50,50],"damage_taken":[{"damage":0.0,"enemies":"Jaw Worm","floor":1.0,"turns":1.0},{"damage":0.0,"enemies":"Cultist","floor":3.0,"turns":1.0},{"damage":0.0,"enemies":"Lagavulin","floor":6.0,"turns":1.0},{"damage":0.0,"enemies":"2 Louse","floor":7.0,"turns":2.0},{"damage":2.0,"enemies":"Blue Slaver","floor":8.0,"turns":3.0},{"damage":7.0,"enemies":"Large Slime","floor":10.0,"turns":5.0},{"damage":17.0,"enemies":"Gremlin Nob","floor":11.0,"turns":4.0},{"damage":0.0,"enemies":"2 Fungi Beasts","floor":12.0,"turns":2.0},{"damage":0.0,"enemies":"Gremlin Gang","floor":14.0,"turns":4.0},{"damage":38.0,"enemies":"The Guardian","floor":16.0,"turns":12.0},{"damage":13.0,"enemies":"2 Thieves","floor":18.0,"turns":3.0},{"damage":0.0,"enemies":"Spheric Guardian","floor":19.0,"turns":4.0},{"damage":5.0,"enemies":"Snecko","floor":21.0,"turns":5.0},{"damage":2.0,"enemies":"3 Cultists","floor":22.0,"turns":5.0},{"damage":20.0,"enemies":"Cultist and Chosen","floor":24.0,"turns":6.0},{"damage":19.0,"enemies":"Gremlin Leader","floor":28.0,"turns":7.0},{"damage":0,"enemies":"Centurion and Healer","floor":30,"turns":3},{"damage":23,"enemies":"Automaton","floor":33,"turns":9},{"damage":0,"enemies":"3 Shapes","floor":35,"turns":5},{"damage":23,"enemies":"Giant Head","floor":41,"turns":8},{"damage":0,"enemies":"Orb Walker","floor":42,"turns":3},{"damage":0,"enemies":"Mind Bloom Boss Battle","floor":45,"turns":5},{"damage":18,"enemies":"Maw","floor":46,"turns":8},{"damage":9,"enemies":"Writhing Mass","floor":48,"turns":5},{"damage":61,"enemies":"Donu and Deca","floor":50,"turns":11}],"seed_played":"1372883531026424361","potions_obtained":[{"floor":1.0,"key":"LiquidMemories"},{"floor":7.0,"key":"SkillPotion"},{"floor":8.0,"key":"Fruit Juice"},{"floor":10.0,"key":"SkillPotion"},{"floor":21.0,"key":"LiquidMemories"},{"floor":22.0,"key":"FearPotion"},{"floor":24.0,"key":"LiquidMemories"},{"floor":28.0,"key":"FairyPotion"},{"floor":34,"key":"SneckoOil"},{"floor":35,"key":"Regen Potion"},{"floor":48,"key":"PowerPotion"}],"is_trial":false,"path_per_floor":["M","?","M","T","?","E","M","M","T","M","E","M","$","M","R","B",null,"M","M","$","M","M","R","M","R","T","R","E","?","M","?","R","B",null,"M","?","$","?","$","R","E","M","T","R","?","M","R","M","R","B",null],"character_chosen":"DEFECT","items_purchased":["Streamline","Medical Kit"],"campfire_rested":2,"item_purchase_floors":[13,37],"current_hp_per_floor":[75,75,75,75,63,63,63,66,66,59,42,42,42,42,42,4,80,67,67,67,62,60,60,40,40,40,40,21,21,21,21,45,22,85,85,85,85,85,85,85,62,62,62,62,62,44,44,35,60,14],"gold":262,"neow_bonus":"THREE_ENEMY_KILL","is_daily":false,"chose_seed":false,"campfire_upgraded":7,"win_rate":0.0,"timestamp":1608220321,"path_taken":["M","?","?","?","?","E","M","M","T","M","E","M","$","M","R","BOSS","M","M","$","M","M","R","M","R","T","R","E","?","M","?","R","BOSS","M","?","$","?","$","R","E","M","T","R","?","M","R","M","R","BOSS"],"items_purchased_type":["Card","Relic"],"build_version":"2020-12-13","purchased_purges":3,"victory":true,"max_hp_per_floor":[75,75,75,75,75,75,75,80,80,80,80,80,80,80,80,80,80,80,80,80,80,80,80,80,80,80,80,80,80,80,80,80,80,85,85,85,85,85,85,85,85,85,85,85,85,85,85,85,85,85],"card_choices":[{"not_picked":["Fusion","Undo"],"picked":"Genetic Algorithm","floor":1.0},{"not_picked":["Double Energy","Barrage"],"picked":"Hologram","floor":3.0},{"not_picked":["Undo","Redo"],"picked":"Beam Cell","floor":6.0},{"not_picked":["Ball Lightning","Thunder Strike"],"picked":"Hologram","floor":7.0},{"not_picked":["Chaos","Chill"],"picked":"Genetic Algorithm","floor":8.0},{"not_picked":["Sweeping Beam","Fusion","Loop"],"picked":"SKIP","floor":10.0},{"not_picked":["Steam Power","Lockon","Creative AI"],"picked":"SKIP","floor":11.0},{"not_picked":["Leap","Ball Lightning","White Noise"],"picked":"SKIP","floor":12.0},{"not_picked":["Barrage","Static Discharge"],"picked":"Rebound","floor":14.0},{"not_picked":["Hologram+1","Force Field","Conserve Battery"],"picked":"SKIP","floor":18.0},{"not_picked":["Auto Shields","Steam","Barrage"],"picked":"SKIP","floor":19.0},{"not_picked":["Compile Driver","Cold Snap","Rebound"],"picked":"SKIP","floor":21.0},{"not_picked":["Redo","Lockon"],"picked":"Streamline+1","floor":22.0},{"not_picked":["Chill","Leap+1","Reprogram"],"picked":"SKIP","floor":24.0},{"not_picked":["Lockon","Steam+1","Sweeping Beam"],"picked":"SKIP","floor":28.0},{"not_picked":["Static Discharge","Defragment+1","Meteor Strike"],"picked":"SKIP","floor":30},{"not_picked":["Rainbow","Creative AI"],"picked":"Hyperbeam","floor":33},{"not_picked":["Stack","Chill+1"],"picked":"Scrape","floor":34},{"not_picked":["Rebound+1","Stack"],"picked":"Beam Cell","floor":35},{"not_picked":["Rainbow","Redo+1","Genetic Algorithm"],"picked":"SKIP","floor":41},{"not_picked":["Scrape+1","Rip and Tear+1","Skim"],"picked":"SKIP","floor":42},{"not_picked":["Rip and Tear","BootSequence"],"picked":"Turbo","floor":45},{"not_picked":["Coolheaded","Cold Snap+1","Redo"],"picked":"SKIP","floor":46},{"not_picked":["Chaos+1","Heatsinks+1","Capacitor"],"picked":"SKIP","floor":48}],"player_experience":324547,"relics_obtained":[{"floor":4.0,"key":"Cables"},{"floor":6.0,"key":"Kunai"},{"floor":9.0,"key":"Juzu Bracelet"},{"floor":11.0,"key":"Orichalcum"},{"floor":26.0,"key":"FossilizedHelix"},{"floor":28.0,"key":"Mummified Hand"},{"floor":41,"key":"MealTicket"},{"floor":43,"key":"Ornamental Fan"},{"floor":45,"key":"TungstenRod"}],"event_choices":[{"damage_healed":0.0,"max_hp_gain":0.0,"max_hp_loss":0.0,"gold_gain":0.0,"event_name":"Match and Keep!","player_choice":"3 cards matched","floor":2.0,"gold_loss":0.0,"damage_taken":0.0,"cards_obtained":["Ball Lightning","All For One","Dark Shackles"]},{"damage_healed":0.0,"max_hp_gain":0.0,"max_hp_loss":0.0,"gold_gain":0.0,"event_name":"Scrap Ooze","player_choice":"Success","floor":5.0,"gold_loss":0.0,"damage_taken":12.0,"relics_obtained":["Anchor"]},{"damage_healed":0.0,"max_hp_gain":0.0,"max_hp_loss":0.0,"gold_gain":0.0,"event_name":"Ghosts","player_choice":"Ignored","floor":29.0,"gold_loss":0.0,"damage_taken":0.0},{"damage_healed":0,"gold_gain":0,"player_choice":"Ignored","damage_taken":0,"max_hp_gain":0,"max_hp_loss":0,"event_name":"Vampires","floor":31,"gold_loss":0},{"damage_healed":0,"gold_gain":0,"player_choice":"Ignored","damage_taken":0,"max_hp_gain":0,"max_hp_loss":0,"event_name":"Tomb of Lord Red Mask","floor":36,"gold_loss":0},{"damage_healed":0,"gold_gain":0,"player_choice":"Ignored","damage_taken":0,"max_hp_gain":0,"max_hp_loss":0,"event_name":"SecretPortal","floor":38,"gold_loss":0},{"damage_healed":0,"gold_gain":0,"player_choice":"Fight","damage_taken":0,"max_hp_gain":0,"max_hp_loss":0,"event_name":"MindBloom","floor":45,"gold_loss":0}],"is_beta":false,"boss_relics":[{"not_picked":["SacredBark","Ectoplasm"],"picked":"Nuclear Battery"},{"not_picked":["Velvet Choker","Runic Dome"],"picked":"Tiny House"}],"items_purged_floors":[13,20,37],"is_endless":false,"potions_floor_spawned":[1,7,8,10,21,22,24,28,30,35,42,48],"ascension_level":0}}