{"host":"epo9t9qajflxsfbx","time":1608194837,"event":{"mods":["Act Like it!","BaseMod","Better Altar","Better Match","Better Note","Better Sensory Stone","Better Skull","Better Third Choice","Better Vampires","BetterRewards","Clockwork Mod","Defuse TimeMaze Blight","Displayed Cursed Tome","Elementarium","Hermit","Highlight Path","Hubris","Infinite Spire","Minty Spire (QoL Compilation)","Quick Restart","Relic Stats","Replay The Spire","Shade Mod","Shop Mod","Somnambulant","StSLib","The Bladedancer","The Cursed","The Hierophant","The Jungle","The Servant 0.9.4","everything is the same but u backflip on backflip"],"gold_per_floor":[114,114,33,33,33,33,33,33,66,85,108,137,16,16,87,166,166,242,242,358,358,358,398,426,362,362],"floor_reached":25,"playtime":1545,"items_purged":[],"score":209,"play_id":"cf72b8b6-069f-422c-a583-ccec206658ea","local_time":"20201217004717","is_ascension_mode":false,"campfire_choices":[{"data":"hierophant:OrnateJavelin","floor":6,"key":"SMITH"},{"floor":14,"key":"REST"},{"floor":17,"key":"REST"}],"circlet_count":0,"master_deck":["hierophant:Strike_Hierophant","hierophant:Strike_Hierophant","hierophant:Strike_Hierophant","hierophant:Strike_Hierophant","hierophant:Punish","hierophant:Defend_Hierophant","hierophant:Defend_Hierophant","hierophant:Defend_Hierophant","hierophant:Defend_Hierophant","hierophant:ChurchCoffers","hierophant:Doubloon","hierophant:CoinFling","hierophant:OrnateJavelin+1","Survey Options","Normality","hierophant:HammerAndAnvil","hierophant:ThreeLashes","hierophant:BulkyChest","hierophant:ArchangelShield","hierophant:OrnateBuckler","hierophant:Chorus","hierophant:SolarFlare","hierophant:Levitation","Doubt","TheCursedMod:CleanUpWorkshop","hierophant:BulkyChest","Jack Of All Trades","infinitespire:Execution","hierophant:PassingBell+1","ReplayTheSpireMod:Uncanny Aura","hierophant:HolyVerse","hierophant:HolyVerse+1"],"relics":["hubris:RunicObelisk","NlothsMask","PreservedInsect","Replay:WaspNest","ReplayTheSpireMod:SealedPack"],"acts_visited":["Exordium","TheCity"],"potions_floor_usage":[18],"damage_taken":[{"damage":0,"enemies":"2 Louse","floor":1,"turns":2},{"damage":20,"enemies":"Gremlin Nob","floor":9,"turns":4},{"damage":6,"enemies":"Jaw Worm","floor":10,"turns":2},{"damage":31,"enemies":"Lagavulin","floor":12,"turns":5},{"damage":0,"enemies":"Cultist","floor":15,"turns":2},{"damage":8,"enemies":"Red Slaver","floor":16,"turns":3},{"damage":35,"enemies":"The Guardian","floor":18,"turns":8},{"damage":23,"enemies":"Spheric Guardian","floor":20,"turns":6},{"damage":0,"enemies":"Shell Parasite","floor":23,"turns":3},{"damage":25,"enemies":"Cultist and Chosen","floor":24,"turns":7},{"damage":29,"enemies":"Centurion and Healer","floor":25,"turns":5}],"seed_played":"-7601615299051569916","potions_obtained":[{"floor":10,"key":"Ancient Potion"},{"floor":12,"key":"Ancient Potion"},{"floor":15,"key":"AttackPotion"},{"floor":23,"key":"Doom Potion"}],"is_trial":false,"path_per_floor":["M","?","$","?","?","R","PTL","PTL","E","M","T","E","$","R","M","M","R","B",null,"M","?","?","M","M","M"],"character_chosen":"HIEROPHANT","items_purchased":["Survey Options","hierophant:ArchangelShield","hierophant:OrnateBuckler"],"campfire_rested":2,"item_purchase_floors":[3,13,13],"current_hp_per_floor":[75,75,75,75,75,75,75,75,55,49,49,18,18,40,40,32,54,19,75,52,52,52,52,27,0,0],"gold":362,"neow_bonus":"BOSS_RELIC","is_daily":false,"chose_seed":false,"campfire_upgraded":1,"win_rate":0.0,"timestamp":1608194837,"path_taken":["M","?","$","?","?","R","PTL","PTL","E","?","T","E","?","R","M","M","R","BOSS","M","?","?","M","M","?"],"items_purchased_type":["Card","Card","Card"],"build_version":"2020-12-13","purchased_purges":0,"victory":false,"max_hp_per_floor":[75,75,75,75,75,75,75,75,75,75,75,75,75,75,75,75,75,75,75,75,75,75,75,75,75,75],"relic_stats":{"counters":[11,47],"PreservedInsect":28,"obtain_stats":[{"hierophant:PropheticMaskRelic":0,"PreservedInsect":9,"Replay:WaspNest":12,"ReplayTheSpireMod:SealedPack":19,"hubris:RunicObelisk":0,"NlothsMask":5},{"hierophant:PropheticMaskRelic":0,"PreservedInsect":2,"Replay:WaspNest":4,"ReplayTheSpireMod:SealedPack":7,"hubris:RunicObelisk":0,"NlothsMask":1},{"hierophant:PropheticMaskRelic":0,"PreservedInsect":6,"Replay:WaspNest":13,"ReplayTheSpireMod:SealedPack":26,"hubris:RunicObelisk":0,"NlothsMask":2}]},"card_choices":[{"not_picked":["hierophant:Doubloon","hierophant:ArchangelShield"],"picked":"hierophant:CoinFling","floor":1},{"not_picked":["hierophant:Zeal","hierophant:MirrorShield"],"picked":"hierophant:HammerAndAnvil","floor":9},{"not_picked":["hierophant:DisplayOfPower","hierophant:Determination"],"picked":"hierophant:ThreeLashes","floor":10},{"not_picked":["hierophant:Chorus","hierophant:Remorse"],"picked":"hierophant:BulkyChest","floor":12},{"not_picked":["hierophant:DisplayOfPower","hierophant:SealAway"],"picked":"hierophant:Chorus","floor":15},{"not_picked":["hierophant:Doubloon","hierophant:Shelter"],"picked":"hierophant:SolarFlare","floor":16},{"not_picked":["hierophant:Anathema","hierophant:Generosity"],"picked":"hierophant:Levitation","floor":18},{"not_picked":["hierophant:Punish","hierophant:ChurchCoffers"],"picked":"TheCursedMod:CleanUpWorkshop","floor":19},{"not_picked":["hierophant:Determination","hierophant:LocustPlague"],"picked":"hierophant:BulkyChest","floor":19},{"not_picked":["Replay:Sssssssssstrike","Replay:Bootleg Shield Generator"],"picked":"Jack Of All Trades","floor":19},{"not_picked":["ReplayTheSpireMod:??????????????????????","ReplayTheSpireMod:Haul"],"picked":"infinitespire:Execution","floor":19},{"not_picked":["hierophant:Purify","hierophant:Mercenaries"],"picked":"hierophant:PassingBell","floor":20},{"not_picked":["hierophant:Levitation","hierophant:RustyCrate+1"],"picked":"hierophant:HolyVerse","floor":23},{"not_picked":["hierophant:HammerAndAnvil","hierophant:FieryStrike"],"picked":"hierophant:HolyVerse+1","floor":24}],"player_experience":249592,"relics_obtained":[{"floor":9,"key":"PreservedInsect"},{"floor":12,"key":"Replay:WaspNest"}],"event_choices":[{"damage_healed":0,"gold_gain":0,"player_choice":"Trade","damage_taken":0,"relics_obtained":["NlothsMask"],"max_hp_gain":0,"max_hp_loss":0,"event_name":"FaceTrader","floor":5,"gold_loss":0},{"cards_removed":["infinitespire:Execution"],"damage_healed":0,"gold_gain":0,"player_choice":"Take \u0026 Give","damage_taken":0,"max_hp_gain":0,"max_hp_loss":0,"event_name":"betterNote:BetterNote","floor":21,"gold_loss":0,"cards_obtained":["ReplayTheSpireMod:Uncanny Aura"]},{"damage_healed":0,"gold_gain":0,"player_choice":"Upgraded","damage_taken":0,"max_hp_gain":0,"max_hp_loss":0,"event_name":"Upgrade Shrine","floor":22,"gold_loss":0,"cards_upgraded":["hierophant:PassingBell"]}],"is_beta":false,"boss_relics":[{"not_picked":["hubris:Stopwatch","Ring of Chaos"],"picked":"ReplayTheSpireMod:SealedPack"}],"items_purged_floors":[],"is_endless":false,"potions_floor_spawned":[10,12,15,23],"killed_by":"Centurion and Healer","ascension_level":0}}