{"host":"mi0eibewekhugwl1","time":1608223630,"event":{"mods":["AchievementEnabler","BaseMod","Colored Map","Colored Powertips","DeckTracker","Keyboard Shortcuts","Minty Spire (QoL Compilation)","Quick Restart","Rare Cards Sparkle","Relic Stats","StSLib","SuperFastMode","everything is the same but u backflip on backflip"],"gold_per_floor":[111,127,37,52,32,32,57,5,5,17,17,17,27,39,39,111,111,127,127,32,46,59,59,75,0,55,55,55,55,55,71,71,71,71],"floor_reached":33,"playtime":1069,"items_purged":["Strike_B"],"score":494,"play_id":"68172f33-e251-4e86-80bd-67404f6c55c4","local_time":"20201218014710","is_ascension_mode":true,"campfire_choices":[{"data":"Zap","floor":6,"key":"SMITH"},{"floor":15,"key":"REST"},{"floor":23,"key":"REST"},{"floor":29,"key":"REST"},{"floor":32,"key":"REST"}],"circlet_count":0,"master_deck":["AscendersBane","Strike_B","Strike_B","Defend_B","Defend_B","Defend_B","Defend_B","Zap+1","Dualcast","Sweeping Beam","Ball Lightning","Rip and Tear","Go for the Eyes","Tempest","Coolheaded","Defragment","Compile Driver","Conserve Battery","Core Surge","Chaos","Turbo","Loop","Glacier","Heatsinks"],"relics":["Cracked Core","Vajra","Happy Flower","Shuriken","Toy Ornithopter"],"acts_visited":["Exordium","TheCity"],"potions_floor_usage":[10,10,16,22],"damage_taken":[{"damage":10,"enemies":"Small Slimes","floor":1,"turns":4},{"damage":1,"enemies":"Cultist","floor":2,"turns":3},{"damage":7,"enemies":"Jaw Worm","floor":4,"turns":2},{"damage":26,"enemies":"Gremlin Nob","floor":7,"turns":4},{"damage":14,"enemies":"Exordium Wildlife","floor":10,"turns":4},{"damage":6,"enemies":"Blue Slaver","floor":13,"turns":3},{"damage":0,"enemies":"Large Slime","floor":14,"turns":3},{"damage":15,"enemies":"Hexaghost","floor":16,"turns":9},{"damage":13,"enemies":"Spheric Guardian","floor":18,"turns":4},{"damage":19,"enemies":"3 Byrds","floor":21,"turns":4},{"damage":20,"enemies":"Sentry and Sphere","floor":22,"turns":6},{"damage":21,"enemies":"Snake Plant","floor":24,"turns":5},{"damage":7,"enemies":"Chosen and Byrds","floor":31,"turns":6},{"damage":75,"enemies":"Collector","floor":33,"turns":7}],"seed_played":"6486749113383006465","potions_obtained":[{"floor":2,"key":"FairyPotion"},{"floor":5,"key":"DuplicationPotion"},{"floor":10,"key":"Fruit Juice"},{"floor":13,"key":"Swift Potion"},{"floor":21,"key":"SkillPotion"}],"is_trial":false,"path_per_floor":["M","M","$","M","?","R","E","$","T","M","?","?","M","M","R","B",null,"M","?","$","M","M","R","M","$","T","?","?","R","?","M","R","B"],"character_chosen":"DEFECT","items_purchased":["Rip and Tear","Coolheaded","Turbo","Loop"],"campfire_rested":4,"item_purchase_floors":[3,8,20,20],"current_hp_per_floor":[54,53,53,46,46,46,20,20,20,11,11,11,5,5,27,12,60,47,47,47,28,8,30,9,9,9,9,9,31,31,24,46,0,0],"gold":71,"neow_bonus":"RANDOM_COMMON_RELIC","is_daily":false,"chose_seed":false,"campfire_upgraded":1,"win_rate":0.0,"timestamp":1608223630,"path_taken":["M","M","$","M","?","R","E","?","T","?","?","?","M","M","R","BOSS","M","?","$","M","M","R","M","$","T","?","?","R","?","M","R","BOSS"],"items_purchased_type":["Card","Card","Card","Card"],"build_version":"2020-12-13","purchased_purges":1,"victory":false,"max_hp_per_floor":[71,71,71,71,71,71,71,71,71,76,76,76,76,76,76,76,76,76,76,76,76,76,76,76,76,76,76,76,76,76,76,76,76,76],"relic_stats":{"Happy Flower":[17],"counters":[14,64],"Shuriken":[14],"obtain_stats":[{"Happy Flower":7,"Shuriken":9,"Vajra":0,"Cracked Core":0,"Toy Ornithopter":26},{"Happy Flower":4,"Shuriken":4,"Vajra":0,"Cracked Core":0,"Toy Ornithopter":12},{"Happy Flower":13,"Shuriken":13,"Vajra":0,"Cracked Core":0,"Toy Ornithopter":51}],"Toy Ornithopter":0},"card_choices":[{"not_picked":["Conserve Battery","Leap"],"picked":"Sweeping Beam","floor":1},{"not_picked":["Leap","Cold Snap"],"picked":"Ball Lightning","floor":2},{"not_picked":["Sunder","Double Energy"],"picked":"Go for the Eyes","floor":4},{"not_picked":["Capacitor","Coolheaded"],"picked":"Tempest","floor":7},{"not_picked":["Ball Lightning","Go for the Eyes"],"picked":"Defragment","floor":10},{"not_picked":["Rip and Tear","Barrage"],"picked":"Compile Driver","floor":13},{"not_picked":["Barrage","Sweeping Beam"],"picked":"Conserve Battery","floor":14},{"not_picked":["Thunder Strike","Machine Learning"],"picked":"Core Surge","floor":16},{"not_picked":["Force Field","Steam Power"],"picked":"Chaos","floor":18},{"not_picked":["Beam Cell","Sweeping Beam"],"picked":"Glacier","floor":21},{"not_picked":["Steam","Tempest","Ball Lightning"],"picked":"SKIP","floor":22},{"not_picked":["Sweeping Beam+1","Beam Cell+1","Turbo+1"],"picked":"SKIP","floor":24},{"not_picked":["Gash","Recycle","Barrage"],"picked":"SKIP","floor":31}],"player_experience":1687688,"relics_obtained":[{"floor":7,"key":"Happy Flower"},{"floor":9,"key":"Shuriken"},{"floor":26,"key":"Toy Ornithopter"}],"event_choices":[{"damage_healed":0,"gold_gain":0,"player_choice":"Bought 1 Potion","damage_taken":0,"max_hp_gain":0,"max_hp_loss":0,"event_name":"The Woman in Blue","floor":5,"gold_loss":0},{"damage_healed":0,"gold_gain":0,"player_choice":"Ignored","damage_taken":0,"max_hp_gain":0,"max_hp_loss":0,"event_name":"Shining Light","floor":11,"gold_loss":0},{"damage_healed":0,"gold_gain":0,"player_choice":"Fled","damage_taken":0,"max_hp_gain":0,"max_hp_loss":0,"event_name":"Scrap Ooze","floor":12,"gold_loss":0},{"damage_healed":0,"gold_gain":0,"player_choice":"Ignored","damage_taken":0,"max_hp_gain":0,"max_hp_loss":0,"event_name":"Cursed Tome","floor":27,"gold_loss":0},{"damage_healed":0,"gold_gain":0,"player_choice":"Ignored","damage_taken":0,"max_hp_gain":0,"max_hp_loss":0,"event_name":"The Mausoleum","floor":28,"gold_loss":0},{"damage_healed":0,"gold_gain":0,"cards_transformed":["Strike_B"],"player_choice":"Transformed","damage_taken":0,"max_hp_gain":0,"max_hp_loss":0,"event_name":"Transmorgrifier","floor":30,"gold_loss":0,"cards_obtained":["Heatsinks"]}],"is_beta":false,"boss_relics":[{"not_picked":["Runic Dome","Coffee Dripper","Busted Crown"]}],"items_purged_floors":[25],"is_endless":false,"potions_floor_spawned":[2,10,13,14,21],"killed_by":"Collector","ascension_level":20}}