{"host":"63rwe7p34ct1i0qu","time":1608223392,"event":{"mods":["BaseMod","DeckTracker","Minty Spire (QoL Compilation)","Permanent Neow","Quick Restart","StSLib"],"gold_per_floor":[119,137,147,160,172,172,200,200,278,278,278,278,278,291,291,411,411,436,449,449,113,28,28,64,84,84,84,99,139,157,180,180,180,180],"floor_reached":33,"playtime":830,"items_purged":[],"score":419,"play_id":"7a2f1a16-fe1e-4d85-a4ce-dbe5e96b2eb6","local_time":"20201218014312","is_ascension_mode":true,"campfire_choices":[{"data":"Bash","floor":6,"key":"SMITH"},{"data":"Hemokinesis","floor":8,"key":"SMITH"},{"floor":11,"key":"REST"},{"data":"Headbutt","floor":13,"key":"SMITH"},{"data":"Shrug It Off","floor":15,"key":"SMITH"},{"floor":23,"key":"REST"},{"floor":27,"key":"REST"},{"floor":32,"key":"REST"}],"circlet_count":0,"master_deck":["Strike_R","Strike_R","Strike_R","Strike_R","Strike_R","Defend_R","Defend_R","Defend_R","Defend_R","Bash+1","Hemokinesis+1","Headbutt+1","Cleave","Fire Breathing","Shrug It Off+1","Immolate+1","Sword Boomerang+1","Fire Breathing"],"relics":["Burning Blood","Molten Egg 2","Kunai","Golden Idol","Magic Flower","Busted Crown","Membership Card","Champion Belt","Pen Nib","Paper Frog","Blue Candle","StoneCalendar"],"acts_visited":["Exordium","TheCity"],"potions_floor_usage":[5,18,24,29,30,31],"damage_taken":[{"damage":6,"enemies":"Cultist","floor":1,"turns":3},{"damage":4,"enemies":"Jaw Worm","floor":2,"turns":3},{"damage":2,"enemies":"2 Louse","floor":3,"turns":3},{"damage":15,"enemies":"Blue Slaver","floor":4,"turns":3},{"damage":17,"enemies":"Exordium Wildlife","floor":5,"turns":4},{"damage":33,"enemies":"Gremlin Nob","floor":7,"turns":4},{"damage":8,"enemies":"Looter","floor":14,"turns":2},{"damage":39,"enemies":"Slime Boss","floor":16,"turns":8},{"damage":15,"enemies":"2 Thieves","floor":18,"turns":4},{"damage":30,"enemies":"Shell Parasite","floor":19,"turns":4},{"damage":14,"enemies":"Gremlin Leader","floor":24,"turns":5},{"damage":29,"enemies":"Snake Plant","floor":25,"turns":3},{"damage":32,"enemies":"Centurion and Healer","floor":28,"turns":4},{"damage":29,"enemies":"Slavers","floor":29,"turns":4},{"damage":2,"enemies":"Snecko","floor":30,"turns":3},{"damage":33,"enemies":"Snake Plant","floor":31,"turns":4},{"damage":54,"enemies":"Champ","floor":33,"turns":7}],"seed_played":"2688184901659266749","potions_obtained":[{"floor":2,"key":"SkillPotion"},{"floor":5,"key":"DuplicationPotion"},{"floor":16,"key":"ColorlessPotion"},{"floor":18,"key":"SpeedPotion"},{"floor":24,"key":"BloodPotion"},{"floor":29,"key":"AttackPotion"}],"is_trial":false,"path_per_floor":["M","M","M","M","M","R","E","R","T","?","R","?","R","M","R","B",null,"M","M","?","$","?","R","E","M","T","R","M","E","M","M","R","B"],"character_chosen":"IRONCLAD","items_purchased":["Membership Card","Fire Breathing","Champion Belt"],"campfire_rested":4,"item_purchase_floors":[21,21,21],"current_hp_per_floor":[80,82,86,77,66,66,39,39,39,39,63,51,51,52,52,22,66,60,39,39,39,39,63,74,54,54,78,55,35,42,18,42,0,0],"gold":180,"neow_bonus":"TEN_PERCENT_HP_BONUS","is_daily":false,"chose_seed":false,"campfire_upgraded":4,"win_rate":0.0,"timestamp":1608223392,"path_taken":["M","M","M","M","?","R","E","R","T","?","R","?","R","M","R","BOSS","M","M","?","$","?","R","E","M","T","R","M","E","M","M","R","BOSS"],"items_purchased_type":["Relic","Card","Relic"],"build_version":"2020-12-13","purchased_purges":0,"victory":false,"max_hp_per_floor":[88,88,88,88,88,88,88,88,88,81,81,81,81,81,81,81,81,81,81,81,81,81,81,81,81,81,81,81,81,81,81,81,81,81],"card_choices":[{"not_picked":["Heavy Blade","Pommel Strike"],"picked":"Hemokinesis","floor":1},{"not_picked":["Thunderclap","Warcry"],"picked":"Headbutt","floor":2},{"not_picked":["Sentinel","Blood for Blood"],"picked":"Cleave","floor":3},{"not_picked":["Rupture","Iron Wave","Hemokinesis"],"picked":"SKIP","floor":4},{"not_picked":["Headbutt","Pommel Strike","Sever Soul"],"picked":"SKIP","floor":5},{"not_picked":["Dark Embrace","Shrug It Off"],"picked":"Fire Breathing","floor":7},{"not_picked":["Perfected Strike+1","Brutality"],"picked":"Shrug It Off","floor":14},{"not_picked":["Fiend Fire+1","Offering"],"picked":"Immolate+1","floor":16},{"not_picked":["Clash+1"],"picked":"SKIP","floor":18},{"not_picked":[],"picked":"Sword Boomerang+1","floor":19},{"not_picked":["Cleave+1"],"picked":"SKIP","floor":24},{"not_picked":["Rupture"],"picked":"SKIP","floor":25},{"not_picked":["Havoc"],"picked":"SKIP","floor":28},{"not_picked":["True Grit"],"picked":"SKIP","floor":29},{"not_picked":["Iron Wave+1"],"picked":"SKIP","floor":30},{"not_picked":["Pommel Strike+1"],"picked":"SKIP","floor":31}],"player_experience":790460,"relics_obtained":[{"floor":7,"key":"Molten Egg 2"},{"floor":9,"key":"Kunai"},{"floor":24,"key":"Paper Frog"},{"floor":26,"key":"Blue Candle"},{"floor":29,"key":"StoneCalendar"}],"event_choices":[{"damage_healed":0,"gold_gain":0,"player_choice":"Lose Max HP","damage_taken":0,"relics_obtained":["Golden Idol"],"max_hp_gain":0,"max_hp_loss":7,"event_name":"Golden Idol","floor":10,"gold_loss":0},{"damage_healed":0,"gold_gain":0,"player_choice":"Success","damage_taken":12,"relics_obtained":["Magic Flower"],"max_hp_gain":0,"max_hp_loss":0,"event_name":"Scrap Ooze","floor":12,"gold_loss":0},{"damage_healed":0,"gold_gain":0,"player_choice":"Ignored","damage_taken":0,"max_hp_gain":0,"max_hp_loss":0,"event_name":"Ghosts","floor":20,"gold_loss":0},{"damage_healed":0,"gold_gain":0,"player_choice":"Obtained Relic","damage_taken":0,"relics_obtained":["Pen Nib"],"max_hp_gain":0,"max_hp_loss":0,"event_name":"Addict","floor":22,"gold_loss":85}],"is_beta":false,"boss_relics":[{"not_picked":["Coffee Dripper","Runic Dome"],"picked":"Busted Crown"}],"items_purged_floors":[],"is_endless":false,"potions_floor_spawned":[2,5,16,18,24,29],"killed_by":"Champ","ascension_level":9}}