{"host":"3j2m8n0ywf988fwb","time":1608174328,"event":{"mods":["BaseMod","Colored Map","Colored Powertips","Downfall","Highlight Path","Minty Spire (QoL Compilation)","StSLib"],"gold_per_floor":[99,99,99,99,99,126,126,159,84,109,109,109,4,20,36,36,36],"floor_reached":16,"playtime":597,"items_purged":["Regret"],"score":181,"play_id":"15a06498-c4f4-4eb1-978a-1f2a5abb8642","local_time":"20201216210528","is_ascension_mode":true,"campfire_choices":[{"data":"Slimebound:CorrosiveSpit","floor":1,"key":"SMITH"},{"data":"Slimebound:SamplingLick","floor":5,"key":"SMITH"},{"data":"Slimebound:Split","floor":9,"key":"SMITH"}],"circlet_count":0,"master_deck":["Slimebound:Strike_Slimebound","Slimebound:Strike_Slimebound","Slimebound:Strike_Slimebound","Slimebound:Tackle","Slimebound:Defend_Slimebound","Slimebound:Defend_Slimebound","Slimebound:Defend_Slimebound","Slimebound:Defend_Slimebound+1","Slimebound:Split+1","Slimebound:CorrosiveSpit+1","Slimebound:LeechEnergy","Slimebound:SamplingLick+1","Slimebound:HauntingLick+1","Slimebound:RollThrough+1","Slimebound:WasteNot","Regret","Slimebound:GoopTackle","Slimebound:Repurpose","Slimebound:LivingWall"],"relics":["Slimebound:AbsorbEndCombat","downfall:HeartsMalice","Nunchaku","Torii","StrikeDummy","Smiling Mask","downfall:HeartBlessingGreen","InkBottle","downfall:BrokenWingStatue"],"acts_visited":["Exordium"],"potions_floor_usage":[16,16],"damage_taken":[{"damage":0,"enemies":"2 Louse","floor":2,"turns":1},{"damage":0,"enemies":"Small Slimes","floor":3,"turns":1},{"damage":0,"enemies":"Lagavulin","floor":6,"turns":1},{"damage":30,"enemies":"3 Sentries","floor":8,"turns":10},{"damage":31,"enemies":"Lagavulin","floor":10,"turns":4},{"damage":16,"enemies":"downfall:FleeingMerchant","floor":13,"turns":4},{"damage":8,"enemies":"Jaw Worm","floor":14,"turns":1},{"damage":16,"enemies":"Exordium Thugs","floor":15,"turns":3},{"damage":38,"enemies":"downfall:Silent","floor":16,"turns":6}],"seed_played":"-6903491893260213194","potions_obtained":[{"floor":10,"key":"SpeedPotion"},{"floor":14,"key":"Block Potion"},{"floor":15,"key":"Block Potion"}],"is_trial":false,"path_per_floor":["R","M","M","?","R","E","T","E","R","E","?","?","$","M","M","B"],"character_chosen":"SLIMEBOUND","items_purchased":["Slimebound:GoopTackle"],"campfire_rested":0,"item_purchase_floors":[13],"current_hp_per_floor":[54,54,54,54,54,54,54,34,34,19,19,19,17,19,19,0,0],"gold":36,"neow_bonus":"THREE_ENEMY_KILL","is_daily":false,"chose_seed":false,"campfire_upgraded":3,"win_rate":0.0,"timestamp":1608174328,"path_taken":["R","M","M","?","R","E","T","E","R","E","?","?","$","M","M","BOSS"],"items_purchased_type":["Card"],"build_version":"2020-12-13","purchased_purges":1,"victory":false,"max_hp_per_floor":[60,60,60,60,60,60,60,60,60,60,60,60,60,60,60,60,60],"card_choices":[{"not_picked":["Slimebound:SplitBruiser","Slimebound:SamplingLick"],"picked":"Slimebound:LeechEnergy","floor":2},{"not_picked":["Slimebound:SplitLeeching","Slimebound:Schlurp"],"picked":"Slimebound:SamplingLick","floor":3},{"not_picked":["Slimebound:DuplicatedForm","Slimebound:Schlurp"],"picked":"Slimebound:HauntingLick","floor":6},{"not_picked":["Slimebound:SlimeBrawl","Slimebound:FinishingTackle"],"picked":"Slimebound:RollThrough","floor":8},{"not_picked":["Slimebound:DisruptingSlam","Slimebound:RollThrough"],"picked":"Slimebound:WasteNot","floor":10},{"not_picked":["Slimebound:ViciousTackle","Slimebound:GoopSpray","Slimebound:LeadByExample"],"picked":"SKIP","floor":13},{"not_picked":["Slimebound:Schlurp","Slimebound:RollThrough"],"picked":"Slimebound:Repurpose","floor":14},{"not_picked":["Slimebound:LeechingTouch","Slimebound:OozeBath"],"picked":"Slimebound:LivingWall","floor":15}],"player_experience":933311,"relics_obtained":[{"floor":6,"key":"Torii"},{"floor":7,"key":"StrikeDummy"},{"floor":8,"key":"Smiling Mask"},{"floor":10,"key":"InkBottle"}],"event_choices":[{"damage_healed":0,"gold_gain":0,"player_choice":"Box","damage_taken":0,"relics_obtained":["Nunchaku"],"max_hp_gain":0,"max_hp_loss":0,"event_name":"Big Fish","floor":4,"gold_loss":0,"cards_obtained":["Regret"]}],"is_beta":false,"boss_relics":[],"items_purged_floors":[13],"is_endless":false,"potions_floor_spawned":[10,14,15],"killed_by":"downfall:Silent","ascension_level":6}}