{"host":"79pwvnyrdes6uj7k","time":1608180285,"event":{"mods":["2.2 Compatiblity","Astrologer","BaseMod","Beaked The Cultist","Colored Powertips","Downfall","Exacting","Friendly Minions","HexUI Lib","Highlight Path","Hubris","Infinite Spire","Mad Scientist","Mimic Mod","Minty Spire (QoL Compilation)","Random Character Button","Replay The Spire","Reworked Bosses","Shop Mod","Somnambulant","StSLib","The Cursed","The Disciple","The Factory","The Judge","The Jungle","The Poker Player","The Runesmith","TheHeartMod"],"gold_per_floor":[99,124,158,158,186,186,186,204,204,204,121,134,152,179,195,195,195],"floor_reached":16,"playtime":946,"items_purged":[],"score":112,"play_id":"12a00e30-3ea0-416c-9695-0892a110d405","local_time":"20201216224445","is_ascension_mode":false,"campfire_choices":[{"floor":6,"key":"REST"},{"floor":10,"key":"REST"}],"circlet_count":0,"master_deck":["TheCursedMod:Strike_TheCursed","TheCursedMod:Strike_TheCursed","TheCursedMod:Strike_TheCursed","TheCursedMod:Strike_TheCursed","TheCursedMod:Defend_TheCursed","TheCursedMod:Defend_TheCursed","TheCursedMod:Defend_TheCursed+1","TheCursedMod:CursedWand","TheCursedMod:CleanUpWorkshop","TheCursedMod:Dregs","TheCursedMod:CircleOfFlame+1","TheCursedMod:HellfireBreathing+1","TheCursedMod:CircleOfCorruption","TheCursedMod:CursedArmor","Regret","TheCursedMod:Wield","TheCursedMod:EmpowerCircles","TheCursedMod:CursedBlade","TheCursedMod:CursedMace","TheCursedMod:SpitefulStrike","TheCursedMod:SurpriseAttack","TheCursedMod:CursedMace"],"relics":["Sozu","hubris:OldNail","TheCursedMod:CrystalBall"],"acts_visited":["Exordium"],"potions_floor_usage":[],"damage_taken":[{"damage":49,"enemies":"Lagavulin","floor":2,"turns":11},{"damage":0,"enemies":"Cultist","floor":3,"turns":5},{"damage":29,"enemies":"Gremlin Nob","floor":5,"turns":5},{"damage":0,"enemies":"Small Slimes","floor":8,"turns":3},{"damage":5,"enemies":"downfall:FleeingMerchant","floor":11,"turns":4},{"damage":16,"enemies":"Jaw Worm","floor":12,"turns":3},{"damage":15,"enemies":"Exordium Thugs","floor":13,"turns":4},{"damage":2,"enemies":"Lots of Slimes","floor":14,"turns":2},{"damage":0,"enemies":"3 Louse","floor":15,"turns":1},{"damage":23,"enemies":"downfall:Watcher","floor":16,"turns":4}],"seed_played":"-1601798658482395978","potions_obtained":[],"is_trial":false,"path_per_floor":["R","E","M","?","E","R","T","M","?","R","$","M","M","M","M","B"],"character_chosen":"THE_CURSED","items_purchased":["TheCursedMod:EmpowerCircles"],"campfire_rested":2,"item_purchase_floors":[11],"current_hp_per_floor":[75,37,37,37,8,30,30,30,30,52,47,31,16,14,14,0,0],"gold":195,"neow_bonus":"BOSS_RELIC","is_daily":false,"chose_seed":false,"campfire_upgraded":0,"win_rate":0.0,"timestamp":1608180285,"path_taken":["R","E","M","?","E","R","T","M","?","R","?","M","M","?","M","BOSS"],"items_purchased_type":["Card"],"build_version":"2020-12-13","purchased_purges":0,"victory":false,"max_hp_per_floor":[75,75,75,75,75,75,75,75,75,75,75,75,75,75,75,75,75],"card_choices":[{"not_picked":["TheCursedMod:CursedStaff","TheCursedMod:StingEye"],"picked":"TheCursedMod:CircleOfFlame","floor":2},{"not_picked":["TheCursedMod:RapidMovement","TheCursedMod:CursedStaff"],"picked":"TheCursedMod:HellfireBreathing","floor":3},{"not_picked":["TheCursedMod:SpitefulStrike","TheCursedMod:FleshFromBone"],"picked":"TheCursedMod:CircleOfCorruption","floor":5},{"not_picked":["TheCursedMod:Grudge","TheCursedMod:AshesToAshes"],"picked":"TheCursedMod:CursedArmor","floor":8},{"not_picked":["TheCursedMod:FleshFromBone","TheCursedMod:TacticalStrike"],"picked":"TheCursedMod:Wield","floor":11},{"not_picked":["TheCursedMod:Stretching","TheCursedMod:Evocation"],"picked":"TheCursedMod:CursedBlade","floor":12},{"not_picked":["TheCursedMod:RavingStaff","TheCursedMod:UltimatePain"],"picked":"TheCursedMod:CursedMace","floor":13},{"not_picked":["TheCursedMod:DoubleShield","TheCursedMod:PrepareRite"],"picked":"TheCursedMod:SpitefulStrike","floor":14},{"not_picked":["TheCursedMod:BloodBarrier","TheCursedMod:SmokeScreen"],"picked":"TheCursedMod:SurpriseAttack","floor":15},{"not_picked":["TheCursedMod:Obscuration","TheCursedMod:SaltUponWound"],"picked":"TheCursedMod:CursedMace","floor":15}],"player_experience":300924,"relics_obtained":[{"floor":2,"key":"hubris:OldNail"},{"floor":7,"key":"TheCursedMod:CrystalBall"}],"event_choices":[],"is_beta":false,"boss_relics":[],"items_purged_floors":[],"is_endless":false,"potions_floor_spawned":[3,8,12,13],"killed_by":"downfall:Watcher","ascension_level":0}}