{"host":"8rwnpls8n88jrgbg","time":1608197535,"event":{"mods":["AchievementEnabler","BaseMod","Colored Map","Colored Powertips","DeckTracker","Keyboard Shortcuts","Minty Spire (QoL Compilation)","Relic Stats","StSLib","SuperFastMode"],"gold_per_floor":[113,113,38,53,53,53,11,11,34,47,62,77,102,125,125,125,125],"floor_reached":16,"playtime":734,"items_purged":["Doubt"],"score":188,"play_id":"641ac1bc-586a-4c90-aea0-5cc5a3db10ca","local_time":"20201217183215","is_ascension_mode":true,"campfire_choices":[{"data":"Corpse Explosion","floor":6.0,"key":"SMITH"},{"data":"Noxious Fumes","floor":8.0,"key":"SMITH"},{"data":"Calculated Gamble","floor":15.0,"key":"SMITH"}],"circlet_count":0,"master_deck":["AscendersBane","Strike_G","Strike_G","Strike_G","Strike_G","Strike_G","Defend_G","Defend_G","Defend_G","Defend_G","Defend_G","Survivor","Neutralize","Corpse Explosion+1","Calculated Gamble+1","Reflex","Noxious Fumes+1","Crippling Poison","PiercingWail","Tactician"],"relics":["Ring of the Snake","Golden Idol","Strawberry"],"acts_visited":["Exordium"],"potions_floor_usage":[16,16],"damage_taken":[{"damage":9.0,"enemies":"Cultist","floor":1.0,"turns":5.0},{"damage":6.0,"enemies":"Jaw Worm","floor":4.0,"turns":4.0},{"damage":9.0,"enemies":"Small Slimes","floor":10.0,"turns":2.0},{"damage":1.0,"enemies":"3 Louse","floor":11.0,"turns":2.0},{"damage":5.0,"enemies":"Gremlin Gang","floor":12.0,"turns":2.0},{"damage":3.0,"enemies":"Looter","floor":13.0,"turns":3.0},{"damage":17.0,"enemies":"Exordium Wildlife","floor":14.0,"turns":6.0},{"damage":25,"enemies":"The Guardian","floor":16,"turns":7}],"seed_played":"2720361308424198969","potions_obtained":[{"floor":1.0,"key":"GamblersBrew"},{"floor":10.0,"key":"LiquidMemories"}],"is_trial":false,"path_per_floor":["M","?","$","M","?","R","$","R","T","M","M","M","M","M","R","B"],"character_chosen":"THE_SILENT","items_purchased":["Noxious Fumes"],"campfire_rested":0,"item_purchase_floors":[7],"current_hp_per_floor":[50,50,50,44,49,49,49,49,56,47,46,41,38,21,21,0,0],"gold":125,"neow_bonus":"THREE_RARE_CARDS","is_daily":false,"chose_seed":false,"campfire_upgraded":3,"win_rate":0.0,"timestamp":1608197535,"path_taken":["M","?","$","M","?","R","$","R","T","M","M","M","M","M","R","BOSS"],"items_purchased_type":["Card"],"build_version":"2020-12-13","purchased_purges":1,"victory":false,"max_hp_per_floor":[66,60,60,60,65,65,65,65,72,72,72,72,72,72,72,72,72],"relic_stats":{"counters":[8,31],"Golden Idol":22,"obtain_stats":[{"Golden Idol":2,"Strawberry":9,"Ring of the Snake":0},{"Golden Idol":1,"Strawberry":2,"Ring of the Snake":0},{"Golden Idol":5,"Strawberry":9,"Ring of the Snake":0}],"Ring of the Snake":[16]},"card_choices":[{"not_picked":["A Thousand Cuts","Phantasmal Killer"],"picked":"Corpse Explosion","floor":0.0},{"not_picked":["Prepared","Underhanded Strike"],"picked":"Calculated Gamble","floor":1.0},{"not_picked":["Underhanded Strike","Acrobatics"],"picked":"Reflex","floor":4.0},{"not_picked":["Acrobatics","Terror"],"picked":"Crippling Poison","floor":10.0},{"not_picked":["Sucker Punch","Prepared","Concentrate"],"picked":"SKIP","floor":11.0},{"not_picked":["Crippling Poison","Deflect","Blade Dance"],"picked":"SKIP","floor":12.0},{"not_picked":["Doppelganger","Dagger Throw"],"picked":"PiercingWail","floor":13.0},{"not_picked":["Reflex","Blade Dance"],"picked":"Tactician","floor":14.0}],"player_experience":1448946,"relics_obtained":[{"floor":9.0,"key":"Strawberry"}],"event_choices":[{"damage_healed":0.0,"max_hp_gain":0.0,"max_hp_loss":6.0,"gold_gain":0.0,"event_name":"Golden Idol","player_choice":"Lose Max HP","floor":2.0,"gold_loss":0.0,"damage_taken":0.0,"relics_obtained":["Golden Idol"]},{"damage_healed":0.0,"max_hp_gain":5.0,"max_hp_loss":0.0,"gold_gain":0.0,"event_name":"Big Fish","player_choice":"Donut","floor":5.0,"gold_loss":0.0,"damage_taken":0.0}],"is_beta":false,"boss_relics":[],"items_purged_floors":[3],"is_endless":false,"potions_floor_spawned":[1,10,11,13],"killed_by":"The Guardian","ascension_level":20}}