{"host":"6gnjg44wf0nz538o","time":1608194495,"event":{"mods":["AchievementEnabler","BaseMod","BetterRewards","Colored Map","Minty Spire (QoL Compilation)","Replay The Spire","Spicy Shops","StSLib"],"gold_per_floor":[113,113,127,127,147,147,174,274,274,286,318,348,348,361,361,434,434,445,445,445],"floor_reached":19,"playtime":707,"items_purged":[],"score":457,"play_id":"78da2650-9be4-4940-aee1-d8a75c6603af","local_time":"20201217034135","is_ascension_mode":true,"campfire_choices":[{"data":"1","floor":6.0,"key":"LIFT"},{"floor":13.0,"key":"REST"},{"floor":15,"key":"REST"}],"circlet_count":0,"master_deck":["AscendersBane","Strike_R","Strike_R","Strike_R","Strike_R","Strike_R","Defend_R","Defend_R","Defend_R","Defend_R","Bash","Thunderclap","Shrug It Off","Sword Boomerang","Perfected Strike","Flex","Limit Break","Heavy Blade","Demon Form","CurseOfTheBell","Thunderclap"],"relics":["Burning Blood","ReplayTheSpireMod:Ninjato","Girya","Peace Pipe","InkBottle","Replay:Rubber Ducky","Calling Bell","Potion Belt","Mirror","FossilizedHelix"],"acts_visited":["Exordium","TheCity"],"potions_floor_usage":[16],"damage_taken":[{"damage":7.0,"enemies":"Jaw Worm","floor":1.0,"turns":3.0},{"damage":5.0,"enemies":"2 Louse","floor":3.0,"turns":3.0},{"damage":6.0,"enemies":"Cultist","floor":5.0,"turns":4.0},{"damage":35.0,"enemies":"Lagavulin","floor":7.0,"turns":5.0},{"damage":0.0,"enemies":"2 Fungi Beasts","floor":10.0,"turns":2.0},{"damage":22.0,"enemies":"3 Sentries","floor":11.0,"turns":7.0},{"damage":18.0,"enemies":"Large Slime","floor":14.0,"turns":6.0},{"damage":51,"enemies":"Slime Boss","floor":16,"turns":7},{"damage":39,"enemies":"Shell Parasite","floor":18,"turns":5},{"damage":35,"enemies":"3 Byrds","floor":19,"turns":4}],"seed_played":"-4715283294544778552","potions_obtained":[{"floor":3.0,"key":"Explosive Potion"},{"floor":5.0,"key":"ColorlessPotion"},{"floor":10.0,"key":"Fire Potion"},{"floor":11.0,"key":"Venom Potion"},{"floor":16,"key":"BlessingOfTheForge"}],"is_trial":false,"path_per_floor":["M","$","M","?","M","R","E","?","T","M","E","?","R","M","R","B",null,"M","M"],"character_chosen":"IRONCLAD","items_purchased":["ReplayTheSpireMod:Ninjato","Girya"],"campfire_rested":2,"item_purchase_floors":[0,0],"current_hp_per_floor":[55,55,56,56,56,56,27,27,27,33,17,17,41,29,53,8,62,29,0,0],"gold":445,"neow_bonus":"","is_daily":false,"chose_seed":false,"campfire_upgraded":0,"win_rate":0.0,"timestamp":1608194495,"path_taken":["M","$","M","?","M","R","E","?","T","?","E","?","R","M","R","BOSS","M","M"],"items_purchased_type":["Relic","Relic"],"build_version":"2020-12-13","purchased_purges":0,"victory":false,"max_hp_per_floor":[80,80,80,80,80,80,80,80,80,80,80,80,80,80,80,80,80,80,80,80],"card_choices":[{"not_picked":["Replay:Undeath\u0027s Touch","Sentinel"],"picked":"Shrug It Off","floor":1.0},{"not_picked":["Life Link","Shockwave","Armaments"],"picked":"SKIP","floor":3.0},{"not_picked":["Wild Strike","Flex"],"picked":"Sword Boomerang","floor":5.0},{"not_picked":["Body Slam","Cleave"],"picked":"Perfected Strike","floor":7.0},{"not_picked":["Thunderclap","Evolve"],"picked":"Flex","floor":10.0},{"not_picked":["ReplayTheSpireMod:LeadingStrike","Thunderclap"],"picked":"Limit Break","floor":11.0},{"not_picked":["Headbutt","Sword Boomerang"],"picked":"Heavy Blade","floor":14.0},{"not_picked":["Demonic Infusion","Eclipse"],"picked":"Demon Form","floor":16},{"not_picked":["Ghostly Armor","Clothesline"],"picked":"Thunderclap","floor":18}],"player_experience":499464,"relics_obtained":[{"floor":7.0,"key":"InkBottle"},{"floor":11.0,"key":"Replay:Rubber Ducky"},{"floor":17,"key":"Potion Belt"},{"floor":17,"key":"Mirror"},{"floor":17,"key":"FossilizedHelix"}],"event_choices":[{"damage_healed":0.0,"max_hp_gain":0.0,"max_hp_loss":0.0,"gold_gain":0.0,"event_name":"Liars Game","player_choice":"Ignored","floor":4.0,"gold_loss":0.0,"damage_taken":0.0},{"damage_healed":0.0,"max_hp_gain":0.0,"max_hp_loss":0.0,"gold_gain":100.0,"event_name":"Wheel of Change","player_choice":"Gold","floor":8.0,"gold_loss":0.0,"damage_taken":0.0},{"damage_healed":0.0,"max_hp_gain":0.0,"max_hp_loss":0.0,"gold_gain":30.0,"event_name":"Dead Adventurer","player_choice":"Searched \u00271\u0027 times","floor":12.0,"gold_loss":0.0,"damage_taken":0.0}],"is_beta":false,"boss_relics":[{"not_picked":["Honey Jar","Coffee Dripper"],"picked":"Calling Bell"}],"items_purged_floors":[],"is_endless":false,"potions_floor_spawned":[3,5,10,11,16],"killed_by":"3 Byrds","ascension_level":13}}