{"host":"g75gtovmj0ine2rf","time":1608169224,"event":{"mods":["2.2 Compatiblity","AchievementEnabler","Act Like it!","Aspiration","Astrologer","Bard","BaseMod","Better Match","BetterRewards","CapriCore","Challenge The Spire","ChefMod","Colored Map","Conspire","Energized Spire","Friendly Minions","Gensokyo","Halation","Hallownest","Hermit","HexUI Lib","Highlight Path","Hubris","Infinite Spire","Jedi Mod","Lobotomy","Minty Spire (QoL Compilation)","Puzzle Mod","Quick Restart","Rare Cards Sparkle","Relic Stats","Replay The Spire","Shade Mod","Shop Mod","Spicy Shops","StSLib","SuperFastMode","The Construct","The Cursed","The Factory","The Jungle","The Runesmith","TheBandit","TheFirefly","TheSwordswoman","TheVacant","Transform Curses","Wandering Minibosses","thorton","vexMod"],"gold_per_floor":[114,114,39,39,39,39,66,86,86,86,98,98,127,140,140,140,140,216,216,227,13,386,261,273,300,300,376,376,376,404,432,444,444,444],"floor_reached":32,"playtime":2100,"items_purged":["wariomod:Leap"],"score":474,"play_id":"e41e7a67-2af9-49f5-a7e1-0a41f0d85ef9","local_time":"20201217124024","is_ascension_mode":true,"campfire_choices":[{"data":"infinitespire:FinalStrike","floor":6,"key":"SMITH"},{"data":"wariomod:BoomForm","floor":10,"key":"SMITH"},{"floor":17,"key":"REST"},{"floor":26,"key":"REST"},{"floor":29,"key":"REST"}],"circlet_count":0,"master_deck":["AscendersBane","wariomod:Strike","wariomod:Strike","wariomod:Strike","wariomod:Strike","wariomod:Defend","wariomod:Defend","wariomod:Defend+1","wariomod:Defend","wariomod:Step","wariomod:SilenceBombs","infinitespire:FinalStrike+1","Hallownest:skillGreenpathMap","wariomod:BoomForm+1","wariomod:TreasureDig","wariomod:WipeClean","wariomod:TreasureDig","wariomod:DonateDraw+1","wariomod:BigUpgrade","wariomod:BigUpgrade"],"relics":["wariomod:TheHat","aspiration:ChemicalBlood","Hallownest:DreamNailRelic","vexMod:ScavengeHelm","wariomod:AngryHat","aspiration:FetidBarrel","energizedSpire:OgreHead","Matryoshka","Art of War","wariomod:SmileyHat","Chameleon Ring","Gremlin Food","MawBank"],"acts_visited":["Exordium","Hallownest:Greenpath"],"potions_floor_usage":[14,18,18,18,24,24,25,25,31],"damage_taken":[{"damage":2,"enemies":"Hallownest:2_Baldur","floor":1,"turns":4},{"damage":2,"enemies":"Hallownest:eliteVengeflyKing","floor":7,"turns":4},{"damage":0,"enemies":"2_ Uuma","floor":8,"turns":5},{"damage":3,"enemies":"Hallownest:2_MossCreeps","floor":11,"turns":3},{"damage":5,"enemies":"Hallownest:eliteMossKnight","floor":13,"turns":9},{"damage":0,"enemies":"Hallownest:2_Tiktiks_1_Baldur_1_Crawlid","floor":14,"turns":2},{"damage":15,"enemies":"Hallownest:BossBrokenVessel","floor":18,"turns":7},{"damage":23,"enemies":"Hallownest:2_Mistakes","floor":20,"turns":9},{"damage":12,"enemies":"Hallownest:Guard_and_Sentry","floor":24,"turns":4},{"damage":22,"enemies":"Hallownest:eliteWatcherKnight","floor":25,"turns":14},{"damage":23,"enemies":"Hallownest:Nosk","floor":30,"turns":8},{"damage":23,"enemies":"Hallownest:Master_and_Novice","floor":31,"turns":6},{"damage":9,"enemies":"Hallownest:eliteWatcherKnight","floor":32,"turns":2}],"seed_played":"5266435753845651301","potions_obtained":[{"floor":11,"key":"jedi:StrikingPotion"},{"floor":14,"key":"jedi:StrikingPotion"},{"floor":18,"key":"PowerPotion"},{"floor":20,"key":"SteroidPotion"},{"floor":24,"key":"PowerPotion"},{"floor":24,"key":"Weak Potion"},{"floor":31,"key":"jedi:wingpotion"}],"is_trial":false,"path_per_floor":["M","?","?","?","$","R","E","M","T","R","M","T","E","M","R_BF","PTL","R","B",null,"M","$","?","?","M","E","R","T","T","R","E","M","E"],"character_chosen":"THE_BANDIT","items_purchased":["Matryoshka"],"campfire_rested":3,"item_purchase_floors":[21],"current_hp_per_floor":[63,45,45,45,45,45,43,43,43,43,40,40,35,35,35,35,56,41,64,41,41,41,41,29,7,28,28,28,49,26,3,0,0,0],"gold":444,"neow_bonus":"RANDOM_COMMON_RELIC","is_daily":false,"chose_seed":false,"campfire_upgraded":2,"win_rate":0.0,"timestamp":1608169224,"path_taken":["M","?","?","?","$","R","E","M","T","R","?","?","E","?","R_BF","PTL","R","BOSS","M","$","?","?","?","E","R","?","T","R","E","M","E"],"items_purchased_type":["Relic"],"build_version":"2020-12-13","purchased_purges":1,"victory":false,"max_hp_per_floor":[72,72,72,72,72,72,72,72,72,72,72,72,72,72,72,72,72,72,72,72,72,72,72,72,72,72,72,72,72,72,72,72,72,72],"relic_stats":{"counters":[13,77],"Art of War":[3],"MawBank":24,"obtain_stats":[{"Gremlin Food":28,"wariomod:SmileyHat":27,"vexMod:ScavengeHelm":7,"aspiration:FetidBarrel":13,"wariomod:TheHat":0,"Hallownest:DreamNailRelic":4,"energizedSpire:OgreHead":19,"MawBank":30,"wariomod:AngryHat":12,"Matryoshka":21,"Chameleon Ring":27,"Art of War":25,"aspiration:ChemicalBlood":0,"Replay:Bottled Steam":9},{"Gremlin Food":10,"wariomod:SmileyHat":10,"vexMod:ScavengeHelm":2,"aspiration:FetidBarrel":5,"wariomod:TheHat":0,"Hallownest:DreamNailRelic":1,"energizedSpire:OgreHead":7,"MawBank":11,"wariomod:AngryHat":4,"Matryoshka":8,"Chameleon Ring":10,"Art of War":10,"aspiration:ChemicalBlood":0,"Replay:Bottled Steam":3},{"Gremlin Food":61,"wariomod:SmileyHat":61,"vexMod:ScavengeHelm":8,"aspiration:FetidBarrel":25,"wariomod:TheHat":0,"Hallownest:DreamNailRelic":4,"energizedSpire:OgreHead":34,"MawBank":69,"wariomod:AngryHat":16,"Matryoshka":43,"Chameleon Ring":61,"Art of War":61,"aspiration:ChemicalBlood":0,"Replay:Bottled Steam":13}]},"card_choices":[{"not_picked":["wariomod:BoomBoom","wariomod:f"],"picked":"wariomod:SilenceBombs","floor":1},{"not_picked":["infinitespire:Menacing","hubris:Rewind"],"picked":"infinitespire:FinalStrike","floor":2},{"not_picked":["wariomod:BumRush","wariomod:SilenceBombs"],"picked":"wariomod:BoomForm","floor":7},{"not_picked":["wariomod:Game","wariomod:Hopshield"],"picked":"wariomod:TreasureDig","floor":8},{"not_picked":["wariomod:Bombtime","wariomod:SpikeSlash","wariomod:Goblast"],"picked":"SKIP","floor":11},{"not_picked":["wariomod:Goblast","wariomod:ThatsNotAll","wariomod:OctoJump"],"picked":"SKIP","floor":13},{"not_picked":["wariomod:ThatsNotAll","wariomod:SimpleShield","wariomod:HastyRush"],"picked":"SKIP","floor":14},{"not_picked":["wariomod:ShipSmash","wariomod:FabulousPrizes"],"picked":"wariomod:WipeClean","floor":18},{"not_picked":["wariomod:TheGrandJourney","wariomod:DanceDash"],"picked":"wariomod:TreasureDig","floor":20},{"not_picked":["wariomod:TempestBlasts+1","wariomod:Bombtime+1"],"picked":"wariomod:DonateDraw+1","floor":23},{"not_picked":["wariomod:SimpleShield","wariomod:DisarmingMoves"],"picked":"wariomod:BigUpgrade","floor":24},{"not_picked":["wariomod:Goblast","wariomod:Bombtime","wariomod:TempestBlasts"],"picked":"SKIP","floor":25},{"not_picked":["wariomod:ThatsNotAll","wariomod:ChargeForth"],"picked":"wariomod:BigUpgrade","floor":30},{"not_picked":["wariomod:TheGrandJourney","wariomod:ChargeForth","wariomod:SpikeSlash"],"picked":"SKIP","floor":31}],"player_experience":1323484,"relics_obtained":[{"floor":7,"key":"vexMod:ScavengeHelm"},{"floor":9,"key":"Replay:Bottled Steam"},{"floor":12,"key":"wariomod:AngryHat"},{"floor":13,"key":"aspiration:FetidBarrel"},{"floor":25,"key":"Art of War"},{"floor":27,"key":"wariomod:SmileyHat"},{"floor":27,"key":"Chameleon Ring"},{"floor":28,"key":"Gremlin Food"},{"floor":30,"key":"MawBank"}],"event_choices":[{"damage_healed":0,"gold_gain":0,"player_choice":"2","damage_taken":0,"max_hp_gain":0,"max_hp_loss":0,"event_name":"betterMatch:BetterMatch","floor":23,"gold_loss":0,"cards_obtained":["betterMatch:UncommonCard"]}],"is_beta":false,"boss_relics":[{"not_picked":["Honey Jar","halation:PlatinumPhoenix"],"picked":"energizedSpire:OgreHead"}],"items_purged_floors":[21],"is_endless":false,"potions_floor_spawned":[11,13,14,20,24,31],"killed_by":"Hallownest:eliteWatcherKnight","ascension_level":17}}