{"host":"21h5e52imz35vo8g","time":1608231337,"event":{"mods":["AchievementEnabler","BaseMod","Colored Map","Colored Powertips","Googly Eyes","Minty Spire (QoL Compilation)","Quick Restart","Rare Cards Sparkle","Replay The Spire","StSLib"],"gold_per_floor":[115,115,133,133,58,58,92,102,126,126,126],"floor_reached":10,"playtime":430,"items_purged":["Defend_G"],"score":79,"play_id":"85703223-e10a-44c0-b5b1-ce2e70ebb765","local_time":"20201218025537","is_ascension_mode":true,"campfire_choices":[{"data":"Cloak And Dagger","floor":6,"key":"SMITH"}],"circlet_count":0,"master_deck":["Strike_G","Strike_G","Strike_G","Strike_G","Strike_G","Defend_G+1","Defend_G","Defend_G+1","Defend_G","Survivor+1","Neutralize+1","Cloak And Dagger+1","Outmaneuver"],"relics":["Sozu","Paper Crane","Eternal Feather","War Paint"],"acts_visited":["Exordium"],"potions_floor_usage":[],"damage_taken":[{"damage":0,"enemies":"Cultist","floor":1,"turns":4},{"damage":0,"enemies":"Small Slimes","floor":3,"turns":3},{"damage":35,"enemies":"3 Sentries","floor":7,"turns":10},{"damage":0,"enemies":"Jaw Worm","floor":8,"turns":3},{"damage":26,"enemies":"Replay:BlueRogue","floor":10,"turns":7}],"seed_played":"-8380581675931223541","potions_obtained":[],"is_trial":false,"path_per_floor":["M","T","M","?","$","R","E","M","T","E"],"character_chosen":"THE_SILENT","items_purchased":[],"campfire_rested":0,"item_purchase_floors":[],"current_hp_per_floor":[70,70,70,56,56,56,21,21,21,0,0],"gold":126,"neow_bonus":"BOSS_RELIC","is_daily":false,"chose_seed":false,"campfire_upgraded":1,"win_rate":0.0,"timestamp":1608231337,"path_taken":["M","?","M","?","$","R","E","M","T","E"],"items_purchased_type":[],"build_version":"2020-12-13","purchased_purges":1,"victory":false,"max_hp_per_floor":[70,70,70,70,70,70,70,70,70,70,70],"card_choices":[{"not_picked":["Deflect","Hidden Blade"],"picked":"Cloak And Dagger","floor":1},{"not_picked":["PiercingWail","Leg Sweep","Dagger Spray"],"picked":"SKIP","floor":3},{"not_picked":["Calculated Gamble","Prepared"],"picked":"Outmaneuver","floor":7},{"not_picked":["Deadly Poison","Flechettes","PiercingWail"],"picked":"SKIP","floor":8}],"player_experience":272604,"relics_obtained":[{"floor":2,"key":"Paper Crane"},{"floor":7,"key":"Eternal Feather"},{"floor":9,"key":"War Paint"}],"event_choices":[{"damage_healed":0,"gold_gain":0,"player_choice":"Entered Light","damage_taken":14,"max_hp_gain":0,"max_hp_loss":0,"event_name":"Shining Light","floor":4,"gold_loss":0,"cards_upgraded":["Neutralize","Defend_G"]}],"is_beta":false,"boss_relics":[],"items_purged_floors":[5],"is_endless":false,"potions_floor_spawned":[7,8],"killed_by":"Replay:BlueRogue","ascension_level":4}}