{"host":"jr9f8lmgw9kaplsw","time":1608235633,"event":{"mods":["AchievementEnabler","BaseMod","BetterRewards","Colored Map","Hubris","Minty Spire (QoL Compilation)","Replay The Spire","Shop Mod","StSLib","The Cursed"],"gold_per_floor":[114,289,289,289,289,319,319,334,334,334,359,374,374,124,124,224,224,239,239,239,239,254,254,254,284,334,334,349,199,199,199,199,299,299,314,329,394,394,198,198,198,213,213,488,113,138,167,167,167,193],"floor_reached":51,"playtime":6973,"items_purged":["Regret"],"score":755,"play_id":"c4cf65ad-3db1-44ae-8add-cfa4c72ef70c","local_time":"20201217150713","daily_mods":["Specialized","Flight","Lethality"],"is_ascension_mode":false,"campfire_choices":[{"floor":7,"key":"REST"},{"floor":15,"key":"REST"},{"floor":23,"key":"REST"},{"floor":27,"key":"REST"},{"floor":30,"key":"REST"},{"data":"White Noise","floor":32,"key":"SMITH"},{"data":"Electrodynamics","floor":40,"key":"SMITH"},{"data":"Zap","floor":41,"key":"SMITH"},{"floor":49,"key":"REST"}],"circlet_count":0,"master_deck":["Strike_B+1","Strike_B+1","Strike_B+1","Defend_B+1","Defend_B+1","Defend_B+1","Defend_B+1","Zap+1","Dualcast+1","Echo Form+1","Echo Form+1","Echo Form+1","Echo Form+1","Echo Form+1","Doubt","Conserve Battery+1","Cold Snap+1","hubris:Ukulele+1","Regret","Electrodynamics+1","Gash+1","Decay","White Noise+1","White Noise+1","Sweeping Beam+1","Streamline+1","Echo Form+1","Sunder+1","Sweeping Beam+1","Voices","Steam+1","Decay","Apotheosis+1","Self Repair+1","TheCursedMod:Dregs","hubris:Lust","Parasite","Echo Form+1"],"relics":["Cracked Core","ReplayTheSpireMod:Ring of Collecting","Strawberry","hubris:SoftwareUpdate","hubris:TenFootPole","Replay:Rubber Ducky","Gremlin Horn","hubris:Backtick","Mummified Hand","Eternal Feather","Blue Doll","DataDisk","Cursed Key","Toxic Egg 2","Onion Ring","ReplayTheSpireMod:Ring of Exchange","hubris:BallOfYels","Replay:Antivirus Software","Replay:Bandana","Mark of the Bloom"],"acts_visited":["Exordium","TheCity","TheBeyond"],"potions_floor_usage":[25,25,33,36,50,50,50],"damage_taken":[{"damage":9,"enemies":"Cultist","floor":1,"turns":3},{"damage":64,"enemies":"3 Sentries","floor":6,"turns":8},{"damage":0,"enemies":"2 Louse","floor":8,"turns":2},{"damage":5,"enemies":"Jaw Worm","floor":12,"turns":4},{"damage":26,"enemies":"Fading Forest","floor":16,"turns":11},{"damage":56,"enemies":"3 Byrds","floor":18,"turns":3},{"damage":11,"enemies":"Chosen","floor":22,"turns":3},{"damage":39,"enemies":"Slavers","floor":25,"turns":7},{"damage":18,"enemies":"Centurion and Healer","floor":28,"turns":4},{"damage":3,"enemies":"Champ","floor":33,"turns":8},{"damage":0,"enemies":"3 Shapes","floor":35,"turns":3},{"damage":24,"enemies":"3 Darklings","floor":36,"turns":4},{"damage":6,"enemies":"Maw","floor":42,"turns":6},{"damage":9,"enemies":"Writhing Mass","floor":47,"turns":4},{"damage":59,"enemies":"Replay:Hell Engine","floor":50,"turns":8}],"seed_played":"-4230686447748436371","potions_obtained":[{"floor":8,"key":"FearPotion"},{"floor":16,"key":"SpeedPotion"},{"floor":18,"key":"Block Potion"},{"floor":28,"key":"ColorlessPotion"},{"floor":33,"key":"Milkshake"},{"floor":35,"key":"SkillPotion"},{"floor":37,"key":"DistilledChaos"}],"is_trial":false,"path_per_floor":["M","?","?","$","$","E","R","M","T","?","T","M","?","$","R","B",null,"M","$","?","?","M","R","$","E","T","R","M","$","R","?","R","B",null,"M","M","?","?","$","R","R","M","T","?","$","T","M","?","R","B",null],"character_chosen":"DEFECT","items_purchased":["Gremlin Horn","DataDisk","Apotheosis+1","hubris:BallOfYels","Replay:Antivirus Software"],"campfire_rested":6,"item_purchase_floors":[14,29,39,45,45],"current_hp_per_floor":[66,66,66,66,66,9,33,33,33,33,33,28,28,28,52,34,82,26,26,26,53,42,66,66,27,27,63,45,45,82,82,82,79,82,82,58,58,58,58,76,82,76,76,76,76,76,82,82,82,23],"gold":193,"neow_bonus":"","is_daily":true,"chose_seed":false,"campfire_upgraded":3,"win_rate":0.0,"timestamp":1608235633,"path_taken":["M","?","?","?","$","E","R","M","T","?","?","?","?","$","R","BOSS","M","$","?","?","M","R","$","E","T","R","?","$","R","?","R","BOSS","M","?","?","?","$","R","R","?","T","?","$","?","?","?","R","BOSS"],"items_purchased_type":["Relic","Relic","Card","Relic","Relic"],"build_version":"2020-12-13","purchased_purges":1,"victory":true,"max_hp_per_floor":[75,75,75,75,75,82,82,82,82,82,82,82,82,82,82,82,82,82,82,82,82,82,82,82,82,82,82,82,82,82,82,82,82,82,82,82,82,82,82,82,82,82,82,82,82,82,82,82,82,82],"card_choices":[{"not_picked":["BasicCrystalCard","ReplayTheSpireMod:Calculation Training","Panic Button"],"picked":"SKIP","floor":1},{"not_picked":["Steam","Beam Cell"],"picked":"Conserve Battery","floor":6},{"not_picked":["Undo","Barrage"],"picked":"Cold Snap","floor":8},{"not_picked":["Consume","Chaos","Force Field"],"picked":"SKIP","floor":12},{"not_picked":["Rainbow","ReplayTheSpireMod:Fabricate Wheel"],"picked":"Electrodynamics","floor":16},{"not_picked":["Aggregate","Hologram"],"picked":"Gash","floor":18},{"not_picked":["Sweeping Beam+1","Ball Lightning"],"picked":"White Noise+1","floor":22},{"not_picked":["Static Discharge","Reprogram+1"],"picked":"White Noise","floor":25},{"not_picked":["Go for the Eyes","ReplayTheSpireMod:Repulse"],"picked":"Sweeping Beam","floor":28},{"not_picked":["ReplayRNGCard","Hyperbeam"],"picked":"Echo Form","floor":33},{"not_picked":["FIFO Queue+1","Panic Button+1"],"picked":"Sunder","floor":35},{"not_picked":["Beam Cell","Fusion"],"picked":"Sweeping Beam+1","floor":36},{"not_picked":["Darkness+1","Rip and Tear+1"],"picked":"Steam+1","floor":37},{"not_picked":["Turbo+1","Steam+1"],"picked":"Self Repair+1","floor":42},{"not_picked":["Double Energy+1","Redo+1"],"picked":"Echo Form","floor":47}],"player_experience":2774329,"relics_obtained":[{"floor":3,"key":"ReplayTheSpireMod:Ring of Collecting"},{"floor":6,"key":"Strawberry"},{"floor":9,"key":"hubris:SoftwareUpdate"},{"floor":11,"key":"hubris:TenFootPole"},{"floor":25,"key":"Eternal Feather"},{"floor":26,"key":"Blue Doll"},{"floor":37,"key":"Toxic Egg 2"},{"floor":43,"key":"Onion Ring"},{"floor":43,"key":"ReplayTheSpireMod:Ring of Exchange"},{"floor":46,"key":"Replay:Bandana"}],"event_choices":[{"damage_healed":0,"gold_gain":175,"player_choice":"AGREE","damage_taken":0,"max_hp_gain":0,"max_hp_loss":0,"event_name":"Liars Game","floor":2,"gold_loss":0,"cards_obtained":["Doubt"]},{"damage_healed":0,"gold_gain":0,"cards_transformed":["Strike_B"],"player_choice":"Change","damage_taken":0,"max_hp_gain":0,"max_hp_loss":0,"event_name":"Living Wall","floor":10,"gold_loss":0,"cards_obtained":["hubris:Ukulele"]},{"damage_healed":0,"gold_gain":0,"player_choice":"Box","damage_taken":0,"relics_obtained":["Replay:Rubber Ducky"],"max_hp_gain":0,"max_hp_loss":0,"event_name":"Big Fish","floor":13,"gold_loss":0,"cards_obtained":["Regret"]},{"damage_healed":0,"gold_gain":0,"player_choice":"Smashed Altar","damage_taken":0,"max_hp_gain":0,"max_hp_loss":0,"event_name":"Forgotten Altar","floor":20,"gold_loss":0,"cards_obtained":["Decay"]},{"damage_healed":27,"gold_gain":0,"player_choice":"Heal","damage_taken":0,"max_hp_gain":0,"max_hp_loss":0,"event_name":"The Library","floor":21,"gold_loss":0},{"damage_healed":0,"gold_gain":0,"player_choice":"1 cards matched","damage_taken":0,"max_hp_gain":0,"max_hp_loss":0,"event_name":"Match and Keep!","floor":31,"gold_loss":0,"cards_obtained":["Streamline"]},{"damage_healed":0,"gold_gain":0,"player_choice":"Cursed","damage_taken":0,"max_hp_gain":0,"max_hp_loss":0,"event_name":"Wheel of Change","floor":38,"gold_loss":0,"cards_obtained":["Decay"]},{"damage_healed":0,"gold_gain":275,"player_choice":"Desecrate","damage_taken":0,"max_hp_gain":0,"max_hp_loss":0,"event_name":"Golden Shrine","floor":44,"gold_loss":0,"cards_obtained":["Regret"]},{"damage_healed":0,"gold_gain":0,"player_choice":"Upgrade","damage_taken":0,"relics_obtained":["Mark of the Bloom"],"max_hp_gain":0,"max_hp_loss":0,"event_name":"MindBloom","floor":48,"gold_loss":0,"cards_upgraded":["Strike_B","Strike_B","Strike_B","Defend_B","Defend_B","Defend_B","Defend_B","Dualcast","Echo Form","Echo Form","Echo Form","Echo Form","Echo Form","Conserve Battery","Cold Snap","hubris:Ukulele","Gash","Sweeping Beam","Streamline","Echo Form","Sunder","Echo Form"]}],"is_beta":false,"boss_relics":[{"not_picked":["Replay:Drink Me","Inserter"],"picked":"hubris:Backtick"},{"not_picked":["Replay:Grab Bag","hubris:Stopwatch"],"picked":"Cursed Key"}],"items_purged_floors":[45],"is_endless":false,"potions_floor_spawned":[8,16,18,28,33,35,47],"ascension_level":0}}