{"host":"0rxdudjy6rylha1k","time":1608230711,"event":{"mods":["Aspiration","BaseMod","Colored Map","Colored Powertips","Downfall","Highlight Path","Hubris","Minty Spire (QoL Compilation)","StSLib"],"gold_per_floor":[99,99,158,83,83,83,109,109,94,121,134,29,46,62,82,187,187,187,200,200,200,185,185,212,212,237,237,74,68,68,68,78,174,174,174,174,205,205,130,130,130,130,145,190,190,190,190,202,219,219],"floor_reached":51,"playtime":6172,"items_purged":["Flechettes"],"score":721,"play_id":"e10c42bc-78b6-4553-80de-51f3a1fb8357","local_time":"20201217114511","is_ascension_mode":true,"campfire_choices":[{"floor":1.0,"key":"RECALL"},{"data":"champ:Taunt","floor":4.0,"key":"SMITH"},{"data":"champ:Execute","floor":8.0,"key":"SMITH"},{"data":"champ:MurderStrike","floor":18.0,"key":"SMITH"},{"data":"champ:FanOfKnives","floor":20.0,"key":"SMITH"},{"data":"champ:Haymaker","floor":25.0,"key":"SMITH"},{"data":"champ:Balance","floor":27.0,"key":"SMITH"},{"data":"champ:VampiricStrike","floor":35.0,"key":"SMITH"},{"data":"champ:IronFortress","floor":38.0,"key":"SMITH"},{"data":"champ:SteelEdge","floor":40.0,"key":"SMITH"},{"data":"champ:FocusedGladiator","floor":42.0,"key":"SMITH"}],"circlet_count":0,"master_deck":["champ:Strike","champ:Defend+1","champ:Defend+1","champ:Defend","champ:Defend","champ:Execute+1","champ:Taunt+1","champ:RisingSlash","champ:Haymaker+1","champ:SteelEdge+1","champ:FlashCut","champ:Balance+1","champ:FanOfKnives+1","champ:Backstep","champ:RisingSlash","champ:FocusedGladiator+1","champ:Haymaker+1","champ:MurderStrike+1","champ:RisingSlash","champ:CrookedStrike","champ:ShieldSigil+1","champ:IronFortress+1","champ:VampiricStrike+1","hubris:Counter","Predator","champ:FanOfKnives","champ:StanceDance+1"],"relics":["champ:ChampionCrown","downfall:BrokenWingStatue","War Paint","downfall:HeartBlessingRed","champ:LiftRelic","MealTicket","Blue Candle","Black Star","downfall:KnowingSkull","Tiny Chest","Ginger","Letter Opener","Oddly Smooth Stone","Guardian:PocketSentry","hubris:SlimyHat","aspiration:RitualStick","SacredBark","Torii","champ:FightingForDummies","Eternal Feather","Dead Branch","Bag of Preparation","Gremlin Horn","Bottled Tornado"],"acts_visited":["Exordium","TheCity","TheBeyond"],"potions_floor_usage":[50],"damage_taken":[{"damage":21.0,"enemies":"3 Sentries","floor":3.0,"turns":11.0},{"damage":10.0,"enemies":"downfall:FleeingMerchant","floor":9.0,"turns":4.0},{"damage":23.0,"enemies":"Lagavulin","floor":10.0,"turns":7.0},{"damage":5.0,"enemies":"Small Slimes","floor":11.0,"turns":2.0},{"damage":0.0,"enemies":"downfall:FleeingMerchant","floor":12.0,"turns":4.0},{"damage":3.0,"enemies":"Jaw Worm","floor":13.0,"turns":2.0},{"damage":11.0,"enemies":"2 Louse","floor":14.0,"turns":2.0},{"damage":6.0,"enemies":"Lots of Slimes","floor":15.0,"turns":3.0},{"damage":46.0,"enemies":"downfall:Defect","floor":16.0,"turns":6.0},{"damage":24.0,"enemies":"3 Byrds","floor":19.0,"turns":4.0},{"damage":3.0,"enemies":"downfall:FleeingMerchant","floor":22.0,"turns":4.0},{"damage":43.0,"enemies":"Book of Stabbing","floor":26.0,"turns":5.0},{"damage":24.0,"enemies":"downfall:FleeingMerchant","floor":28.0,"turns":4.0},{"damage":0.0,"enemies":"downfall:FleeingMerchant","floor":29.0,"turns":3.0},{"damage":6.0,"enemies":"Shell Parasite","floor":32.0,"turns":3.0},{"damage":66.0,"enemies":"downfall:Silent","floor":33.0,"turns":8.0},{"damage":87.0,"enemies":"Giant Head","floor":37.0,"turns":8.0},{"damage":6.0,"enemies":"Orb Walker","floor":43.0,"turns":3.0},{"damage":30,"enemies":"Nemesis","floor":44,"turns":7},{"damage":16,"enemies":"3 Shapes","floor":48,"turns":5},{"damage":10,"enemies":"3 Darklings","floor":49,"turns":3},{"damage":13,"enemies":"downfall:Watcher","floor":50,"turns":6}],"seed_played":"5803873062367389347","potions_obtained":[{"floor":0.0,"key":"Swift Potion"},{"floor":0.0,"key":"hexamod:EctoCoolerPotion"},{"floor":0.0,"key":"Fire Potion"},{"floor":11.0,"key":"Guardian:BlockOnCardUsePotion"},{"floor":13.0,"key":"Swift Potion"},{"floor":15.0,"key":"SteroidPotion"},{"floor":19.0,"key":"FairyPotion"},{"floor":26.0,"key":"EssenceOfSteel"},{"floor":37.0,"key":"champ:OpenerPotion"},{"floor":44,"key":"Dexterity Potion"}],"is_trial":false,"path_per_floor":["R","?","?","R","?","?","T","R","$","E","M","$","M","M","M","B",null,"R","M","R","?","$","?","T","R","E","R","$","$","$","?","M","B",null,"R","?","E","R","$","R","T","R","M","E","?","T","?","M","M","B",null],"character_chosen":"THE_CHAMP","items_purchased":["champ:FanOfKnives","champ:Backstep","Oddly Smooth Stone","Guardian:PocketSentry","hubris:SlimyHat","Regen Potion"],"campfire_rested":0,"item_purchase_floors":[12,12,28,29,29,29],"current_hp_per_floor":[90,90,72,72,72,72,72,72,87,69,69,84,81,81,81,44,90,90,80,80,71,86,86,86,86,48,48,48,63,78,60,63,32,90,90,90,63,63,78,78,78,90,90,60,60,60,90,79,78,65],"gold":219,"neow_bonus":"THREE_SMALL_POTIONS","is_daily":false,"chose_seed":false,"campfire_upgraded":10,"win_rate":0.0,"timestamp":1608230711,"path_taken":["R","?","?","R","?","?","T","R","?","E","M","$","?","M","M","BOSS","R","M","R","?","?","?","T","R","E","R","$","$","$","?","M","BOSS","R","?","E","R","$","R","T","R","M","E","?","?","?","?","M","BOSS"],"items_purchased_type":["Card","Card","Relic","Relic","Relic","Potion"],"build_version":"2020-12-13","purchased_purges":1,"victory":true,"max_hp_per_floor":[90,90,90,90,90,90,90,90,90,90,90,90,90,90,90,90,90,90,90,90,90,90,90,90,90,90,90,90,90,90,90,90,90,90,90,90,90,90,90,90,90,90,90,90,90,90,90,90,90,90],"card_choices":[{"not_picked":["champ:ShieldSigil","champ:BerserkerStyle"],"picked":"champ:RisingSlash","floor":3.0},{"not_picked":["champ:StanceDance","champ:BringItOn"],"picked":"champ:Haymaker","floor":9.0},{"not_picked":["champ:SkillfulDodge","champ:DefensiveShout"],"picked":"champ:SteelEdge","floor":10.0},{"not_picked":["champ:PreciseThrust","champ:EnGarde"],"picked":"champ:FlashCut","floor":11.0},{"not_picked":["champ:PerfectedStrike","champ:FocusedGladiator"],"picked":"champ:Balance","floor":12.0},{"not_picked":["champ:FalseCounter","champ:StanceDance"],"picked":"champ:RisingSlash","floor":13.0},{"not_picked":["champ:EnragedBash","champ:Encircle"],"picked":"champ:FocusedGladiator","floor":14.0},{"not_picked":["champ:Riposte","champ:EnragedBash"],"picked":"champ:Haymaker","floor":15.0},{"not_picked":["champ:Devastate","champ:HeavySlash"],"picked":"champ:MurderStrike","floor":16.0},{"not_picked":["champ:Encircle","champ:SwordSigil+1"],"picked":"champ:RisingSlash","floor":19.0},{"not_picked":["champ:Backstep","champ:RageSigil","champ:BladeFlurry"],"picked":"SKIP","floor":22.0},{"not_picked":["champ:CalledShot","champ:Haymaker+1"],"picked":"champ:CrookedStrike","floor":26.0},{"not_picked":["champ:Encircle","champ:FocusedDefense+1"],"picked":"champ:ShieldSigil+1","floor":28.0},{"not_picked":["champ:EnGarde","champ:FanOfKnives"],"picked":"champ:IronFortress","floor":29.0},{"not_picked":["champ:Haymaker","champ:RisingSlash+1","champ:DefensiveShout"],"picked":"SKIP","floor":32.0},{"not_picked":["champ:StrikeOfGenius","champ:IgnorePain"],"picked":"champ:VampiricStrike","floor":33.0},{"not_picked":["champ:FightOn","champ:BladeFlurry+1"],"picked":"champ:FanOfKnives","floor":37.0},{"not_picked":["champ:Haymaker","champ:FanOfKnives+1","champ:PerfectedStrike+1"],"picked":"SKIP","floor":43.0},{"not_picked":["champ:Lariat+1","champ:PerfectedStrike+1","champ:FaceSlap+1"],"picked":"SKIP","floor":44},{"not_picked":["champ:ShieldSigil","champ:PerfectedStrike"],"picked":"champ:StanceDance+1","floor":48},{"not_picked":["champ:DefensiveShout","champ:EnragedBash+1","champ:BerserkerStyle+1"],"picked":"SKIP","floor":49}],"player_experience":2260522,"relics_obtained":[{"floor":3.0,"key":"War Paint"},{"floor":7.0,"key":"MealTicket"},{"floor":10.0,"key":"Blue Candle"},{"floor":24.0,"key":"Tiny Chest"},{"floor":26.0,"key":"Ginger"},{"floor":26.0,"key":"Letter Opener"},{"floor":37.0,"key":"Torii"},{"floor":37.0,"key":"champ:FightingForDummies"},{"floor":41.0,"key":"Eternal Feather"},{"floor":44,"key":"Dead Branch"},{"floor":44,"key":"Bag of Preparation"},{"floor":45,"key":"Gremlin Horn"},{"floor":46,"key":"Bottled Tornado"}],"event_choices":[{"damage_healed":30,"gold_gain":0,"player_choice":"Full Heal","damage_taken":0,"max_hp_gain":0,"max_hp_loss":0,"event_name":"Wheel of Change","floor":47,"gold_loss":0}],"is_beta":false,"boss_relics":[{"not_picked":["hubris:RunicObelisk","Empty Cage"],"picked":"Black Star"},{"not_picked":["hubris:BlackHole","Coffee Dripper"],"picked":"SacredBark"}],"items_purged_floors":[39],"is_endless":false,"potions_floor_spawned":[11,13,15,19,26,37,44],"ascension_level":1}}