{"host":"3srbdas3e7jgqz5l","time":1608236505,"event":{"mods":["BaseMod","Downfall","Minty Spire (QoL Compilation)","StSLib","The Cursed"],"gold_per_floor":[114,189,189,206,223,223,253,267,267,267,301,301,301,335,347,458,470,493,505,442,465,477,520,532,563,575,67,67,87,417,428,428,528,528,542,555,605,605,605,605,622,649,726,756,775,775,775],"floor_reached":46,"playtime":3484,"items_purged":["Strike_B"],"score":819,"play_id":"0c2f38fe-51df-41fd-8f56-963c7b4f8434","local_time":"20201217202145","is_ascension_mode":true,"campfire_choices":[{"data":"Sweeping Beam","floor":6.0,"key":"SMITH"},{"floor":10.0,"key":"REST"},{"data":"Doom and Gloom","floor":12.0,"key":"SMITH"},{"floor":15.0,"key":"REST"},{"data":"Biased Cognition","floor":24.0,"key":"SMITH"},{"data":"Rainbow","floor":28.0,"key":"SMITH"},{"floor":32.0,"key":"REST"},{"data":"Consume","floor":40.0,"key":"SMITH"}],"circlet_count":0,"master_deck":["Defend_B","Defend_B","Defend_B","Zap+1","Dualcast","Rainbow+1","Cold Snap","Hologram+1","Sweeping Beam+1","Doom and Gloom+1","Compile Driver","Biased Cognition+1","Turbo+1","Conserve Battery","Coolheaded+1","Amplify","Meteor Strike+1","Compile Driver+1","Thunder Strike+1","Capacitor+1","Consume+1","BootSequence+1","Barrage+1","Fusion+1","Reboot"],"relics":["Cracked Core","Toy Ornithopter","Orichalcum","Question Card","MawBank","Philosopher\u0027s Stone","Nilry\u0027s Codex","Incense Burner","Pear","OrangePellets","Torii","Old Coin","Astrolabe","Dead Branch","Bottled Lightning","Meat on the Bone"],"acts_visited":["Exordium","TheCity","TheBeyond"],"potions_floor_usage":[42,44],"damage_taken":[{"damage":2.0,"enemies":"Jaw Worm","floor":1.0,"turns":4.0},{"damage":0.0,"enemies":"Cultist","floor":4.0,"turns":3.0},{"damage":0.0,"enemies":"2 Louse","floor":5.0,"turns":2.0},{"damage":16.0,"enemies":"Gremlin Nob","floor":7.0,"turns":3.0},{"damage":0.0,"enemies":"Large Slime","floor":8.0,"turns":4.0},{"damage":21.0,"enemies":"Lagavulin","floor":11.0,"turns":5.0},{"damage":32.0,"enemies":"Gremlin Nob","floor":14.0,"turns":4.0},{"damage":23.0,"enemies":"The Guardian","floor":16.0,"turns":12.0},{"damage":2.0,"enemies":"Spheric Guardian","floor":18.0,"turns":3.0},{"damage":6.0,"enemies":"Chosen","floor":21.0,"turns":4.0},{"damage":14.0,"enemies":"Slavers","floor":23.0,"turns":5.0},{"damage":2.0,"enemies":"3 Cultists","floor":25.0,"turns":3.0},{"damage":1.0,"enemies":"Centurion and Healer","floor":29.0,"turns":5.0},{"damage":0.0,"enemies":"Gremlin Leader","floor":30.0,"turns":4.0},{"damage":15.0,"enemies":"Snake Plant","floor":31.0,"turns":3.0},{"damage":0.0,"enemies":"Champ","floor":33.0,"turns":10.0},{"damage":0.0,"enemies":"3 Shapes","floor":35.0,"turns":4.0},{"damage":0.0,"enemies":"3 Darklings","floor":36.0,"turns":4.0},{"damage":22.0,"enemies":"Mind Bloom Boss Battle","floor":37.0,"turns":9.0},{"damage":14.0,"enemies":"Maw","floor":41.0,"turns":7.0},{"damage":34,"enemies":"Reptomancer","floor":42,"turns":8},{"damage":1,"enemies":"Nemesis","floor":44,"turns":7},{"damage":0,"enemies":"Jaw Worm Horde","floor":45,"turns":5},{"damage":38,"enemies":"Transient","floor":46,"turns":5}],"seed_played":"-8183159870440684898","potions_obtained":[{"floor":4.0,"key":"PowerPotion"},{"floor":7.0,"key":"FocusPotion"},{"floor":22.0,"key":"Ancient Potion"},{"floor":22.0,"key":"SpeedPotion"},{"floor":25.0,"key":"Block Potion"},{"floor":29.0,"key":"FocusPotion"},{"floor":30.0,"key":"FairyPotion"},{"floor":41.0,"key":"GamblersBrew"},{"floor":42,"key":"Block Potion"},{"floor":44,"key":"DistilledChaos"}],"is_trial":false,"path_per_floor":["M","?","?","M","M","R","E","M","T","R","E","R","?","E","R","B",null,"M","?","?","M","?","E","R","M","T","$","R","M","E","M","R","B",null,"M","M","?","?","?","R","M","E","T","E","M","M"],"character_chosen":"DEFECT","items_purchased":["OrangePellets","Torii"],"campfire_rested":3,"item_purchase_floors":[27,27],"current_hp_per_floor":[66,55,55,55,55,55,39,39,39,61,40,40,40,8,30,7,58,56,40,40,34,34,30,30,28,38,38,38,42,42,27,52,52,77,77,77,55,55,55,55,41,12,12,16,28,0,0],"gold":775,"neow_bonus":"ONE_RANDOM_RARE_CARD","is_daily":false,"chose_seed":false,"campfire_upgraded":5,"win_rate":0.0,"timestamp":1608236505,"path_taken":["M","?","?","M","?","R","E","M","T","R","E","R","?","E","R","BOSS","M","?","?","M","?","E","R","?","T","$","R","M","E","M","R","BOSS","M","M","?","?","?","R","M","E","T","E","M","?"],"items_purchased_type":["Relic","Relic"],"build_version":"2020-12-13","purchased_purges":1,"victory":false,"max_hp_per_floor":[75,75,75,75,75,75,75,75,75,75,75,75,75,75,75,75,75,75,75,75,75,75,75,75,75,85,85,85,85,85,85,85,85,85,85,85,85,81,81,81,81,81,81,81,81,81,81],"card_choices":[{"not_picked":["Streamline","Sweeping Beam"],"picked":"Cold Snap","floor":1.0},{"not_picked":["Gash","Sweeping Beam"],"picked":"Hologram","floor":4.0},{"not_picked":["Force Field","Fusion"],"picked":"Sweeping Beam","floor":5.0},{"not_picked":["Cold Snap","Recycle","Hologram"],"picked":"SKIP","floor":7.0},{"not_picked":["Blizzard","Chill"],"picked":"Doom and Gloom","floor":8.0},{"not_picked":["Go for the Eyes","Storm","Rip and Tear"],"picked":"SKIP","floor":11.0},{"not_picked":["Sunder","Redo","Hyperbeam"],"picked":"Compile Driver","floor":14.0},{"not_picked":["Seek","Multi-Cast","Core Surge"],"picked":"Biased Cognition","floor":16.0},{"not_picked":["Leap","Cold Snap+1","Rip and Tear+1"],"picked":"Turbo+1","floor":18.0},{"not_picked":["Rebound","Gash","Darkness"],"picked":"Conserve Battery","floor":21.0},{"not_picked":["Blizzard","Compile Driver","Streamline","Stack"],"picked":"SKIP","floor":23.0},{"not_picked":["Go for the Eyes","Undo","Compile Driver"],"picked":"Coolheaded+1","floor":25.0},{"not_picked":["Sweeping Beam+1","Beam Cell","Hologram"],"picked":"Amplify","floor":29.0},{"not_picked":["Rebound","Double Energy","Turbo+1","Coolheaded"],"picked":"SKIP","floor":30.0},{"not_picked":["Barrage","Sweeping Beam","Sunder","Gash"],"picked":"SKIP","floor":31.0},{"not_picked":["Turbo","Hologram+1","Cold Snap"],"picked":"Capacitor+1","floor":35.0},{"not_picked":["Loop+1","Barrage+1","Cold Snap+1"],"picked":"Consume","floor":36.0},{"not_picked":["Conserve Battery+1","Steam+1","Electrodynamics"],"picked":"BootSequence+1","floor":37.0},{"not_picked":["Aggregate","Compile Driver+1","Coolheaded+1"],"picked":"Barrage+1","floor":41.0},{"not_picked":["Static Discharge+1","Turbo+1","FTL+1"],"picked":"Fusion+1","floor":42},{"not_picked":["White Noise","Redo","Darkness+1"],"picked":"Reboot","floor":44},{"not_picked":["Gash","Conserve Battery","Leap","Rebound"],"picked":"SKIP","floor":45}],"player_experience":430628,"relics_obtained":[{"floor":7.0,"key":"Toy Ornithopter"},{"floor":9.0,"key":"Orichalcum"},{"floor":11.0,"key":"Question Card"},{"floor":14.0,"key":"MawBank"},{"floor":19.0,"key":"Nilry\u0027s Codex"},{"floor":23.0,"key":"Incense Burner"},{"floor":26.0,"key":"Pear"},{"floor":30.0,"key":"Old Coin"},{"floor":37.0,"key":"Dead Branch"},{"floor":42,"key":"Bottled Lightning"},{"floor":44,"key":"Meat on the Bone"}],"event_choices":[{"damage_healed":0.0,"max_hp_gain":0.0,"max_hp_loss":0.0,"gold_gain":75.0,"event_name":"World of Goop","player_choice":"Gather Gold","floor":2.0,"gold_loss":0.0,"damage_taken":11.0},{"damage_healed":0.0,"max_hp_gain":0.0,"max_hp_loss":0.0,"gold_gain":0.0,"event_name":"Upgrade Shrine","player_choice":"Upgraded","floor":3.0,"gold_loss":0.0,"damage_taken":0.0,"cards_upgraded":["Zap"]},{"damage_healed":0.0,"max_hp_gain":0.0,"max_hp_loss":0.0,"gold_gain":0.0,"event_name":"Living Wall","player_choice":"Grow","floor":13.0,"gold_loss":0.0,"damage_taken":0.0,"cards_upgraded":["Hologram"]},{"damage_healed":0.0,"max_hp_gain":0.0,"max_hp_loss":0.0,"gold_gain":0.0,"event_name":"Cursed Tome","player_choice":"Obtained Book","floor":19.0,"gold_loss":0.0,"damage_taken":16.0},{"cards_removed":["Strike_B"],"damage_healed":0.0,"max_hp_gain":0.0,"max_hp_loss":0.0,"gold_gain":0.0,"event_name":"Beggar","player_choice":"Gave Gold","floor":20.0,"gold_loss":75.0,"damage_taken":0.0},{"damage_healed":0.0,"max_hp_gain":0.0,"max_hp_loss":0.0,"gold_gain":0.0,"event_name":"Lab","player_choice":"Got Potions","floor":22.0,"gold_loss":0.0,"damage_taken":0.0},{"damage_healed":0.0,"max_hp_gain":0.0,"max_hp_loss":0.0,"gold_gain":0.0,"event_name":"MindBloom","player_choice":"Fight","floor":37.0,"gold_loss":0.0,"damage_taken":0.0},{"damage_healed":0.0,"max_hp_gain":0.0,"max_hp_loss":4.0,"gold_gain":0.0,"event_name":"Winding Halls","player_choice":"Max HP","floor":38.0,"gold_loss":0.0,"damage_taken":0.0},{"damage_healed":0.0,"max_hp_gain":0.0,"max_hp_loss":0.0,"gold_gain":0.0,"event_name":"Tomb of Lord Red Mask","player_choice":"Ignored","floor":39.0,"gold_loss":0.0,"damage_taken":0.0}],"is_beta":false,"boss_relics":[{"not_picked":["Inserter","SacredBark"],"picked":"Philosopher\u0027s Stone"},{"not_picked":["Tiny House","FrozenCore"],"picked":"Astrolabe"}],"items_purged_floors":[27],"is_endless":false,"potions_floor_spawned":[4,7,25,29,30,31,35,41,42,44],"killed_by":"Transient","ascension_level":6}}