{"host":"erulnpr9qdnrfj6h","time":1608175065,"event":{"mods":["AchievementEnabler","BaseMod","Colored Map","Minty Spire (QoL Compilation)","Rare Cards Sparkle","SuperFastMode"],"gold_per_floor":[119,119,119,81,100,140,19,59,83,101,134,159,200,216,216,341,341,362,5,5,5,18,18,62,62,62,77,101,142,166,202,202,332,341,363,696,696,696,717,717,741,753,788,826,4,27,51,74,83,83],"floor_reached":51,"playtime":3901,"items_purged":["Strike_B"],"score":1311,"play_id":"949a4cef-a66d-42f4-bc56-8573b5b1012e","local_time":"20201217121745","is_ascension_mode":true,"campfire_choices":[{"data":"Defragment","floor":15.0,"key":"SMITH"},{"floor":32.0,"key":"REST"},{"data":"Shame","floor":40.0,"key":"PURGE"},{"data":"White Noise","floor":42.0,"key":"SMITH"},{"floor":49,"key":"REST"}],"circlet_count":0,"master_deck":["Defend_B","Defend_B","Defend_B","Defend_B","Zap","Dualcast","Defragment","BootSequence","Auto Shields","Glacier","Defragment+1","Leap","Seek","White Noise+1","Buffer","Redo","Genetic Algorithm","Chill","Amplify","Undo+1","Hello World","Leap","Aggregate","Conserve Battery","Necronomicurse","Storm","Capacitor","Hologram","Seek","CurseOfTheBell","Amplify","Capacitor+1","Thinking Ahead","White Noise+1","Consume+1","FTL+1","Multi-Cast","Leap+1"],"relics":["FrozenCore","NeowsBlessing","MealTicket","Sundial","FossilizedHelix","Smiling Mask","Pen Nib","Nunchaku","StoneCalendar","Happy Flower","Necronomicon","Juzu Bracelet","Boot","Vajra","Tiny Chest","CeramicFish","Calling Bell","PreservedInsect","InkBottle","Peace Pipe","MawBank","DataDisk","Oddly Smooth Stone","Dream Catcher","Akabeko","DollysMirror"],"acts_visited":["Exordium","TheCity","TheBeyond"],"potions_floor_usage":[44,44,44,50,50,50],"damage_taken":[{"damage":0.0,"enemies":"Jaw Worm","floor":1.0,"turns":1.0},{"damage":0.0,"enemies":"Small Slimes","floor":5.0,"turns":1.0},{"damage":0.0,"enemies":"Lagavulin","floor":6.0,"turns":1.0},{"damage":0.0,"enemies":"3 Sentries","floor":8.0,"turns":10.0},{"damage":0.0,"enemies":"2 Louse","floor":10.0,"turns":3.0},{"damage":0.0,"enemies":"Lagavulin","floor":11.0,"turns":10.0},{"damage":0.0,"enemies":"Looter","floor":12.0,"turns":5.0},{"damage":12.0,"enemies":"3 Sentries","floor":13.0,"turns":23.0},{"damage":15.0,"enemies":"Exordium Wildlife","floor":14.0,"turns":6.0},{"damage":11.0,"enemies":"Slime Boss","floor":16.0,"turns":16.0},{"damage":0.0,"enemies":"3 Byrds","floor":18.0,"turns":10.0},{"damage":1.0,"enemies":"Spheric Guardian","floor":22.0,"turns":7.0},{"damage":7.0,"enemies":"Book of Stabbing","floor":24.0,"turns":12.0},{"damage":8.0,"enemies":"Snake Plant","floor":27.0,"turns":4.0},{"damage":0.0,"enemies":"Centurion and Healer","floor":28.0,"turns":5.0},{"damage":15.0,"enemies":"Gremlin Leader","floor":29.0,"turns":7.0},{"damage":0.0,"enemies":"Snecko","floor":30.0,"turns":7.0},{"damage":0.0,"enemies":"Book of Stabbing","floor":31.0,"turns":8.0},{"damage":0.0,"enemies":"Automaton","floor":33.0,"turns":8.0},{"damage":0.0,"enemies":"Orb Walker","floor":35.0,"turns":5.0},{"damage":1.0,"enemies":"3 Shapes","floor":39.0,"turns":7.0},{"damage":43,"enemies":"Reptomancer","floor":44,"turns":6},{"damage":0,"enemies":"3 Darklings","floor":46,"turns":5},{"damage":5,"enemies":"Writhing Mass","floor":47,"turns":5},{"damage":0,"enemies":"Maw","floor":48,"turns":7},{"damage":30,"enemies":"Awakened One","floor":50,"turns":11}],"seed_played":"9068048363619357267","potions_obtained":[{"floor":1.0,"key":"GamblersBrew"},{"floor":5.0,"key":"Block Potion"},{"floor":8.0,"key":"EssenceOfSteel"},{"floor":16.0,"key":"Dexterity Potion"},{"floor":24.0,"key":"Energy Potion"},{"floor":29.0,"key":"FearPotion"},{"floor":30.0,"key":"FocusPotion"},{"floor":39.0,"key":"GamblersBrew"},{"floor":44,"key":"Fruit Juice"},{"floor":47,"key":"PowerPotion"}],"is_trial":false,"path_per_floor":["M","?","?","$","M","E","$","E","T","M","E","M","E","M","R","B",null,"M","$","?","?","M","?","E","?","T","M","M","E","M","E","R","B",null,"M","?","?","?","M","R","T","R","T","E","$","M","M","M","R","B",null],"character_chosen":"DEFECT","items_purchased":["BootSequence","Defragment","Leap","StoneCalendar","Hello World","Thinking Ahead","Dream Catcher","Akabeko","DollysMirror","FocusPotion","Swift Potion","EssenceOfSteel"],"campfire_rested":2,"item_purchase_floors":[4,7,7,19,19,45,45,45,45,45,45,45],"current_hp_per_floor":[68,61,61,69,69,69,69,69,69,69,69,69,57,42,42,31,60,60,69,69,69,68,52,45,45,45,37,37,22,22,22,42,42,62,62,62,62,62,61,61,61,61,61,23,38,38,33,33,54,24],"gold":83,"neow_bonus":"THREE_ENEMY_KILL","is_daily":false,"chose_seed":false,"campfire_upgraded":2,"win_rate":0.0,"timestamp":1608175065,"path_taken":["M","?","?","$","M","E","$","E","T","M","E","M","E","M","R","BOSS","M","$","?","?","M","?","E","?","T","M","M","E","M","E","R","BOSS","M","?","?","?","M","R","?","R","T","E","$","M","M","M","R","BOSS"],"items_purchased_type":["Card","Card","Card","Relic","Card","Card","Relic","Relic","Relic","Potion","Potion","Potion"],"build_version":"2020-12-13","purchased_purges":1,"victory":true,"max_hp_per_floor":[75,75,69,69,69,69,69,69,69,69,69,69,69,69,69,69,69,69,69,69,69,69,69,69,69,69,69,69,69,69,69,69,69,69,69,69,66,66,66,66,66,66,66,71,71,71,71,71,71,71],"card_choices":[{"not_picked":["FTL","Turbo"],"picked":"Defragment","floor":1.0},{"not_picked":["Rebound","Turbo"],"picked":"Auto Shields","floor":5.0},{"not_picked":["Compile Driver","Streamline"],"picked":"Glacier","floor":6.0},{"not_picked":["Redo","Sweeping Beam"],"picked":"Seek","floor":8.0},{"not_picked":["Redo","Cold Snap"],"picked":"White Noise","floor":10.0},{"not_picked":["Steam","Coolheaded"],"picked":"Buffer","floor":11.0},{"not_picked":["Rebound","Scrape"],"picked":"Redo","floor":12.0},{"not_picked":["Melter","Static Discharge"],"picked":"Genetic Algorithm","floor":13.0},{"not_picked":["Stack","Cold Snap"],"picked":"Chill","floor":14.0},{"not_picked":["Thunder Strike","Biased Cognition"],"picked":"Amplify","floor":16.0},{"not_picked":["Ball Lightning","Stack"],"picked":"Undo+1","floor":18.0},{"not_picked":["Cold Snap","Defragment"],"picked":"Conserve Battery","floor":22.0},{"not_picked":["Go for the Eyes+1","Biased Cognition"],"picked":"Storm","floor":24.0},{"not_picked":["Conserve Battery","Fusion","FTL"],"picked":"SKIP","floor":27.0},{"not_picked":["Compile Driver","Conserve Battery","Stack"],"picked":"SKIP","floor":28.0},{"not_picked":["Storm","Leap"],"picked":"Capacitor","floor":29.0},{"not_picked":["Sweeping Beam+1","Coolheaded"],"picked":"Hologram","floor":30.0},{"not_picked":["Rebound","Recycle","Rip and Tear"],"picked":"SKIP","floor":31.0},{"not_picked":["Hyperbeam","Reboot"],"picked":"Seek","floor":33.0},{"not_picked":["Cold Snap+1","Leap"],"picked":"Amplify","floor":35.0},{"not_picked":["Compile Driver+1","Steam+1"],"picked":"Capacitor+1","floor":39.0},{"not_picked":["Aggregate","Streamline","Fusion+1"],"picked":"SKIP","floor":44},{"not_picked":["Coolheaded+1","Conserve Battery"],"picked":"Consume+1","floor":46},{"not_picked":["Go for the Eyes+1","Reprogram"],"picked":"FTL+1","floor":47},{"not_picked":["Coolheaded","Cold Snap"],"picked":"Multi-Cast","floor":48},{"not_picked":["Tempest","Hologram+1"],"picked":"Leap+1","floor":49}],"player_experience":174557,"relics_obtained":[{"floor":6.0,"key":"Sundial"},{"floor":8.0,"key":"FossilizedHelix"},{"floor":9.0,"key":"Smiling Mask"},{"floor":11.0,"key":"Pen Nib"},{"floor":13.0,"key":"Nunchaku"},{"floor":23.0,"key":"Necronomicon"},{"floor":24.0,"key":"Juzu Bracelet"},{"floor":26.0,"key":"Vajra"},{"floor":29.0,"key":"Tiny Chest"},{"floor":31.0,"key":"CeramicFish"},{"floor":34.0,"key":"PreservedInsect"},{"floor":34.0,"key":"InkBottle"},{"floor":34.0,"key":"Peace Pipe"},{"floor":41.0,"key":"MawBank"},{"floor":43.0,"key":"DataDisk"},{"floor":44,"key":"Oddly Smooth Stone"}],"event_choices":[{"damage_healed":0.0,"max_hp_gain":0.0,"max_hp_loss":0.0,"gold_gain":0.0,"event_name":"Scrap Ooze","player_choice":"Success","floor":2.0,"gold_loss":0.0,"damage_taken":7.0,"relics_obtained":["MealTicket"]},{"damage_healed":0.0,"max_hp_gain":0.0,"max_hp_loss":6.0,"gold_gain":0.0,"event_name":"Golden Idol","player_choice":"Lose Max HP","floor":3.0,"gold_loss":0.0,"damage_taken":0.0,"relics_obtained":["Golden Idol"]},{"damage_healed":0.0,"max_hp_gain":0.0,"max_hp_loss":0.0,"gold_gain":0.0,"cards_transformed":["Strike_B","Strike_B"],"event_name":"Drug Dealer","player_choice":"Became Test Subject","floor":20.0,"gold_loss":0.0,"damage_taken":0.0,"cards_obtained":["Leap","Aggregate"]},{"damage_healed":0.0,"max_hp_gain":0.0,"max_hp_loss":0.0,"gold_gain":0.0,"event_name":"Addict","player_choice":"Stole Relic","floor":21.0,"gold_loss":0.0,"damage_taken":0.0,"relics_obtained":["Happy Flower"],"cards_obtained":["Shame"]},{"damage_healed":0.0,"max_hp_gain":0.0,"max_hp_loss":0.0,"gold_gain":0.0,"event_name":"Cursed Tome","player_choice":"Obtained Book","floor":23.0,"gold_loss":0.0,"damage_taken":16.0},{"damage_healed":0.0,"max_hp_gain":0.0,"max_hp_loss":0.0,"gold_gain":0.0,"event_name":"The Mausoleum","player_choice":"Opened","floor":25.0,"gold_loss":0.0,"damage_taken":0.0,"relics_obtained":["Boot"]},{"damage_healed":0.0,"max_hp_gain":0.0,"max_hp_loss":0.0,"gold_gain":333.0,"event_name":"The Moai Head","player_choice":"Gave Idol","floor":36.0,"relics_lost":["Golden Idol"],"gold_loss":0.0,"damage_taken":0.0},{"damage_healed":0.0,"max_hp_gain":0.0,"max_hp_loss":3.0,"gold_gain":0.0,"event_name":"Winding Halls","player_choice":"Max HP","floor":37.0,"gold_loss":0.0,"damage_taken":0.0},{"cards_removed":["Strike_B"],"damage_healed":0.0,"max_hp_gain":0.0,"max_hp_loss":0.0,"gold_gain":0.0,"event_name":"Falling","player_choice":"Removed Attack","floor":38.0,"gold_loss":0.0,"damage_taken":0.0}],"is_beta":false,"boss_relics":[{"not_picked":["Snecko Eye","Ectoplasm"],"picked":"FrozenCore"},{"not_picked":["Busted Crown","Cursed Key"],"picked":"Calling Bell"}],"items_purged_floors":[45],"is_endless":false,"potions_floor_spawned":[1,5,8,10,16,24,29,30,39,44,47,48],"ascension_level":8}}