{"host":"25hwxgnshg5vqzox","time":1608227285,"event":{"mods":["BaseMod","Colored Map","Downfall","Googly Eyes","Highlight Path","Minty Spire (QoL Compilation)","Replay The Spire","StSLib"],"gold_per_floor":[99,99,99,133,58,58,58,158,158,188,198,223,223,119,139,240,240,240,250,250,250,250,261,287,300,329,254,164,164,210,210,226,326,326,326,345,365,376,376,376,376,376,376,376],"floor_reached":43,"playtime":3157,"items_purged":[],"score":548,"play_id":"970f6df9-3f9b-4f7c-9856-ecea541a8361","local_time":"20201217174805","is_ascension_mode":false,"campfire_choices":[{"floor":1,"key":"RECALL"},{"data":"hexamod:Sear","floor":5,"key":"SMITH"},{"data":"hexamod:Float","floor":9,"key":"SMITH"},{"data":"ReplayTheSpireMod:Faulty Equipment","floor":18,"key":"SMITH"},{"data":"hexamod:VolcanoVisage","floor":21,"key":"SMITH"},{"floor":27,"key":"REST"},{"data":"hexamod:DynamicBlow","floor":35,"key":"SMITH"},{"data":"hexamod:CatchUp","floor":40,"key":"SMITH"},{"floor":42,"key":"REST"}],"circlet_count":0,"master_deck":["hexamod:Strike","hexamod:Strike","hexamod:Strike","hexamod:Strike","hexamod:Defend","hexamod:Defend","hexamod:Defend","hexamod:Defend","hexamod:Sear+1","hexamod:Float+1","hexamod:RainOfEmbers","hexamod:RecurringNightmare","hexamod:StepThrough","hexamod:GhostflameBarrier+1","hexamod:GhostShield","hexamod:HauntingEcho","hexamod:NightmareStrike+1","hexamod:InspiringFlames","hexamod:HauntingEcho","hexamod:VolcanoVisage+1","Voices","Slimebound:Icky","hexamod:VolcanoVisage+1","hexamod:DynamicBlow+1","hexamod:BurningTouch+1","hexamod:CatchUp+1","hexamod:SwordOfDarkness+1","hexamod:Firestarter+1","hexamod:NightmareGuise+1","Writhe","hexamod:GhostLash","hexamod:CrushingStance+1","hexamod:Firestarter+1","hexamod:FirstSeal","hexamod:GhostOfSpirePresent+1"],"relics":["hexamod:SpiritBrand","downfall:HeartsMalice","Pen Nib","downfall:HeartBlessingRed","Mirror","ReplayFunnel","Replay:Ancient Bell","War Paint","Golden Egg","FossilizedHelix","Replay:Ringing Soul","downfall:HeartBlessingBlue","Anchor","Simple Rune","downfall:RedIOU","Sozu","Toxic Egg 2"],"acts_visited":["Exordium","TheCity","TheBeyond"],"potions_floor_usage":[33,33,33,43],"damage_taken":[{"damage":0,"enemies":"Jaw Worm","floor":2,"turns":1},{"damage":0,"enemies":"3 Sentries","floor":4,"turns":1},{"damage":0,"enemies":"Small Slimes","floor":6,"turns":1},{"damage":29,"enemies":"Lagavulin","floor":10,"turns":7},{"damage":0,"enemies":"2 Louse","floor":11,"turns":2},{"damage":0,"enemies":"downfall:FleeingMerchant","floor":14,"turns":4},{"damage":0,"enemies":"2 Fungi Beasts","floor":15,"turns":3},{"damage":26,"enemies":"downfall:Watcher","floor":16,"turns":12},{"damage":0,"enemies":"Chosen","floor":19,"turns":6},{"damage":7,"enemies":"Snake Plant","floor":23,"turns":4},{"damage":6,"enemies":"Chosen and Byrds","floor":25,"turns":6},{"damage":48,"enemies":"Slavers","floor":26,"turns":4},{"damage":3,"enemies":"downfall:FleeingMerchant","floor":28,"turns":4},{"damage":0,"enemies":"Centurion and Healer","floor":32,"turns":6},{"damage":48,"enemies":"downfall:Ironclad","floor":33,"turns":9},{"damage":0,"enemies":"3 Shapes","floor":36,"turns":6},{"damage":0,"enemies":"Orb Walker","floor":37,"turns":4},{"damage":24,"enemies":"Sphere and 2 Shapes","floor":38,"turns":8},{"damage":105,"enemies":"Nemesis","floor":43,"turns":7}],"seed_played":"-2840779671965515464","potions_obtained":[{"floor":10,"key":"Swift Potion"},{"floor":11,"key":"Explosive Potion"},{"floor":15,"key":"Strength Potion"},{"floor":25,"key":"Fire Potion"},{"floor":33,"key":"BlessingOfTheForge"}],"is_trial":false,"path_per_floor":["R","M","?","E","R","M","T","?","R","E","M","T","?","$","M","B",null,"R","M","?","R","?","M","T","M","E","R","$","?","T","?","M","B",null,"R","M","M","M","?","R","T","R","E"],"character_chosen":"THE_SPIRIT","items_purchased":["hexamod:NightmareStrike+1","hexamod:InspiringFlames","hexamod:Firestarter","hexamod:NightmareGuise"],"campfire_rested":2,"item_purchase_floors":[14,14,28,28],"current_hp_per_floor":[70,70,70,70,70,70,70,70,70,41,43,43,43,45,47,23,70,70,70,70,70,70,63,63,59,16,50,52,55,55,55,58,13,95,95,98,101,87,87,87,87,104,0,0],"gold":376,"neow_bonus":"THREE_ENEMY_KILL","is_daily":false,"chose_seed":false,"campfire_upgraded":6,"win_rate":0.0,"timestamp":1608227285,"path_taken":["R","M","?","E","R","M","T","?","R","E","M","?","?","$","M","BOSS","R","M","?","R","?","M","T","M","E","R","$","?","?","?","M","BOSS","R","M","M","M","?","R","T","R","E"],"items_purchased_type":["Card","Card","Card","Card"],"build_version":"2020-12-13","purchased_purges":0,"victory":false,"max_hp_per_floor":[70,70,70,70,70,70,70,70,70,70,70,70,70,70,70,70,70,70,70,70,70,70,70,70,70,73,83,86,89,89,89,92,95,95,95,98,101,104,104,104,104,104,104,104],"card_choices":[{"not_picked":["hexamod:GhostLash","hexamod:NightmareGuise"],"picked":"hexamod:RainOfEmbers","floor":2},{"not_picked":["hexamod:ShieldOfDarkness","hexamod:FifthSeal"],"picked":"hexamod:RecurringNightmare","floor":4},{"not_picked":["hexamod:RetreatToShadows","hexamod:EmpoweredFlame"],"picked":"hexamod:StepThrough","floor":6},{"not_picked":["hexamod:RainOfEmbers","hexamod:SpectersWail"],"picked":"hexamod:GhostflameBarrier","floor":10},{"not_picked":["hexamod:ThermalTransfer","hexamod:ChargedBarrage"],"picked":"hexamod:GhostShield","floor":11},{"not_picked":["hexamod:InspiringFlames","hexamod:TimeWarp"],"picked":"hexamod:HauntingEcho","floor":14},{"not_picked":["hexamod:GhostflameBarrier","hexamod:RainOfEmbers"],"picked":"hexamod:HauntingEcho","floor":15},{"not_picked":["hexamod:FifthSeal","hexamod:WildfireWeapon"],"picked":"hexamod:VolcanoVisage","floor":16},{"not_picked":["Normality","Delirium"],"picked":"Voices","floor":17},{"not_picked":["CommonCold","Regret"],"picked":"Slimebound:Icky","floor":17},{"not_picked":["Decay","Writhe"],"picked":"ReplayTheSpireMod:Faulty Equipment","floor":17},{"not_picked":["hexamod:RainOfEmbers+1","hexamod:GhostLash"],"picked":"hexamod:VolcanoVisage","floor":19},{"not_picked":["hexamod:EmpoweredFlame","hexamod:Firestarter+1"],"picked":"hexamod:DynamicBlow","floor":23},{"not_picked":["hexamod:DynamicBlow","hexamod:SpectersWail"],"picked":"hexamod:BurningTouch+1","floor":25},{"not_picked":["hexamod:InspiringFlames","hexamod:FastForward"],"picked":"hexamod:CatchUp","floor":26},{"not_picked":["hexamod:ExtraCrispy+1","hexamod:GhostLash+1"],"picked":"hexamod:SwordOfDarkness","floor":28},{"not_picked":["hexamod:AdvancingGuard","hexamod:Again+1"],"picked":"hexamod:GhostLash","floor":32},{"not_picked":["hexamod:SixthSeal","hexamod:TimeOfNeed"],"picked":"hexamod:CrushingStance","floor":33},{"not_picked":["hexamod:NightmareGuise+1","hexamod:BacktrackSmack+1"],"picked":"hexamod:Firestarter+1","floor":36},{"not_picked":["hexamod:Hexaguard+1","hexamod:InspiringFlames"],"picked":"hexamod:FirstSeal","floor":37},{"not_picked":["hexamod:SpectersWail+1","hexamod:Firestarter+1"],"picked":"hexamod:GhostOfSpirePresent+1","floor":38}],"player_experience":18223,"relics_obtained":[{"floor":4,"key":"Pen Nib"},{"floor":7,"key":"Mirror"},{"floor":10,"key":"Blood Vial"},{"floor":12,"key":"ReplayFunnel"},{"floor":26,"key":"Replay:Ringing Soul"},{"floor":30,"key":"Simple Rune"},{"floor":41,"key":"Toxic Egg 2"}],"event_choices":[{"damage_healed":0,"gold_gain":0,"player_choice":"Grow","damage_taken":0,"max_hp_gain":0,"max_hp_loss":0,"event_name":"Living Wall","floor":13,"gold_loss":0,"cards_upgraded":["hexamod:GhostflameBarrier"]},{"damage_healed":0,"gold_gain":0,"player_choice":"Simplicity","damage_taken":0,"max_hp_gain":0,"max_hp_loss":0,"event_name":"Back to Basics","floor":22,"gold_loss":0,"cards_upgraded":["hexamod:Strike","hexamod:Strike","hexamod:Strike","hexamod:Strike","hexamod:Defend","hexamod:Defend"]}],"is_beta":false,"boss_relics":[{"not_picked":["Coffee Dripper","Replay:Bronze Core"],"picked":"Replay:Ancient Bell"},{"not_picked":["Replay:Wax Seal","Dream Catcher"],"picked":"War Paint"},{"not_picked":["Eternal Feather","Replay:Accelerometer"],"picked":"Golden Egg"},{"not_picked":["WingedGreaves","Replay:Multitool"],"picked":"FossilizedHelix"},{"not_picked":["hexamod:IceCube","ChewingGum"],"picked":"Sozu"}],"items_purged_floors":[],"is_endless":false,"potions_floor_spawned":[10,11,15,25,26,33],"killed_by":"Nemesis","ascension_level":0}}