{"host":"l8k579n63ej0vska","time":1608215039,"event":{"mods":["BaseMod","Colored Map","Infinite Spire","Minty Spire (QoL Compilation)","Replay The Spire","StSLib","The Bug Knight"],"gold_per_floor":[115,129,129,129,141,141,173,191,216,230,230,243,243,263,263,335,335,347,365,365,63,63,90,90,119,193,212,212,262,262,273,273,344,344,354,354,370,420,420,420],"floor_reached":39,"playtime":3189,"items_purged":["Grand Finale+1","Strike_G"],"score":737,"play_id":"eb3a3def-d072-4f75-9d91-0c77c96bd0c4","local_time":"20201217152359","is_ascension_mode":true,"campfire_choices":[{"data":"Neutralize","floor":6,"key":"SMITH"},{"floor":13,"key":"REST"},{"data":"Accuracy","floor":15,"key":"SMITH"},{"floor":24,"key":"REST"},{"floor":30,"key":"REST"},{"data":"Cloak And Dagger","floor":32,"key":"SMITH"}],"circlet_count":0,"master_deck":["AscendersBane","Defend_G","Defend_G","Defend_G","Defend_G","Survivor","Neutralize+1","Flying Knee","Doppelganger","Terror","Cloak And Dagger+1","Hidden Blade","Infinite Blades","Accuracy+1","Corpse Explosion","ReplayTheSpireMod:Shiv Toss+1","Flying Knee+1","Deflect","Infinite Blades","Accuracy+1","Accuracy","infinitespire:Starlight","infinitespire:Punishment","Hidden Blade","ReplayTheSpireMod:Speed Training","Escape Plan","Deflect"],"relics":["Philosopher\u0027s Stone","Blue Doll","Bag of Preparation","Astrolabe","PreservedInsect","infinitespire:Lucky Rock","Nunchaku","Pantograph","Black Star"],"acts_visited":["Exordium","TheCity","TheBeyond"],"potions_floor_usage":[7,14,18,27,35,39],"damage_taken":[{"damage":3,"enemies":"Small Slimes","floor":1,"turns":5},{"damage":3,"enemies":"Cultist","floor":2,"turns":5},{"damage":2,"enemies":"Jaw Worm","floor":5,"turns":4},{"damage":15,"enemies":"Lagavulin","floor":7,"turns":10},{"damage":5,"enemies":"2 Fungi Beasts","floor":8,"turns":4},{"damage":2,"enemies":"Red Slaver","floor":10,"turns":3},{"damage":0,"enemies":"3 Louse","floor":12,"turns":4},{"damage":7,"enemies":"Gremlin Gang","floor":14,"turns":5},{"damage":9,"enemies":"Slime Boss","floor":16,"turns":8},{"damage":24,"enemies":"3 Byrds","floor":18,"turns":4},{"damage":12,"enemies":"Chosen","floor":19,"turns":5},{"damage":29,"enemies":"Nightmare","floor":23,"turns":6},{"damage":28,"enemies":"Book of Stabbing","floor":25,"turns":4},{"damage":19,"enemies":"Centurion and Healer","floor":27,"turns":4},{"damage":0,"enemies":"3 Cultists","floor":31,"turns":1},{"damage":18,"enemies":"Collector","floor":33,"turns":6},{"damage":13,"enemies":"3 Darklings","floor":35,"turns":3},{"damage":24,"enemies":"Orb Walker","floor":37,"turns":4},{"damage":37,"enemies":"Writhing Mass","floor":39,"turns":3}],"seed_played":"-7714644615758661213","potions_obtained":[{"floor":1,"key":"Explosive Potion"},{"floor":5,"key":"ColorlessPotion"},{"floor":8,"key":"Dexterity Potion"},{"floor":12,"key":"Regen Potion"},{"floor":16,"key":"Fruit Juice"},{"floor":18,"key":"Energy Potion"},{"floor":27,"key":"Dexterity Potion"},{"floor":37,"key":"Energy Potion"}],"is_trial":false,"path_per_floor":["M","M","?","?","M","R","E","M","T","M","?","M","R","M","R","B",null,"M","M","?","$","AVR","NM","R","E","T","M","?","?","R","M","R","B",null,"M","?","M","?","M"],"character_chosen":"THE_SILENT","items_purchased":["PreservedInsect","Accuracy"],"campfire_rested":3,"item_purchase_floors":[21,21],"current_hp_per_floor":[56,53,53,53,51,51,36,31,31,29,29,29,48,55,55,46,61,42,30,30,30,30,11,32,14,14,5,5,5,26,26,26,43,64,51,51,37,37,0,0],"gold":420,"neow_bonus":"BOSS_RELIC","is_daily":false,"chose_seed":false,"campfire_upgraded":3,"win_rate":0.0,"timestamp":1608215039,"path_taken":["M","M","?","?","M","R","E","M","T","?","?","?","R","M","R","BOSS","M","M","?","?","AVR","NM","R","E","T","M","?","?","R","M","R","BOSS","M","?","M","?","M"],"items_purchased_type":["Relic","Card"],"build_version":"2020-12-13","purchased_purges":2,"victory":false,"max_hp_per_floor":[66,66,66,66,66,66,66,66,66,66,66,66,66,66,66,66,66,71,71,71,71,71,71,71,71,71,71,71,71,71,71,71,71,71,71,71,71,71,71,71],"card_choices":[{"not_picked":["Prepared","Acrobatics","Distraction"],"picked":"SKIP","floor":1},{"not_picked":["Endless Agony","Bane"],"picked":"Flying Knee","floor":2},{"not_picked":["Flying Knee","Dagger Spray"],"picked":"Doppelganger","floor":5},{"not_picked":["PiercingWail","Underhanded Strike"],"picked":"Terror","floor":7},{"not_picked":["Quick Slash","Hidden Blade"],"picked":"Cloak And Dagger","floor":8},{"not_picked":["ReplayTheSpireMod:Necrosis","Caltrops"],"picked":"Hidden Blade","floor":10},{"not_picked":["Well Laid Plans","ReplayTheSpireMod:Exploit Weakness"],"picked":"Infinite Blades","floor":12},{"not_picked":["Skewer","Hidden Blade"],"picked":"Accuracy","floor":14},{"not_picked":["A Thousand Cuts","Poison Darts"],"picked":"Corpse Explosion","floor":16},{"not_picked":["Bane","Slice"],"picked":"Deflect","floor":18},{"not_picked":["Dodge and Roll","Well Laid Plans"],"picked":"Infinite Blades","floor":19},{"not_picked":["ReplayTheSpireMod:Black Plague","ReplayTheSpireMod:Chaos Vortex"],"picked":"infinitespire:Punishment","floor":23},{"not_picked":["Quick Slash","Deflect"],"picked":"Hidden Blade","floor":23},{"not_picked":["Dagger Spray","Slice"],"picked":"ReplayTheSpireMod:Speed Training","floor":25},{"not_picked":["Sucker Punch","Caltrops","ReplayTheSpireMod:Exploit Weakness"],"picked":"SKIP","floor":27},{"not_picked":["Underhanded Strike","Wraith Form v2","Caltrops"],"picked":"SKIP","floor":31},{"not_picked":["Blade Dance","Draining Mist"],"picked":"Escape Plan","floor":35},{"not_picked":["Crippling Poison+1","Replay:Poison Smokescreen"],"picked":"Deflect","floor":37}],"player_experience":1612422,"relics_obtained":[{"floor":7,"key":"Blue Doll"},{"floor":9,"key":"Bag of Preparation"},{"floor":23,"key":"infinitespire:Lucky Rock"},{"floor":25,"key":"Nunchaku"},{"floor":26,"key":"Pantograph"}],"event_choices":[{"cards_removed":["Strike_G"],"damage_healed":0,"gold_gain":0,"player_choice":"Forget","damage_taken":0,"max_hp_gain":0,"max_hp_loss":0,"event_name":"Living Wall","floor":4,"gold_loss":0},{"damage_healed":0,"gold_gain":0,"player_choice":"Ignored","damage_taken":0,"max_hp_gain":0,"max_hp_loss":0,"event_name":"WeMeetAgain","floor":11,"gold_loss":0},{"damage_healed":0,"gold_gain":0,"player_choice":"Copied","damage_taken":0,"max_hp_gain":0,"max_hp_loss":0,"event_name":"Duplicator","floor":20,"gold_loss":0,"cards_obtained":["Accuracy"]},{"damage_healed":0,"gold_gain":0,"player_choice":"Ignored","damage_taken":0,"max_hp_gain":0,"max_hp_loss":0,"event_name":"Vampires","floor":28,"gold_loss":0},{"damage_healed":0,"gold_gain":50,"player_choice":"Pray","damage_taken":0,"max_hp_gain":0,"max_hp_loss":0,"event_name":"Golden Shrine","floor":29,"gold_loss":0},{"damage_healed":0,"gold_gain":50,"player_choice":"Pray","damage_taken":0,"max_hp_gain":0,"max_hp_loss":0,"event_name":"Golden Shrine","floor":38,"gold_loss":0}],"is_beta":false,"boss_relics":[{"not_picked":["Snecko Eye","Fusion Hammer"],"picked":"Astrolabe"},{"not_picked":["Velvet Choker","SlaversCollar"],"picked":"Black Star"}],"items_purged_floors":[21,22],"is_endless":true,"potions_floor_spawned":[1,5,8,12,16,18,19,27,31,37],"killed_by":"Writhing Mass","ascension_level":15}}