{"host":"68ryiucqar8jyfi2","time":1608221765,"event":{"mods":["2.2 Compatiblity","Act Like it!","Aspiration","BaseMod","Better Match","Better Note","Better Skull","Better Third Choice","CCEM","CapriCore","Curses Come First","Defuse TimeMaze Blight","Displayed Cursed Tome","Emptier Cage","Energized Spire","Friendly Minions","GifTheSpireLib","HexUI Lib","Hubris","Hyrulean Relics","Minty Spire (QoL Compilation)","Permanent Neow","RNG Fix","Replay The Spire","Robot Space Explorer","StSLib","Stuff the Spire","The Blue Laboratory","Trackpad","Transform Curses","Uncapped","Wandering Minibosses"],"gold_per_floor":[110,125,142,156,168,168,178,203,203,228,228,253,253,265,277,289,289],"floor_reached":16,"playtime":534,"items_purged":[],"score":164,"play_id":"5bb7b0c9-98aa-4af6-853e-ef867b29a621","local_time":"20201217161605","daily_mods":["Vintage","Heirloom","Flight"],"is_ascension_mode":false,"campfire_choices":[{"data":"Zap","floor":6,"key":"SMITH"},{"data":"Dualcast","floor":11,"key":"SMITH"},{"data":"Strike_B","floor":15,"key":"PURGE"}],"circlet_count":0,"master_deck":["Strike_B","Strike_B","Strike_B","Defend_B","Defend_B","Defend_B","Defend_B","Zap+1","Dualcast+1"],"relics":["Cracked Core","CCEMRelics:Francisca","Gremlin Food","Replay:Antivirus Software","Quantum Egg","Regal Pillow","zeldaRelics:CourageTriforce","zeldaRelics:WisdomPiece","MawBank"],"acts_visited":["Exordium"],"potions_floor_usage":[12,16,16],"damage_taken":[{"damage":6,"enemies":"Jaw Worm","floor":1,"turns":3},{"damage":0,"enemies":"Cultist","floor":2,"turns":2},{"damage":0,"enemies":"Small Slimes","floor":3,"turns":2},{"damage":5,"enemies":"3 Louse","floor":4,"turns":3},{"damage":3,"enemies":"Red Slaver","floor":5,"turns":3},{"damage":0,"enemies":"Large Slime","floor":7,"turns":6},{"damage":14,"enemies":"Replay:BlueRogue","floor":10,"turns":5},{"damage":4,"enemies":"3 Sentries","floor":12,"turns":4},{"damage":2,"enemies":"Blue Slaver","floor":14,"turns":2},{"damage":46,"enemies":"Hexaghost","floor":16,"turns":11}],"seed_played":"-122175868227992749","potions_obtained":[{"floor":3,"key":"SteroidPotion"},{"floor":12,"key":"blueLaboratory:SystemWipe"},{"floor":14,"key":"blueLaboratory:BubblePotion"}],"is_trial":true,"path_per_floor":["M","M","M","M","M","R","M","T","T","E","R","E","$","M","R","B"],"character_chosen":"DEFECT","items_purchased":[],"campfire_rested":0,"item_purchase_floors":[],"current_hp_per_floor":[69,69,69,64,61,61,61,61,61,47,47,43,43,41,41,0,0],"gold":289,"neow_bonus":"","is_daily":false,"chose_seed":false,"campfire_upgraded":2,"win_rate":0.0,"timestamp":1608221765,"path_taken":["M","M","M","M","M","R","M","?","T","E","R","E","$","M","R","BOSS"],"items_purchased_type":[],"build_version":"2020-12-13","purchased_purges":0,"victory":false,"max_hp_per_floor":[75,75,75,75,75,75,75,75,75,75,75,75,75,75,75,75,75],"card_choices":[{"not_picked":["Stack","Streamline","Scrape"],"picked":"SKIP","floor":10},{"not_picked":["Leap","ReplaySort","Turbo"],"picked":"SKIP","floor":12}],"player_experience":176054,"relics_obtained":[{"floor":1,"key":"Gremlin Food"},{"floor":2,"key":"Replay:Antivirus Software"},{"floor":3,"key":"Quantum Egg"},{"floor":5,"key":"Regal Pillow"},{"floor":8,"key":"zeldaRelics:CouragePiece"},{"floor":9,"key":"zeldaRelics:CouragePiece"},{"floor":10,"key":"zeldaRelics:CouragePiece"},{"floor":12,"key":"zeldaRelics:WisdomPiece"},{"floor":14,"key":"MawBank"}],"event_choices":[],"is_beta":false,"boss_relics":[],"items_purged_floors":[],"is_endless":true,"potions_floor_spawned":[3,12,14],"killed_by":"Hexaghost","ascension_level":0}}