{"host":"o1wkfo8ppvrprpet","time":1608224965,"event":{"mods":["Aspiration","Astrologer","BaseMod","CapriCore","Colored Powertips","Koishi","Minty Spire (QoL Compilation)","Replay The Spire","RumiaBox-露米娅的神秘盒子","Spicy Shops","StSLib","The Administrix","The Alterego","The Gatherer","The Immortal","Waifu the Spire"],"gold_per_floor":[120,120,143,143,143,143,182,32,32,57,90,90,115,128,128,128,128],"floor_reached":16,"playtime":681,"items_purged":["alterego_mod:Strike"],"score":135,"play_id":"e2e4acc4-9d9f-43c6-ad62-a04e94a89ceb","local_time":"20201218010925","is_ascension_mode":false,"campfire_choices":[{"data":"alterego_mod:Punishment","floor":6,"key":"SMITH"},{"data":"alterego_mod:SakuraFive","floor":12,"key":"SMITH"},{"data":"alterego_mod:Cycle","floor":15,"key":"SMITH"}],"circlet_count":0,"master_deck":["alterego_mod:Strike","alterego_mod:Strike","alterego_mod:Strike","alterego_mod:Defend","alterego_mod:Defend","alterego_mod:Defend","alterego_mod:Defend","alterego_mod:Impale+1","alterego_mod:BigMeatyClaws","alterego_mod:BrynhildrsRune","alterego_mod:Mirror","alterego_mod:Birthday","alterego_mod:Stockings","alterego_mod:DeftHands","alterego_mod:DiscoLights","alterego_mod:PerceptionDisorder","alterego_mod:Punishment+1","alterego_mod:SakuraFive+1","alterego_mod:Undulate","alterego_mod:Birthday","alterego_mod:HighServant","alterego_mod:SakuraFive+1","alterego_mod:Cycle+1"],"relics":["alterego_mod:MasochisticConstitution","NeowsBlessing","Golden Idol","Replay:Wax Seal","Molten Egg 2","Meat on the Bone"],"acts_visited":["Exordium"],"potions_floor_usage":[13,14],"damage_taken":[{"damage":0,"enemies":"2 Louse","floor":1,"turns":1},{"damage":0,"enemies":"Small Slimes","floor":3,"turns":1},{"damage":0,"enemies":"3 Sentries","floor":7,"turns":2},{"damage":0,"enemies":"Jaw Worm","floor":10,"turns":5},{"damage":22,"enemies":"Lagavulin","floor":11,"turns":5},{"damage":16,"enemies":"Exordium Thugs","floor":13,"turns":5},{"damage":0,"enemies":"Gremlin Gang","floor":14,"turns":3},{"damage":41,"enemies":"The Guardian","floor":16,"turns":7}],"seed_played":"-5806784489257744914","potions_obtained":[{"floor":3,"key":"Elixir"},{"floor":10,"key":"DuplicationPotion"},{"floor":13,"key":"ColorlessPotion"}],"is_trial":false,"path_per_floor":["M","?","M","?","?","R","E","$","T","M","E","R","M","M","R","B"],"character_chosen":"The_Alterego","items_purchased":["alterego_mod:Undulate"],"campfire_rested":0,"item_purchase_floors":[8],"current_hp_per_floor":[70,65,65,65,65,65,65,65,65,65,46,46,35,37,37,0,0],"gold":128,"neow_bonus":"THREE_ENEMY_KILL","is_daily":false,"chose_seed":false,"campfire_upgraded":3,"win_rate":0.0,"timestamp":1608224965,"path_taken":["M","?","M","?","?","R","E","?","T","M","E","R","M","M","R","BOSS"],"items_purchased_type":["Card"],"build_version":"2020-12-13","purchased_purges":1,"victory":false,"max_hp_per_floor":[70,65,65,65,65,65,65,65,65,65,66,66,67,67,67,67,67],"card_choices":[{"not_picked":["alterego_mod:Stockings","alterego_mod:TrashNCrash"],"picked":"alterego_mod:Mirror","floor":1},{"not_picked":["alterego_mod:PerceptionDisorder","alterego_mod:Table"],"picked":"alterego_mod:Birthday","floor":3},{"not_picked":["alterego_mod:MagicResistance","alterego_mod:Pet"],"picked":"alterego_mod:SakuraFive","floor":7},{"not_picked":["alterego_mod:IndependentAction","alterego_mod:1TonWallop+1"],"picked":"alterego_mod:Birthday","floor":10},{"not_picked":["alterego_mod:PainIsPleasure","alterego_mod:Maid+1"],"picked":"alterego_mod:HighServant","floor":11},{"not_picked":["alterego_mod:Lingerie+1","alterego_mod:Rip"],"picked":"alterego_mod:SakuraFive+1","floor":13},{"not_picked":["alterego_mod:BiFurious+1","alterego_mod:Complex+1"],"picked":"alterego_mod:Cycle","floor":14}],"player_experience":602105,"relics_obtained":[{"floor":7,"key":"Replay:Wax Seal"},{"floor":9,"key":"Molten Egg 2"},{"floor":11,"key":"Meat on the Bone"}],"event_choices":[{"damage_healed":0,"gold_gain":0,"player_choice":"Lose Max HP","damage_taken":0,"relics_obtained":["Golden Idol"],"max_hp_gain":0,"max_hp_loss":5,"event_name":"Golden Idol","floor":2,"gold_loss":0}],"is_beta":false,"boss_relics":[],"items_purged_floors":[8],"is_endless":false,"potions_floor_spawned":[3,10,13],"killed_by":"The Guardian","ascension_level":0}}