{"host":"bux1pdxjwq4dkad9","time":1608191273,"event":{"mods":["BaseMod","Colored Map","Minty Spire (QoL Compilation)","Quick Restart","Robot Space Explorer","StSLib","SuperFastMode","°æ“≈ŒÔMod°øºÚµ•”Œœ∑"],"gold_per_floor":[115,129,129,129,129,155,171,171,171,206,224,242,269,344,344,419,419,430,430,311,311,311,341,359,390,416,446,459,459,475,475,475,547,547,557,570,570,580,590,620,620,646,646,678,678,694,729,363,363,363,363,363,363,20,50,50],"floor_reached":57,"playtime":1850,"items_purged":["Strike_B","Defend_B","Dualcast"],"score":3896,"play_id":"e35f7d69-779f-4db4-8610-e84f5f89a387","local_time":"20201217154753","is_ascension_mode":true,"campfire_choices":[{"floor":8,"key":"DIG"},{"data":"Turbo","floor":15,"key":"SMITH"},{"floor":29,"key":"DIG"},{"floor":32,"key":"DIG"},{"floor":41,"key":"RECALL"},{"floor":49,"key":"DIG"},{"floor":53,"key":"DIG"}],"circlet_count":0,"master_deck":["AscendersBane","Defend_B","Defend_B","Zap","Tempest","Turbo+1","Double Energy","Steam","Electrodynamics","Seek","Double Energy+1","Recycle","Capacitor","Defragment","Creative AI","White Noise","Double Energy+1","Capacitor","Gash","Glacier","Creative AI","Gash","Defragment"],"relics":["Cracked Core","ImprovedEquipment","Shovel","Bird Faced Urn","Question Card","HornCleat","Ornamental Fan","Fusion Hammer","Mummified Hand","Matryoshka","Dream Catcher","Omamori","Blue Candle","Whetstone","StoneCalendar","Runic Dome","Bronze Scales","MealTicket","Blood Vial","Pantograph","PreservedInsect","StrikeDummy","Sundial","Gremlin Horn","ImprovedEquipment","Orrery"],"acts_visited":["Exordium","TheCity","TheBeyond","TheEnding"],"potions_floor_usage":[56,56,56,56],"damage_taken":[{"damage":0,"enemies":"Jaw Worm","floor":1,"turns":2},{"damage":0,"enemies":"2 Louse","floor":2,"turns":2},{"damage":0,"enemies":"3 Sentries","floor":6,"turns":5},{"damage":0,"enemies":"Small Slimes","floor":7,"turns":1},{"damage":0,"enemies":"Gremlin Nob","floor":10,"turns":3},{"damage":0,"enemies":"Blue Slaver","floor":11,"turns":1},{"damage":0,"enemies":"Exordium Thugs","floor":12,"turns":2},{"damage":0,"enemies":"3 Sentries","floor":13,"turns":4},{"damage":0,"enemies":"The Guardian","floor":16,"turns":4},{"damage":0,"enemies":"Shell Parasite","floor":18,"turns":1},{"damage":0,"enemies":"Gremlin Leader","floor":23,"turns":1},{"damage":0,"enemies":"Chosen","floor":24,"turns":1},{"damage":0,"enemies":"Slavers","floor":25,"turns":1},{"damage":0,"enemies":"Gremlin Leader","floor":27,"turns":1},{"damage":0,"enemies":"Snake Plant","floor":28,"turns":1},{"damage":0,"enemies":"Cultist and Chosen","floor":30,"turns":1},{"damage":0,"enemies":"Champ","floor":33,"turns":3},{"damage":0,"enemies":"3 Darklings","floor":35,"turns":1},{"damage":0,"enemies":"3 Shapes","floor":36,"turns":1},{"damage":0,"enemies":"Transient","floor":38,"turns":6},{"damage":0,"enemies":"3 Darklings","floor":39,"turns":1},{"damage":1,"enemies":"Nemesis","floor":40,"turns":1},{"damage":0,"enemies":"Giant Head","floor":42,"turns":2},{"damage":0,"enemies":"Reptomancer","floor":44,"turns":1},{"damage":0,"enemies":"4 Shapes","floor":46,"turns":1},{"damage":0,"enemies":"Giant Head","floor":47,"turns":3},{"damage":0,"enemies":"Awakened One","floor":50,"turns":3},{"damage":0,"enemies":"Donu and Deca","floor":51,"turns":2},{"damage":0,"enemies":"Shield and Spear","floor":55,"turns":1},{"damage":0,"enemies":"The Heart","floor":56,"turns":4}],"seed_played":"1436211463208891193","potions_obtained":[{"floor":1,"key":"AttackPotion"},{"floor":2,"key":"Explosive Potion"},{"floor":16,"key":"SkillPotion"},{"floor":23,"key":"PotionOfCapacity"},{"floor":55,"key":"EntropicBrew"}],"is_trial":false,"path_per_floor":["M","M","?","?","?","E","M","R","T","E","M","M","E","?","R","B",null,"M","?","$","?","T","E","M","E","T","E","M","R","M","?","R","B",null,"M","M","?","M","M","E","R","E","T","E","?","M","E","$","R","B","B",null,"R","$","E","B",null],"character_chosen":"DEFECT","items_purchased":["Recycle","Sundial","Gash","Orrery"],"campfire_rested":0,"item_purchase_floors":[20,48,54,54],"current_hp_per_floor":[46,46,46,46,51,51,51,51,51,51,51,51,51,40,40,42,68,68,68,68,68,68,68,68,70,70,72,76,76,76,76,76,76,76,76,76,72,72,72,71,71,72,72,72,72,72,72,72,72,72,72,72,72,72,72,72],"gold":50,"neow_bonus":"REMOVE_TWO","is_daily":false,"chose_seed":false,"campfire_upgraded":1,"win_rate":0.0,"timestamp":1608191273,"path_taken":["M","M","?","?","?","E","M","R","T","E","M","M","E","?","R","BOSS","M","?","$","?","?","E","M","E","T","E","?","R","M","?","R","BOSS","M","M","?","M","M","E","R","E","T","E","?","M","E","$","R","BOSS","BOSS","R","$","E","BOSS"],"items_purchased_type":["Card","Relic","Card","Relic"],"build_version":"2020-12-13","purchased_purges":3,"victory":true,"max_hp_per_floor":[71,71,71,71,76,76,76,76,76,76,76,76,76,76,76,76,76,76,76,76,76,76,76,76,76,76,76,76,76,76,76,76,76,76,76,76,72,72,72,72,72,72,72,72,72,72,72,72,72,72,72,72,72,72,72,72],"card_choices":[{"not_picked":["Stack","Cold Snap"],"picked":"Tempest","floor":1},{"not_picked":["Barrage","Leap"],"picked":"Turbo","floor":2},{"not_picked":["Conserve Battery","Streamline"],"picked":"Double Energy","floor":6},{"not_picked":["Auto Shields","Cold Snap","Beam Cell"],"picked":"SKIP","floor":7},{"not_picked":["Ball Lightning","Compile Driver","Machine Learning"],"picked":"Steam","floor":10},{"not_picked":["Go for the Eyes","Barrage","Conserve Battery","Rebound"],"picked":"SKIP","floor":11},{"not_picked":["Streamline","Leap","Go for the Eyes","Beam Cell"],"picked":"SKIP","floor":12},{"not_picked":["Streamline","Stack","Hyperbeam"],"picked":"Electrodynamics","floor":13},{"not_picked":["Electrodynamics","Creative AI","Buffer"],"picked":"Seek","floor":16},{"not_picked":["Go for the Eyes","Static Discharge","Tempest"],"picked":"Double Energy+1","floor":18},{"not_picked":["Barrage+1","Go for the Eyes","Cold Snap","Turbo"],"picked":"SKIP","floor":23},{"not_picked":["Doom and Gloom","Beam Cell","Rebound","Auto Shields"],"picked":"SKIP","floor":24},{"not_picked":["Melter+1","Conserve Battery","Stack","Steam"],"picked":"SKIP","floor":25},{"not_picked":["Ball Lightning","Coolheaded","Barrage+1","Doom and Gloom"],"picked":"SKIP","floor":27},{"not_picked":["Beam Cell","Melter","Sweeping Beam","Go for the Eyes"],"picked":"SKIP","floor":28},{"not_picked":["Rip and Tear","Conserve Battery","Heatsinks","Redo+1"],"picked":"SKIP","floor":30},{"not_picked":["Hyperbeam","Amplify","Meteor Strike"],"picked":"Biased Cognition","floor":33},{"not_picked":["Cold Snap","Ball Lightning+1","Chaos","Coolheaded"],"picked":"SKIP","floor":35},{"not_picked":["Redo","Sweeping Beam","Barrage","Hologram"],"picked":"SKIP","floor":36},{"not_picked":["Streamline+1","Ball Lightning","Go for the Eyes"],"picked":"Defragment","floor":38},{"not_picked":["Sunder","Go for the Eyes+1","Blizzard","Streamline"],"picked":"SKIP","floor":39},{"not_picked":["Fusion","Consume","Force Field"],"picked":"Creative AI","floor":40},{"not_picked":["Sweeping Beam","Coolheaded","Hello World"],"picked":"White Noise","floor":42},{"not_picked":["Force Field","Glacier","Defragment"],"picked":"Double Energy+1","floor":44},{"not_picked":["Redo","Go for the Eyes","Stack","Ball Lightning"],"picked":"SKIP","floor":46},{"not_picked":["Conserve Battery","Fusion+1","Self Repair"],"picked":"Capacitor","floor":47},{"not_picked":["Force Field","Chill","Streamline"],"picked":"Glacier","floor":54},{"not_picked":["Stack+1","Chaos+1","Streamline"],"picked":"Creative AI","floor":54},{"not_picked":["Stack","Sweeping Beam","Streamline"],"picked":"Gash","floor":54},{"not_picked":["Beam Cell","Steam+1","Reinforced Body+1"],"picked":"Defragment","floor":55}],"player_experience":2333183,"relics_obtained":[{"floor":6,"key":"Shovel"},{"floor":8,"key":"Bird Faced Urn"},{"floor":9,"key":"Question Card"},{"floor":10,"key":"HornCleat"},{"floor":13,"key":"Ornamental Fan"},{"floor":22,"key":"Mummified Hand"},{"floor":23,"key":"Matryoshka"},{"floor":25,"key":"Dream Catcher"},{"floor":26,"key":"Omamori"},{"floor":27,"key":"Blue Candle"},{"floor":29,"key":"Whetstone"},{"floor":32,"key":"StoneCalendar"},{"floor":40,"key":"Bronze Scales"},{"floor":42,"key":"MealTicket"},{"floor":43,"key":"Blood Vial"},{"floor":43,"key":"Pantograph"},{"floor":44,"key":"PreservedInsect"},{"floor":47,"key":"StrikeDummy"},{"floor":49,"key":"Gremlin Horn"},{"floor":53,"key":"ImprovedEquipment"}],"event_choices":[{"cards_removed":["Strike_B"],"damage_healed":0,"gold_gain":0,"player_choice":"Forget","damage_taken":0,"max_hp_gain":0,"max_hp_loss":0,"event_name":"Living Wall","floor":3,"gold_loss":0},{"damage_healed":0,"gold_gain":0,"player_choice":"Ignored","damage_taken":0,"max_hp_gain":0,"max_hp_loss":0,"event_name":"Liars Game","floor":4,"gold_loss":0},{"damage_healed":0,"gold_gain":0,"player_choice":"Donut","damage_taken":0,"max_hp_gain":5,"max_hp_loss":0,"event_name":"Big Fish","floor":5,"gold_loss":0},{"damage_healed":0,"gold_gain":75,"player_choice":"Gather Gold","damage_taken":11,"max_hp_gain":0,"max_hp_loss":0,"event_name":"World of Goop","floor":14,"gold_loss":0},{"damage_healed":0,"gold_gain":0,"player_choice":"Ignored","damage_taken":0,"max_hp_gain":0,"max_hp_loss":0,"event_name":"Ghosts","floor":19,"gold_loss":0},{"damage_healed":0,"gold_gain":0,"player_choice":"Read","damage_taken":0,"max_hp_gain":0,"max_hp_loss":0,"event_name":"The Library","floor":21,"gold_loss":0,"cards_obtained":["Capacitor"]},{"cards_removed":["Strike_B"],"damage_healed":0,"gold_gain":0,"player_choice":"Elegance","damage_taken":0,"max_hp_gain":0,"max_hp_loss":0,"event_name":"Back to Basics","floor":31,"gold_loss":0},{"damage_healed":0,"gold_gain":0,"player_choice":"Max HP","damage_taken":0,"max_hp_gain":0,"max_hp_loss":4,"event_name":"Winding Halls","floor":37,"gold_loss":0},{"cards_removed":["Biased Cognition"],"damage_healed":0,"gold_gain":0,"player_choice":"Removed Power","damage_taken":0,"max_hp_gain":0,"max_hp_loss":0,"event_name":"Falling","floor":45,"gold_loss":0}],"is_beta":false,"boss_relics":[{"not_picked":["Cursed Key","Velvet Choker"],"picked":"Fusion Hammer"},{"not_picked":["Snecko Eye","Philosopher\u0027s Stone"],"picked":"Runic Dome"}],"items_purged_floors":[20,48,54],"is_endless":false,"potions_floor_spawned":[1,2,12,16,18,23,24,28,30,39,40,42,44,55],"ascension_level":20}}