{"host":"uwh382mre4waz4ff","time":1608219927,"event":{"mods":["AchievementEnabler","BaseMod","Better Note","Better Third Choice","BetterRewards","Downfall","Highlight Path","HololiveMod","Minty Spire (QoL Compilation)","Shop Mod","StSLib"],"gold_per_floor":[86,109,109,128,57,57,57,88,88,104,124,161,10,43,43,154,154,176,208,226,226,50,50,50,50],"floor_reached":24,"playtime":1237,"items_purged":["Hololive_Strike","Hololive_Strike"],"score":542,"play_id":"d3049c9a-bc68-480b-bf36-4d5035402552","local_time":"20201217234527","is_ascension_mode":true,"campfire_choices":[{"data":"Chrysalis","floor":6,"key":"SMITH"},{"data":"Hololive_CocoNews","floor":15,"key":"SMITH"},{"data":"Hololive_Rebirth","floor":23,"key":"SMITH"}],"circlet_count":0,"master_deck":["AscendersBane","Hololive_Defend","Hololive_Defend","Hololive_Drill","Hololive_CallFriendA","Hololive_CallTsunomakiWatame","Hololive_CallSpadeEcho","Hololive_CallAmaneKanata","Hololive_CallFriendA","Chrysalis+1","Hololive_CocoNews+1","Hololive_StrengthChampion","Hololive_CallYogiri","Hololive_CallTokoyamiTowa","Hololive_StrengthChampion","Hololive_StrengthChampion","Hololive_CallShiranuiFlare","Hololive_CallKiryuuCoco","Hololive_CallHoshimachiSuisei","Hololive_Rebirth+1","Hololive_CallAkaiHaato","Hololive_CallUruhaRushia","Hololive_CallManoAloe+1","Hololive_CallNatsuiroMatsuri"],"relics":["Hololive_TheStar","Bottled Flame","InkBottle","Shuriken","Hololive_FriedShrimpLion","Coffee Dripper","Red Mask","betterThird:NestCultRelic"],"acts_visited":["Exordium","TheCity"],"potions_floor_usage":[12,24,24],"damage_taken":[{"damage":0,"enemies":"Small Slimes","floor":1,"turns":3},{"damage":0,"enemies":"Jaw Worm","floor":2,"turns":4},{"damage":0,"enemies":"2 Louse","floor":4,"turns":4},{"damage":0,"enemies":"Gremlin Nob","floor":8,"turns":4},{"damage":0,"enemies":"Exordium Thugs","floor":10,"turns":7},{"damage":6,"enemies":"Large Slime","floor":11,"turns":5},{"damage":0,"enemies":"Lagavulin","floor":12,"turns":6},{"damage":0,"enemies":"Gremlin Nob","floor":14,"turns":3},{"damage":0,"enemies":"The Guardian","floor":16,"turns":7},{"damage":0,"enemies":"Shell Parasite","floor":18,"turns":4},{"damage":15,"enemies":"Masked Bandits","floor":19,"turns":8},{"damage":0,"enemies":"Chosen","floor":20,"turns":3},{"damage":18,"enemies":"Slavers","floor":24,"turns":1}],"seed_played":"2872341160551208426","potions_obtained":[{"floor":1,"key":"Energy Potion"},{"floor":10,"key":"Fire Potion"},{"floor":14,"key":"ColorlessPotion"},{"floor":18,"key":"SkillPotion"}],"is_trial":false,"path_per_floor":["M","M","?","M","$","R","?","E","T","M","M","E","$","E","R","B",null,"M","?","M","?","$","R","E"],"character_chosen":"Hololive_HololiveCharacter","items_purchased":["Hololive_CallTokoyamiTowa","Hololive_CallKiryuuCoco","Hololive_CallNatsuiroMatsuri"],"campfire_rested":0,"item_purchase_floors":[5,13,22],"current_hp_per_floor":[32,32,32,32,32,32,25,25,25,25,19,19,19,19,19,19,29,29,14,14,14,14,14,0,0],"gold":50,"neow_bonus":"RANDOM_COLORLESS_2","is_daily":false,"chose_seed":false,"campfire_upgraded":3,"win_rate":0.0,"timestamp":1608219927,"path_taken":["M","M","?","M","$","R","?","E","T","M","M","E","$","E","R","BOSS","M","?","M","?","$","R","E"],"items_purchased_type":["Card","Card","Card"],"build_version":"2020-12-13","purchased_purges":2,"victory":false,"max_hp_per_floor":[32,32,32,32,32,32,32,32,32,32,32,32,32,32,32,32,32,32,32,32,32,32,32,32,32],"card_choices":[{"not_picked":["Sadistic Nature","Transmutation"],"picked":"Chrysalis","floor":0},{"not_picked":["Hololive_Sequa","Hololive_FlyingPonyTail","Hololive_OvertimeWork"],"picked":"Hololive_CocoNews","floor":1},{"not_picked":["Hololive_Trident","Hololive_Psychosis","Hololive_BeCareful"],"picked":"Hololive_StrengthChampion","floor":2},{"not_picked":["Hololive_Watashimo","Hololive_OvertimeWork","Hololive_Breathe"],"picked":"Hololive_CallYogiri","floor":4},{"not_picked":["Hololive_Breathe","Hololive_HuntDinosaur","Hololive_FlyingPonyTail","Hololive_OvertimeWork"],"picked":"SKIP","floor":8},{"not_picked":["Hololive_CallYogiri","Hololive_Sequa","Hololive_CallTokoyamiTowa"],"picked":"Hololive_StrengthChampion","floor":10},{"not_picked":["Hololive_Breathe","Hololive_Psychosis","Hololive_Sequa"],"picked":"Hololive_StrengthChampion","floor":11},{"not_picked":["Hololive_OvertimeWork","Hololive_HuntDinosaur","Hololive_Drill"],"picked":"Hololive_CallShiranuiFlare","floor":12},{"not_picked":["Hololive_Breathe","Hololive_CallAiraniIofifteen","Hololive_OvertimeWork"],"picked":"Hololive_CallHoshimachiSuisei","floor":14},{"not_picked":["Hololive_AWSL","Hololive_IdolExercise","Hololive_Recruit"],"picked":"Hololive_Rebirth","floor":16},{"not_picked":["Hololive_CallSakuraMiko","Hololive_CallOkamiMio","Hololive_Psychosis"],"picked":"Hololive_CallAkaiHaato","floor":18},{"not_picked":["Hololive_CallNakiriAyame","Hololive_CallMinatoAqua","Hololive_FlyingPonyTail"],"picked":"Hololive_CallUruhaRushia","floor":19},{"not_picked":["Hololive_CallYogiri","Hololive_CandyCastle","Hololive_OvertimeWork"],"picked":"Hololive_CallManoAloe+1","floor":20}],"player_experience":122470,"relics_obtained":[{"floor":8,"key":"Bottled Flame"},{"floor":9,"key":"InkBottle"},{"floor":12,"key":"Shuriken"},{"floor":14,"key":"Hololive_FriedShrimpLion"},{"floor":19,"key":"Red Mask"}],"event_choices":[{"damage_healed":32,"gold_gain":0,"player_choice":"Embrace Burn","damage_taken":0,"max_hp_gain":0,"max_hp_loss":32,"event_name":"betterThird:BetterShining","floor":3,"gold_loss":0},{"cards_removed":["Burn"],"damage_healed":0,"gold_gain":0,"player_choice":"Card Removal","damage_taken":7,"max_hp_gain":0,"max_hp_loss":0,"event_name":"Golden Wing","floor":7,"gold_loss":0},{"damage_healed":0,"gold_gain":0,"player_choice":"Fought Bandits","damage_taken":0,"max_hp_gain":0,"max_hp_loss":0,"event_name":"Masked Bandits","floor":19,"gold_loss":0},{"damage_healed":0,"gold_gain":0,"player_choice":"Madness","damage_taken":0,"relics_obtained":["betterThird:NestCultRelic"],"max_hp_gain":0,"max_hp_loss":0,"event_name":"betterThird:BetterNest","floor":21,"gold_loss":0}],"is_beta":false,"boss_relics":[{"not_picked":["Runic Dome","Hololive_ChaosS"],"picked":"Coffee Dripper"}],"items_purged_floors":[13,22],"is_endless":false,"potions_floor_spawned":[1,10,11,14,18],"killed_by":"Slavers","ascension_level":12}}