{"host":"6q8ox9h5d7sk3bhp","time":1608242986,"event":{"mods":["Aspiration","BaseMod","Better Third Choice","BetterRewards","Conspire","Dota2Spire","Downfall","Fiend Mod","FruityMod","Glutton Mod","Hubris","Infinite Spire","Lobotomy","Minty Spire (QoL Compilation)","Potionbrewer","Rare Cards Sparkle","Relic Stats","Replay The Spire","Robot Space Explorer","Shop Mod","Somnambulant","Spicy Shops","Spikes Relics","StSLib","The Juggle","The Kombatant","The Sage","The Showman","TheVacant","vexMod"],"gold_per_floor":[110,110,5,15,25,25,25],"floor_reached":6,"playtime":709,"items_purged":[],"score":36,"play_id":"4bfe71b6-5131-4007-a3aa-d00267a29a14","local_time":"20201217170946","is_ascension_mode":false,"campfire_choices":[],"circlet_count":0,"master_deck":["somnambulantmod: SomnambulantStrike","somnambulantmod: SomnambulantStrike","somnambulantmod: SomnambulantStrike","somnambulantmod: SomnambulantStrike","somnambulantmod: SomnambulantStrike","somnambulantmod: Defend_Somnambulant","somnambulantmod: Defend_Somnambulant","somnambulantmod: Defend_Somnambulant","somnambulantmod: Defend_Somnambulant","somnambulantmod: Defend_Somnambulant","somnambulantmod: QuickNap+1","somnambulantmod: PrimingPunch","somnambulantmod: Stimulus","somnambulantmod: ShimmeringVeil","somnambulantmod: LeechFears","somnambulantmod: LeechFears","somnambulantmod: MindWave","somnambulantmod: InLimbo"],"relics":["somnambulantmod: DreamJournal","RabbitCall"],"acts_visited":["Exordium"],"potions_floor_usage":[],"damage_taken":[{"damage":0,"enemies":"Jaw Worm","floor":1,"turns":4},{"damage":1,"enemies":"Cultist","floor":4,"turns":4},{"damage":2,"enemies":"2 Louse","floor":5,"turns":3},{"damage":67,"enemies":"Gremlin Nob","floor":6,"turns":6}],"seed_played":"-3441739297247868198","potions_obtained":[{"floor":4,"key":"Fire Potion"}],"is_trial":false,"path_per_floor":["M","?","$","M","M","E"],"character_chosen":"THE_SOMNAMBULANT","items_purchased":["somnambulantmod: ShimmeringVeil","somnambulantmod: LeechFears"],"campfire_rested":0,"item_purchase_floors":[3,3],"current_hp_per_floor":[70,70,70,69,67,0,0],"gold":25,"neow_bonus":"","is_daily":false,"chose_seed":false,"campfire_upgraded":0,"win_rate":0.0,"timestamp":1608242986,"path_taken":["M","?","?","M","M","E"],"items_purchased_type":["Card","Card"],"build_version":"2020-12-13","purchased_purges":0,"victory":false,"max_hp_per_floor":[70,70,70,70,70,70,70],"relic_stats":{"counters":[4,17],"obtain_stats":[{"RabbitCall":0,"somnambulantmod: DreamJournal":0},{"RabbitCall":0,"somnambulantmod: DreamJournal":0},{"RabbitCall":0,"somnambulantmod: DreamJournal":0}]},"card_choices":[{"not_picked":["somnambulantmod: TrepanningBlow","somnambulantmod: Nosebleed"],"picked":"somnambulantmod: Stimulus","floor":1},{"not_picked":["somnambulantmod: TrepanningBlow","somnambulantmod: Cower"],"picked":"somnambulantmod: MindWave","floor":4},{"not_picked":["somnambulantmod: DreamBig","somnambulantmod: Cower"],"picked":"somnambulantmod: InLimbo","floor":5}],"player_experience":58939,"relics_obtained":[],"event_choices":[{"damage_healed":0,"gold_gain":0,"player_choice":"Upgraded","damage_taken":0,"max_hp_gain":0,"max_hp_loss":0,"event_name":"Upgrade Shrine","floor":2,"gold_loss":0,"cards_upgraded":["somnambulantmod: QuickNap"]}],"is_beta":false,"boss_relics":[],"items_purged_floors":[],"is_endless":false,"potions_floor_spawned":[4],"killed_by":"Gremlin Nob","ascension_level":0}}