{"host":"3srbdas3e7jgqz5l","time":1608228601,"event":{"mods":["BaseMod","Downfall","Minty Spire (QoL Compilation)","StSLib","The Cursed"],"gold_per_floor":[99,134,434,534,534,459,482,482,482,510,528,545,545,562,576,576,576],"floor_reached":16,"playtime":920,"items_purged":[],"score":133,"play_id":"6e2270aa-60f3-4878-8d2e-ef57ebe2966e","local_time":"20201217181001","is_ascension_mode":false,"campfire_choices":[{"floor":1,"key":"RECALL"},{"data":"champ:CrookedStrike","floor":6,"key":"SMITH"},{"data":"champ:TornadoPunch","floor":9,"key":"SMITH"}],"circlet_count":0,"master_deck":["champ:Strike","champ:Strike","champ:Strike","champ:Strike","champ:Defend","champ:Defend","champ:Defend","champ:Defend","champ:Execute","champ:Taunt","champ:DefensiveShout","Slimebound:Icky","champ:CrookedStrike+1","champ:TornadoPunch+1","champ:IronFortress","champ:StanceDance","champ:SkillfulDodge","champ:CalledShot"],"relics":["champ:ChampionCrown","downfall:HeartsMalice","White Beast Statue","downfall:HeartBlessingRed","Strawberry","Pen Nib"],"acts_visited":["Exordium"],"potions_floor_usage":[12,16],"damage_taken":[{"damage":0,"enemies":"Gremlin Nob","floor":2,"turns":1},{"damage":0,"enemies":"Small Slimes","floor":5,"turns":1},{"damage":0,"enemies":"2 Louse","floor":8,"turns":1},{"damage":31,"enemies":"3 Sentries","floor":10,"turns":7},{"damage":11,"enemies":"Cultist","floor":11,"turns":4},{"damage":17,"enemies":"Gremlin Gang","floor":12,"turns":4},{"damage":0,"enemies":"3 Louse","floor":14,"turns":1},{"damage":2,"enemies":"Exordium Wildlife","floor":15,"turns":2},{"damage":53,"enemies":"downfall:Defect","floor":16,"turns":8}],"seed_played":"-4923583395634062457","potions_obtained":[{"floor":5,"key":"champ:CounterPotion"},{"floor":8,"key":"Weak Potion"},{"floor":10,"key":"FearPotion"},{"floor":11,"key":"EntropicBrew"},{"floor":12,"key":"Guardian:BlockOnCardUsePotion"}],"is_trial":false,"path_per_floor":["R","E","?","?","M","R","T","M","R","E","M","M","?","M","M","B"],"character_chosen":"THE_CHAMP","items_purchased":[],"campfire_rested":0,"item_purchase_floors":[],"current_hp_per_floor":[90,90,90,90,90,90,97,97,97,71,66,54,54,54,52,0,0],"gold":576,"neow_bonus":"THREE_ENEMY_KILL","is_daily":false,"chose_seed":false,"campfire_upgraded":2,"win_rate":0.0,"timestamp":1608228601,"path_taken":["R","E","?","?","?","R","T","M","R","E","M","?","?","M","M","BOSS"],"items_purchased_type":[],"build_version":"2020-12-13","purchased_purges":0,"victory":false,"max_hp_per_floor":[90,90,90,90,90,90,97,97,97,97,97,97,97,97,97,97,97],"card_choices":[{"not_picked":["champ:HeartStrike","champ:Haymaker"],"picked":"champ:DefensiveShout","floor":2},{"not_picked":["champ:DefensiveShout","champ:RecklessLeap"],"picked":"champ:CrookedStrike","floor":5},{"not_picked":["champ:FlashCut","champ:BerserkersShout"],"picked":"champ:TornadoPunch","floor":8},{"not_picked":["champ:Encircle","champ:DefensiveShout"],"picked":"champ:IronFortress","floor":10},{"not_picked":["champ:FalseCounter","champ:AdrenalArmor"],"picked":"champ:StanceDance","floor":11},{"not_picked":["champ:RapidStrikes","champ:ShieldWall"],"picked":"champ:SkillfulDodge","floor":12},{"not_picked":["champ:Haymaker","champ:BladeFlurry","champ:DancingMaster"],"picked":"SKIP","floor":14},{"not_picked":["champ:FocusedBerserking","champ:StanceDance"],"picked":"champ:CalledShot","floor":15}],"player_experience":426561,"relics_obtained":[{"floor":2,"key":"White Beast Statue"},{"floor":7,"key":"Strawberry"},{"floor":10,"key":"Pen Nib"}],"event_choices":[{"cards_removed":["Slimebound:Icky"],"damage_healed":0,"gold_gain":0,"player_choice":"Forget","damage_taken":0,"max_hp_gain":0,"max_hp_loss":0,"event_name":"Living Wall","floor":13,"gold_loss":0}],"is_beta":false,"boss_relics":[],"items_purged_floors":[],"is_endless":false,"potions_floor_spawned":[5,8,10,11,12,14,15],"killed_by":"downfall:Defect","ascension_level":0}}