{"host":"o5or1zybx7au40zl","time":1608224403,"event":{"mods":["2.2 Compatiblity","Act Like it!","BaseMod","Better Third Choice","Conspire","Dota2Spire","GifTheSpireLib","Hubris","Infinite Spire","Minty Spire (QoL Compilation)","Replay The Spire","StSLib","The Bug Knight"],"gold_per_floor":[110,71,91,107,124,150,150,150,177,203,217,217,245,257,257,352,352,370,285,298,318,318,356,356,400,424,424,464,488,515,61,61,174,174,199,222,247,247,143,185,214,214,214,242,277,292,301,321,321,321,321],"floor_reached":50,"playtime":1410,"items_purged":[],"score":686,"play_id":"3abdf1fc-9bb1-4490-8969-845393e66cda","local_time":"20201217180003","is_ascension_mode":false,"campfire_choices":[{"floor":7,"key":"REST"},{"floor":12,"key":"REST"},{"floor":15,"key":"REST"},{"floor":24,"key":"RECALL"},{"floor":27,"key":"REST"},{"floor":32,"key":"REST"},{"floor":42,"key":"REST"},{"floor":49,"key":"REST"}],"circlet_count":0,"master_deck":["Double Tap+1","Strike_G+1","Strike_G","Strike_G","Strike_G","Defend_G","Defend_G","Defend_G","Defend_G","Defend_G","Survivor","Neutralize","Backstab","Dash+1","Draining Mist","infinitespire:DeathsTouch","conspire:PoisonWeapons","Bouncing Flask","Draining Mist","A Thousand Cuts","Quick Slash","Blade Dance+1","Distraction","Glass Knife","Acrobatics","Draining Mist+1","Burst","Sucker Punch+1","Adrenaline","Noxious Fumes+1","Blade Dance","Bane+1","Replay:Dark Deal","Flash of Steel","Bullet Time","Masterful Stab+1","Poisoned Stab","ReplayTheSpireMod:Speed Training+1","conspire:PoisonWeapons","Underhanded Strike+1"],"relics":["ChewingGum","Dota2Spire:ArmletOfMordiggian","Whetstone","Bird Faced Urn","conspire:SpecialSausage","conspire:Flyswatter","CeramicFish","infinitespire:Satchel","Bronze Scales","Vajra","infinitespire:Joker Card","Dota2Spire:Bloodstone","ReplayTheSpireMod:ShopPack","hubris:BottledRain","Dota2Spire:OrchidMalevolence","ReplayFunnel"],"acts_visited":["Exordium","TheCity","TheBeyond"],"potions_floor_usage":[10,13,16,16,21,21,25,33,41,41,50],"damage_taken":[{"damage":6,"enemies":"infinitespire:Voidling","floor":1,"turns":5},{"damage":0,"enemies":"conspire:RoseBush","floor":3,"turns":2},{"damage":0,"enemies":"2 Louse","floor":4,"turns":2},{"damage":12,"enemies":"Exordium Thugs","floor":5,"turns":5},{"damage":32,"enemies":"Gremlin Nob","floor":6,"turns":5},{"damage":10,"enemies":"Lagavulin","floor":10,"turns":4},{"damage":10,"enemies":"Lots of Slimes","floor":11,"turns":4},{"damage":0,"enemies":"Gremlin Nob","floor":13,"turns":2},{"damage":7,"enemies":"Blue Slaver","floor":14,"turns":2},{"damage":1,"enemies":"The Guardian","floor":16,"turns":5},{"damage":20,"enemies":"conspire:FuzzyDice","floor":18,"turns":4},{"damage":30,"enemies":"Centurion and Healer","floor":20,"turns":4},{"damage":13,"enemies":"3 Cultists","floor":21,"turns":3},{"damage":25,"enemies":"Book of Stabbing","floor":23,"turns":4},{"damage":38,"enemies":"Slavers","floor":25,"turns":4},{"damage":6,"enemies":"Replay:Snechameleon","floor":28,"turns":3},{"damage":11,"enemies":"Shelled Parasite and Fungi","floor":29,"turns":2},{"damage":9,"enemies":"Snecko","floor":30,"turns":4},{"damage":42,"enemies":"hubris:MusketHawk","floor":33,"turns":6},{"damage":6,"enemies":"3 Shapes","floor":35,"turns":3},{"damage":0,"enemies":"Orb Walker","floor":36,"turns":2},{"damage":10,"enemies":"Sphere and 2 Shapes","floor":37,"turns":3},{"damage":4,"enemies":"HollowMod:StalkingDevout","floor":40,"turns":4},{"damage":33,"enemies":"Writhing Mass","floor":41,"turns":3},{"damage":9,"enemies":"Maw","floor":44,"turns":4},{"damage":0,"enemies":"Nemesis","floor":45,"turns":4},{"damage":31,"enemies":"3 Darklings","floor":46,"turns":3},{"damage":18,"enemies":"Spire Growth","floor":48,"turns":3},{"damage":70,"enemies":"conspire:OrnateMirror","floor":50,"turns":5}],"seed_played":"-7962837614338525787","potions_obtained":[{"floor":1,"key":"BlessingOfTheForge"},{"floor":11,"key":"FearPotion"},{"floor":13,"key":"DistilledChaos"},{"floor":14,"key":"Adrenaline Potion"},{"floor":16,"key":"ColorlessPotion"},{"floor":20,"key":"LiquidMemories"},{"floor":23,"key":"Swift Potion"},{"floor":29,"key":"SpeedPotion"},{"floor":33,"key":"Explosive Potion"},{"floor":35,"key":"Explosive Potion"},{"floor":37,"key":"Energy Potion"},{"floor":48,"key":"AttackPotion"}],"is_trial":false,"path_per_floor":["M","$","M","M","M","E","R","?","T","E","M","R","E","M","R","B",null,"M","?","M","M","?","E","R","E","T","R","E","M","M","$","R","B",null,"M","M","M","?","$","E","M","R","T","M","E","M","?","M","R","B"],"character_chosen":"THE_SILENT","items_purchased":["Dash","Vajra","infinitespire:Joker Card","ReplayTheSpireMod:ShopPack"],"campfire_rested":7,"item_purchase_floors":[2,31,31,39],"current_hp_per_floor":[64,64,64,64,52,20,41,25,25,15,5,26,26,19,40,41,70,52,52,22,11,80,55,55,19,19,43,39,28,19,19,43,3,80,74,74,66,66,66,64,31,55,55,50,56,25,25,9,33,0,0],"gold":321,"neow_bonus":"BOSS_RELIC","is_daily":false,"chose_seed":false,"campfire_upgraded":0,"win_rate":0.0,"timestamp":1608224403,"path_taken":["M","$","?","M","M","E","R","?","T","E","M","R","E","M","R","BOSS","M","?","M","M","?","E","R","E","T","R","E","?","M","?","R","BOSS","M","M","M","?","?","E","M","R","T","?","E","M","?","?","R","BOSS"],"items_purchased_type":["Card","Relic","Relic","Relic"],"build_version":"2020-12-13","purchased_purges":0,"victory":false,"max_hp_per_floor":[70,70,70,70,70,70,70,70,70,70,70,70,70,70,70,70,70,70,70,70,70,80,80,80,80,80,80,80,80,80,80,80,80,80,80,80,80,80,80,80,80,80,80,80,80,80,80,80,80,80,80],"card_choices":[{"not_picked":["Infinite Blades","Poisoned Stab"],"picked":"Backstab","floor":1},{"not_picked":["Cloak And Dagger","hubris:SlightOfHand"],"picked":"Draining Mist","floor":3},{"not_picked":["Prepared","Poisoned Stab","Hidden Blade"],"picked":"SKIP","floor":4},{"not_picked":["Poisoned Stab","Outmaneuver","Prepared"],"picked":"SKIP","floor":5},{"not_picked":["Prepared","Outmaneuver","PiercingWail"],"picked":"SKIP","floor":6},{"not_picked":["infinitespire:Starlight","infinitespire:SealOfDarkness+"],"picked":"infinitespire:DeathsTouch","floor":8},{"not_picked":["Dodge and Roll","Skewer"],"picked":"conspire:PoisonWeapons","floor":10},{"not_picked":["Catalyst","Bane"],"picked":"Bouncing Flask","floor":11},{"not_picked":["Catalyst","Footwork"],"picked":"After Image","floor":13},{"not_picked":["Infinite Blades","Bane"],"picked":"Draining Mist","floor":14},{"not_picked":["Night Terror","Burst"],"picked":"A Thousand Cuts","floor":16},{"not_picked":["Cloak And Dagger","Deadly Poison+1"],"picked":"Quick Slash","floor":18},{"not_picked":["Dagger Throw","Underhanded Strike"],"picked":"Blade Dance+1","floor":20},{"not_picked":["Hidden Blade","Poisoned Stab"],"picked":"Distraction","floor":21},{"not_picked":["Terror","Reflex"],"picked":"Glass Knife","floor":23},{"not_picked":["Eviscerate","Deflect"],"picked":"Acrobatics","floor":25},{"not_picked":["Bane","Flying Knee"],"picked":"Draining Mist+1","floor":28},{"not_picked":["PiercingWail","Heel Hook"],"picked":"Burst","floor":29},{"not_picked":["Outmaneuver","Calculated Gamble"],"picked":"Sucker Punch+1","floor":30},{"not_picked":["Phantasmal Killer","Die Die Die"],"picked":"Adrenaline","floor":33},{"not_picked":["ReplayTheSpireMod:Speed Training+1","Cloak And Dagger"],"picked":"Noxious Fumes+1","floor":35},{"not_picked":["conspire:DoublingDagger","Cloak And Dagger"],"picked":"Blade Dance","floor":36},{"not_picked":["Underhanded Strike","ReplayTheSpireMod:Scrap Shanks"],"picked":"Bane+1","floor":37},{"not_picked":["Magnetism","Poisoned Strike"],"picked":"Replay:Dark Deal","floor":39},{"not_picked":["hubris:Ssssneak","ReplayTheSpireMod:Private Reserves"],"picked":"Flash of Steel","floor":39},{"not_picked":["Prepared","Outmaneuver"],"picked":"Bullet Time","floor":40},{"not_picked":["Dodge and Roll","Skewer"],"picked":"Masterful Stab+1","floor":41},{"not_picked":["Quick Slash+1","hubris:Sniper"],"picked":"Poisoned Stab","floor":44},{"not_picked":["Underhanded Strike","Flying Knee"],"picked":"ReplayTheSpireMod:Speed Training+1","floor":45},{"not_picked":["Setup","hubris:SlightOfHand+1","Quick Slash"],"picked":"SKIP","floor":46},{"not_picked":["Endless Agony","Predator"],"picked":"Underhanded Strike+1","floor":48}],"player_experience":968834,"relics_obtained":[{"floor":6,"key":"Dota2Spire:ArmletOfMordiggian"},{"floor":9,"key":"Whetstone"},{"floor":13,"key":"Bird Faced Urn"},{"floor":23,"key":"CeramicFish"},{"floor":25,"key":"infinitespire:Satchel"},{"floor":28,"key":"Bronze Scales"},{"floor":40,"key":"hubris:BottledRain"},{"floor":43,"key":"Dota2Spire:OrchidMalevolence"},{"floor":45,"key":"ReplayFunnel"}],"event_choices":[{"damage_healed":0,"gold_gain":0,"player_choice":"Obtained Relic","damage_taken":0,"relics_obtained":["conspire:Flyswatter"],"max_hp_gain":0,"max_hp_loss":0,"event_name":"Addict","floor":19,"gold_loss":85},{"cards_removed":["After Image"],"damage_healed":59,"gold_gain":0,"player_choice":"Offered Rare","damage_taken":0,"max_hp_gain":10,"max_hp_loss":0,"event_name":"Bonfire Elementals","floor":22,"gold_loss":0},{"cards_removed":["Strike_G"],"damage_healed":0,"gold_gain":0,"player_choice":"Purged","damage_taken":0,"max_hp_gain":0,"max_hp_loss":0,"event_name":"Purifier","floor":38,"gold_loss":0},{"damage_healed":0,"gold_gain":0,"player_choice":"Copied","damage_taken":0,"max_hp_gain":0,"max_hp_loss":0,"event_name":"Duplicator","floor":47,"gold_loss":0,"cards_obtained":["conspire:PoisonWeapons"]}],"is_beta":false,"boss_relics":[{"not_picked":["Tiny House","Cursed Key"],"picked":"conspire:SpecialSausage"},{"not_picked":["conspire:RunicOctahedron","Calling Bell"],"picked":"Dota2Spire:Bloodstone"}],"items_purged_floors":[],"is_endless":false,"potions_floor_spawned":[1,11,13,14,16,20,23,29,33,35,37,48],"killed_by":"conspire:OrnateMirror","ascension_level":0}}