{"host":"4a0j9lay3ec96yoz","time":1608234355,"event":{"mods":["BaseMod","Marisa????????","Minty Spire (QoL Compilation)","Shop Mod","StSLib","The Cursed","The Necromancer","The Runesmith","The Servant 0.9.4"],"gold_per_floor":[112,112,112,16,33,33,60,8,8,25,39,39,50,66,66,162,162,177,177,197,212,222,222,22,22,91,109,125,6,16,27,27,27,27],"floor_reached":33,"playtime":2466,"items_purged":[],"score":278,"play_id":"5e4c3fc6-8cde-4d23-a34d-28b882762635","local_time":"20201217144555","is_ascension_mode":false,"campfire_choices":[{"data":"SurpressingFire","floor":6,"key":"SMITH"},{"data":"KidneyShot","floor":12,"key":"SMITH"},{"floor":15,"key":"REST"},{"floor":23,"key":"REST"},{"floor":32,"key":"REST"}],"circlet_count":0,"master_deck":["Strike_S+1","Strike_S+1","Strike_S+1","Strike_S+1","Defend_S+1","Defend_S+1","Defend_S+1","Defend_S+1","KidneyShot+1","Exchange","InstantArmor","SurpressingFire+1","Defy","Rearm","Moonlight","FastForward","Ricochet","Desolation","LightFlow","ShatteredReality","DoubleEdge+1","Defy+1","DoubleEdge","SoulSculpture","Sabotage","Shame","Gouge","Advance","Collapse","TimeWarp","Dilation","Snipe"],"relics":["Uniform","NeowsBlessing","Lizard Tail","Bird Faced Urn","MysterySword","Mummified Hand","Runesmith:Nanobots"],"acts_visited":["Exordium","TheCity"],"potions_floor_usage":[16,16,33,33,33],"damage_taken":[{"damage":0,"enemies":"Cultist","floor":1,"turns":1},{"damage":0,"enemies":"Small Slimes","floor":5,"turns":1},{"damage":0,"enemies":"Gremlin Nob","floor":7,"turns":1},{"damage":1,"enemies":"Jaw Worm","floor":10,"turns":5},{"damage":13,"enemies":"Large Slime","floor":11,"turns":9},{"damage":0,"enemies":"Looter","floor":13,"turns":3},{"damage":6,"enemies":"Exordium Wildlife","floor":14,"turns":4},{"damage":55,"enemies":"The Guardian","floor":16,"turns":17},{"damage":21,"enemies":"3 Byrds","floor":18,"turns":6},{"damage":25,"enemies":"Shell Parasite","floor":20,"turns":5},{"damage":34,"enemies":"Shelled Parasite and Fungi","floor":21,"turns":5},{"damage":38,"enemies":"Sentry and Sphere","floor":22,"turns":7},{"damage":17,"enemies":"Cultist and Chosen","floor":27,"turns":5},{"damage":0,"enemies":"Centurion and Healer","floor":28,"turns":5},{"damage":12,"enemies":"Snake Plant","floor":30,"turns":5},{"damage":0,"enemies":"Snecko","floor":31,"turns":4},{"damage":58,"enemies":"Champ","floor":33,"turns":7}],"seed_played":"-3946591287671904007","potions_obtained":[{"floor":5,"key":"Regen Potion"},{"floor":7,"key":"PowerPotion"},{"floor":13,"key":"FearPotion"},{"floor":21,"key":"DuplicationPotion"},{"floor":22,"key":"SteroidPotion"},{"floor":28,"key":"Swift Potion"}],"is_trial":false,"path_per_floor":["M","?","?","$","M","R","E","$","T","M","M","R","M","M","R","B",null,"M","?","M","M","M","R","$","?","T","M","M","$","M","M","R","B"],"character_chosen":"THE_SERVANT","items_purchased":["FairyPotion","Rearm","SoulSculpture","Sabotage","Collapse","TimeWarp"],"campfire_rested":3,"item_purchase_floors":[4,8,24,24,29,29],"current_hp_per_floor":[65,65,70,70,70,70,70,70,70,69,58,58,58,54,70,32,70,49,49,26,21,32,53,53,53,53,36,36,36,26,26,47,0,0],"gold":27,"neow_bonus":"THREE_ENEMY_KILL","is_daily":false,"chose_seed":false,"campfire_upgraded":2,"win_rate":0.0,"timestamp":1608234355,"path_taken":["M","?","?","$","M","R","E","?","T","M","M","R","M","M","R","BOSS","M","?","M","M","M","R","$","?","T","M","M","?","M","M","R","BOSS"],"items_purchased_type":["Potion","Card","Card","Card","Card","Card"],"build_version":"2020-12-13","purchased_purges":0,"victory":false,"max_hp_per_floor":[65,65,70,70,70,70,70,70,70,70,70,70,70,70,70,70,70,70,70,70,70,70,70,70,70,70,70,70,70,70,70,70,70,70],"card_choices":[{"not_picked":["Alleviate","Replace"],"picked":"InstantArmor","floor":1},{"not_picked":["Rewind","TimeWarp"],"picked":"SurpressingFire","floor":5},{"not_picked":["Rewind","StarChef"],"picked":"Defy","floor":7},{"not_picked":["MoonPhase","Barrier"],"picked":"Moonlight","floor":10},{"not_picked":["Defy","Replace"],"picked":"FastForward","floor":11},{"not_picked":["Spin","FastForward"],"picked":"Ricochet","floor":13},{"not_picked":["ShiftingGears","Embodiment"],"picked":"Desolation","floor":14},{"not_picked":["Dilation","FlawlessForm"],"picked":"LightFlow","floor":16},{"not_picked":["Ricochet+1","TimeWarp"],"picked":"ShatteredReality","floor":18},{"not_picked":["SurpressingFire","Contraction"],"picked":"DoubleEdge+1","floor":20},{"not_picked":["Replace","Desolation"],"picked":"Defy+1","floor":21},{"not_picked":["GearUp","Rewind"],"picked":"DoubleEdge","floor":22},{"not_picked":["BottledTime","Snipe"],"picked":"Gouge","floor":27},{"not_picked":["BottledTime","Luminosity+1"],"picked":"Advance","floor":28},{"not_picked":["Revamp","Defy+1"],"picked":"Dilation","floor":30},{"not_picked":["Replace+1","Potential"],"picked":"Snipe","floor":31}],"player_experience":13981,"relics_obtained":[{"floor":7,"key":"Lizard Tail"},{"floor":9,"key":"Bird Faced Urn"},{"floor":26,"key":"Runesmith:Nanobots"}],"event_choices":[{"damage_healed":0,"gold_gain":0,"player_choice":"Leave","damage_taken":0,"max_hp_gain":0,"max_hp_loss":0,"event_name":"The Cleric","floor":2,"gold_loss":0},{"damage_healed":0,"gold_gain":0,"player_choice":"Donut","damage_taken":0,"max_hp_gain":5,"max_hp_loss":0,"event_name":"Big Fish","floor":3,"gold_loss":0},{"damage_healed":0,"gold_gain":0,"player_choice":"Simplicity","damage_taken":0,"max_hp_gain":0,"max_hp_loss":0,"event_name":"Back to Basics","floor":19,"gold_loss":0,"cards_upgraded":["Strike_S","Strike_S","Strike_S","Strike_S","Defend_S","Defend_S","Defend_S","Defend_S"]},{"damage_healed":0,"gold_gain":0,"player_choice":"Stole Relic","damage_taken":0,"relics_obtained":["Mummified Hand"],"max_hp_gain":0,"max_hp_loss":0,"event_name":"Addict","floor":25,"gold_loss":0,"cards_obtained":["Shame"]}],"is_beta":false,"boss_relics":[{"not_picked":["SlaversCollar","Astrolabe"],"picked":"MysterySword"}],"items_purged_floors":[],"is_endless":false,"potions_floor_spawned":[5,7,10,13,21,22,28],"killed_by":"Champ","ascension_level":0}}