{"host":"jyuuog6ydc2s7nd8","time":1608212558,"event":{"mods":["BaseMod","Better Vampires","Minty Spire (QoL Compilation)","Shop Mod","StSLib","The Hierophant","The Servant 0.9.4","TheBandit","[IsaacMod]ÒÔÈö¼âËþ"],"gold_per_floor":[115,130,130,130,143,174,99,99,177,177,205,240,256,8,8,98,98,116,129,145,45,76,110,110,110,158,158,158,201,251,251,251],"floor_reached":31,"playtime":582,"items_purged":["Strike_R","Strike_R","Defend_R","Strike_R"],"score":858,"play_id":"296e0ace-bfb6-42db-b054-5bcde7074aa8","local_time":"20201217214238","is_ascension_mode":true,"campfire_choices":[{"data":"Perfected Strike","floor":8.0,"key":"SMITH"},{"data":"Bash","floor":10.0,"key":"SMITH"},{"data":"Body Slam","floor":15.0,"key":"SMITH"},{"data":"Pommel Strike","floor":28,"key":"SMITH"}],"circlet_count":0,"master_deck":["AscendersBane","Strike_R","Defend_R","Defend_R","Bash+1","Perfected Strike+1","Double Tap","Feel No Pain","Body Slam+1","Offering","Burning Pact","Power Through","Pommel Strike+1","Shrug It Off+1"],"relics":["Burning Blood","HushsDoor","NeowsBlessing","D6","Golden Idol","HowToJump","Mummified Hand","Odd Mushroom","Dream Catcher","BelialBook","Mark of Pain","JudasShadow","Damocles","DeathBook","PokeGo","Prayer Wheel","Centennial Puzzle","Red Mask","Pantograph","SharpPlug","Du-Vu Doll","PunchingBag","Juzu Bracelet","BlankCard"],"acts_visited":["Exordium","TheCity"],"potions_floor_usage":[16,29],"damage_taken":[{"damage":0.0,"enemies":"Small Slimes","floor":1.0,"turns":1.0},{"damage":0.0,"enemies":"Jaw Worm","floor":2.0,"turns":1.0},{"damage":0.0,"enemies":"Cultist","floor":5.0,"turns":2.0},{"damage":0.0,"enemies":"Gremlin Nob","floor":6.0,"turns":2.0},{"damage":6.0,"enemies":"The Mushroom Lair","floor":11.0,"turns":2.0},{"damage":0.0,"enemies":"Lagavulin","floor":12.0,"turns":3.0},{"damage":15.0,"enemies":"3 Louse","floor":13.0,"turns":3.0},{"damage":0,"enemies":"Slime Boss","floor":16,"turns":5},{"damage":1,"enemies":"Spheric Guardian","floor":18,"turns":2},{"damage":0,"enemies":"Shell Parasite","floor":19,"turns":1},{"damage":0,"enemies":"3 Cultists","floor":20,"turns":3},{"damage":0,"enemies":"Masked Bandits","floor":22,"turns":1},{"damage":0,"enemies":"Book of Stabbing","floor":23,"turns":2},{"damage":0,"enemies":"Gremlin Leader","floor":29,"turns":2}],"seed_played":"-5332070288804235478","potions_obtained":[{"floor":5.0,"key":"Weak Potion"},{"floor":6.0,"key":"PowerPotion"},{"floor":11.0,"key":"BloodPotion"},{"floor":18,"key":"LiquidMemories"},{"floor":19,"key":"Energy Potion"}],"is_trial":false,"path_per_floor":["M","M","?","?","M","E","?","R","T","R","?","E","M","$","R","B",null,"M","M","M","$","?","E","?","$","T","T","R","E","?","?"],"character_chosen":"IRONCLAD","items_purchased":["BelialBook","JudasShadow","Damocles","DeathBook","Damocles"],"campfire_rested":0,"item_purchase_floors":[14,17,17,17,17],"current_hp_per_floor":[74,75,75,49,55,61,61,61,61,61,75,75,66,66,66,72,20,1,1,1,1,1,1,6,6,6,6,6,6,6,0,0],"gold":251,"neow_bonus":"THREE_ENEMY_KILL","is_daily":false,"chose_seed":false,"campfire_upgraded":4,"win_rate":0.0,"timestamp":1608212558,"path_taken":["M","M","?","?","?","E","?","R","T","R","?","E","M","$","R","BOSS","M","M","M","$","?","E","?","$","T","?","R","E","?","?"],"items_purchased_type":["Relic","Relic","Relic","Relic","Relic"],"build_version":"2020-12-13","purchased_purges":4,"victory":false,"max_hp_per_floor":[75,75,75,75,75,75,75,75,75,75,75,75,75,75,75,75,20,1,1,1,1,1,1,6,6,6,6,6,6,6,6,6],"card_choices":[{"not_picked":[],"picked":"ChaosCard","floor":0.0},{"not_picked":["Carnage","Warcry"],"picked":"Perfected Strike","floor":1.0},{"not_picked":["Heavy Blade","Twin Strike"],"picked":"Bomb","floor":2.0},{"not_picked":["Cleave","Twin Strike"],"picked":"Double Tap","floor":5.0},{"not_picked":["Shockwave","Dark Embrace"],"picked":"Feel No Pain","floor":6.0},{"not_picked":["Heavy Blade","Combust"],"picked":"Bomb","floor":11.0},{"not_picked":["Perfected Strike","Pummel","Iron Wave"],"picked":"SKIP","floor":12.0},{"not_picked":["Wild Strike","Clash"],"picked":"Body Slam","floor":13.0},{"not_picked":["Demon Form","Exhume"],"picked":"Offering","floor":16},{"not_picked":["Armaments+1","Twin Strike"],"picked":"Burning Pact","floor":18},{"not_picked":["Sword Boomerang","Blood for Blood"],"picked":"Power Through","floor":19},{"not_picked":["Cleave","Anger"],"picked":"Pommel Strike","floor":20},{"not_picked":["Iron Wave","Sever Soul"],"picked":"Shrug It Off+1","floor":20},{"not_picked":["Hemokinesis","Body Slam","Heavy Blade"],"picked":"SKIP","floor":23},{"not_picked":["Flex","Bloodletting","Wild Strike"],"picked":"SKIP","floor":29}],"player_experience":1752115,"relics_obtained":[{"floor":6.0,"key":"HowToJump"},{"floor":9.0,"key":"Mummified Hand"},{"floor":11.0,"key":"Odd Mushroom"},{"floor":12.0,"key":"Dream Catcher"},{"floor":18,"key":"PokeGo"},{"floor":19,"key":"Prayer Wheel"},{"floor":20,"key":"Centennial Puzzle"},{"floor":22,"key":"Red Mask"},{"floor":22,"key":"Pantograph"},{"floor":23,"key":"SharpPlug"},{"floor":23,"key":"Du-Vu Doll"},{"floor":27,"key":"PunchingBag"},{"floor":29,"key":"Juzu Bracelet"},{"floor":29,"key":"BlankCard"}],"event_choices":[{"cards_removed":["Strike_R"],"damage_healed":0.0,"max_hp_gain":0.0,"max_hp_loss":0.0,"gold_gain":0.0,"event_name":"Living Wall","player_choice":"Forget","floor":3.0,"gold_loss":0.0,"damage_taken":0.0},{"damage_healed":0.0,"max_hp_gain":0.0,"max_hp_loss":0.0,"gold_gain":0.0,"event_name":"Golden Idol","player_choice":"Take Damage","floor":4.0,"gold_loss":0.0,"damage_taken":26.0,"relics_obtained":["Golden Idol"]},{"cards_removed":["Defend_R"],"damage_healed":0.0,"max_hp_gain":0.0,"max_hp_loss":0.0,"gold_gain":0.0,"event_name":"The Cleric","player_choice":"Card Removal","floor":7.0,"gold_loss":75.0,"damage_taken":0.0},{"damage_healed":0.0,"max_hp_gain":0.0,"max_hp_loss":0.0,"gold_gain":0.0,"event_name":"Mushrooms","player_choice":"Fought Mushrooms","floor":11.0,"gold_loss":0.0,"damage_taken":0.0},{"damage_healed":0,"gold_gain":0,"player_choice":"Fought Bandits","damage_taken":0,"max_hp_gain":0,"max_hp_loss":0,"event_name":"Masked Bandits","floor":22,"gold_loss":0},{"damage_healed":0,"gold_gain":0,"player_choice":"Shed Blood","damage_taken":0,"max_hp_gain":5,"max_hp_loss":0,"event_name":"Forgotten Altar","floor":24,"gold_loss":0},{"damage_healed":0,"gold_gain":50,"player_choice":"Stole From Cult","damage_taken":0,"max_hp_gain":0,"max_hp_loss":0,"event_name":"Nest","floor":30,"gold_loss":0}],"is_beta":false,"boss_relics":[{"not_picked":["Empty Cage","Runic Pyramid"],"picked":"Mark of Pain"},{"not_picked":[]}],"items_purged_floors":[14,17,17,21],"is_endless":false,"potions_floor_spawned":[5,6,11,18,19,20],"ascension_level":20}}