{"host":"95i1gxnztdrdyvhi","time":1608248597,"event":{"mods":["AchievementEnabler","Act Like it!","BaseMod","Downfall","Minty Spire (QoL Compilation)","Quick Restart","StSLib"],"gold_per_floor":[99,133,133,133,133,167,167,182,210,210,223,323,323,337,348,452,452,377,211,136,165,165,165,192,213,249,174,183,183,198,222,235,345,345,345,364,399,409,409,423,423,473,473,505,534,256,10,34,46,46,46,71,32,32,32],"floor_reached":56,"playtime":5157,"items_purged":["champ:Defend","Writhe","champ:Execute"],"score":1388,"play_id":"f5ae1714-7361-48db-ab6b-7716abec196f","local_time":"20201217234317","is_ascension_mode":false,"campfire_choices":[{"data":"champ:Taunt","floor":1,"key":"SMITH"},{"data":"champ:RapidStrikes","floor":5,"key":"SMITH"},{"data":"champ:RecklessLeap","floor":10,"key":"SMITH"},{"floor":18,"key":"RECALL"},{"data":"champ:Improvising","floor":20,"key":"SMITH"},{"data":"champ:RecklessLeap","floor":22,"key":"SMITH"},{"data":"1","floor":27,"key":"LIFT"},{"data":"2","floor":35,"key":"LIFT"},{"data":"3","floor":39,"key":"LIFT"},{"data":"champ:CheapShot","floor":43,"key":"SMITH"},{"data":"expansioncontent:Chronoboost","floor":54,"key":"SMITH"}],"circlet_count":0,"master_deck":["champ:Defend+1","champ:Defend+1","champ:Defend+1","champ:Taunt+1","champ:RapidStrikes+1","champ:RecklessLeap+1","champ:BerserkersShout+1","champ:Backstep+1","champ:StanceDance+1","champ:Shatter","champ:AdrenalArmor+1","champ:Improvising+1","champ:Backstep+1","champ:BerserkersShout+1","champ:BringItOn+1","champ:RecklessLeap+1","champ:Backstep+1","champ:IgnorePain+1","champ:FocusedBerserking+1","champ:CheapShot+1","champ:FaceSlap","champ:VampiricStrike","champ:DeathBlow","champ:StanceDance+1","champ:EndlessRage","expansioncontent:Chronoboost+1","champ:AdrenalArmor+1","Finesse+1"],"relics":["champ:ChampionCrown","downfall:HeartsMalice","Bag of Preparation","champ:LiftRelic","StrikeDummy","Toxic Egg 2","Unceasing Top","champ:ChampionCrownUpgraded","downfall:HeartBlessingBlue","downfall:HeartBlessingRed","Mummified Hand","CeramicFish","Girya","downfall:HeartBlessingGreen","Meat on the Bone","Empty Cage","Boot","Question Card","Pocketwatch","Lantern","War Paint","Sundial","Membership Card","Oddly Smooth Stone"],"acts_visited":["Exordium","TheCity","TheBeyond","TheEnding"],"potions_floor_usage":[],"damage_taken":[{"damage":0,"enemies":"Lagavulin","floor":2,"turns":1},{"damage":0,"enemies":"2 Louse","floor":3,"turns":1},{"damage":0,"enemies":"3 Sentries","floor":6,"turns":1},{"damage":15,"enemies":"Small Slimes","floor":8,"turns":2},{"damage":38,"enemies":"Lagavulin","floor":9,"turns":3},{"damage":32,"enemies":"Jaw Worm","floor":11,"turns":2},{"damage":25,"enemies":"downfall:Heads","floor":12,"turns":4},{"damage":37,"enemies":"Exordium Thugs","floor":14,"turns":3},{"damage":12,"enemies":"Large Slime","floor":15,"turns":2},{"damage":78,"enemies":"downfall:Silent","floor":16,"turns":6},{"damage":64,"enemies":"downfall:FleeingMerchant","floor":19,"turns":4},{"damage":66,"enemies":"Gremlin Leader","floor":21,"turns":4},{"damage":51,"enemies":"Chosen","floor":25,"turns":2},{"damage":71,"enemies":"Book of Stabbing","floor":26,"turns":3},{"damage":45,"enemies":"3 Byrds","floor":30,"turns":3},{"damage":43,"enemies":"Centurion and Healer","floor":31,"turns":3},{"damage":49,"enemies":"Shelled Parasite and Fungi","floor":32,"turns":3},{"damage":137,"enemies":"downfall:Watcher","floor":33,"turns":10},{"damage":57,"enemies":"Orb Walker","floor":36,"turns":3},{"damage":117,"enemies":"Nemesis","floor":37,"turns":7},{"damage":61,"enemies":"3 Shapes","floor":38,"turns":3},{"damage":57,"enemies":"3 Darklings","floor":40,"turns":5},{"damage":51,"enemies":"Mind Bloom Boss Battle","floor":42,"turns":5},{"damage":128,"enemies":"Giant Head","floor":44,"turns":6},{"damage":45,"enemies":"Sphere and 2 Shapes","floor":45,"turns":3},{"damage":57,"enemies":"downfall:FleeingMerchant","floor":46,"turns":3},{"damage":61,"enemies":"Maw","floor":48,"turns":3},{"damage":42,"enemies":"4 Shapes","floor":49,"turns":2},{"damage":87,"enemies":"downfall:Defect","floor":50,"turns":4},{"damage":65,"enemies":"downfall:CharBossMerchant","floor":52,"turns":4},{"damage":320,"enemies":"downfall:NeowBoss","floor":55,"turns":22}],"seed_played":"-7595612412925577134","potions_obtained":[{"floor":2,"key":"Strength Potion"},{"floor":6,"key":"ColorlessPotion"},{"floor":11,"key":"PowerPotion"}],"is_trial":false,"path_per_floor":["R","E","M","?","R","E","T","M","E","R","M","?","T","M","M","B",null,"R","$","R","E","R","?","T","M","E","R","?","?","M","M","M","B",null,"R","M","E","M","R","M","T","?","R","E","M","?","$","M","M","B",null,"E","$","R","B",null],"character_chosen":"THE_CHAMP","items_purchased":["champ:BerserkersShout+1","champ:BringItOn+1","champ:StanceDance+1","War Paint","Sundial","champ:EndlessRage","Membership Card","expansioncontent:Chronoboost","Finesse+1"],"campfire_rested":0,"item_purchase_floors":[19,19,46,46,46,46,47,47,53],"current_hp_per_floor":[90,90,90,90,90,90,90,90,77,77,74,72,72,72,72,50,90,100,90,90,90,90,90,90,80,80,80,80,80,92,92,89,99,100,100,97,70,84,84,86,86,100,100,100,100,100,100,100,100,100,100,100,100,100,100],"gold":32,"neow_bonus":"THREE_ENEMY_KILL","is_daily":false,"chose_seed":false,"campfire_upgraded":7,"win_rate":0.0,"timestamp":1608248597,"path_taken":["R","E","M","?","R","E","T","M","E","R","M","?","?","M","M","BOSS","R","$","R","E","R","?","T","M","E","R","?","?","M","?","M","BOSS","R","M","E","M","R","M","T","?","R","E","M","?","$","M","M","BOSS","E","$","R","BOSS"],"items_purchased_type":["Card","Card","Card","Relic","Relic","Card","Relic","Card","Card"],"build_version":"2020-12-13","purchased_purges":3,"victory":true,"max_hp_per_floor":[90,90,90,90,90,90,90,90,90,90,90,90,90,90,90,90,90,100,100,100,100,100,100,100,100,100,100,100,100,100,100,100,100,100,100,100,100,100,100,100,100,100,100,100,100,100,100,100,100,100,100,100,100,100,100],"card_choices":[{"not_picked":["champ:Encircle","champ:IronFortress"],"picked":"champ:RapidStrikes","floor":2},{"not_picked":["champ:Haymaker","champ:HeartStrike","champ:BladeFlurry"],"picked":"SKIP","floor":3},{"not_picked":["champ:Encircle","champ:Control"],"picked":"champ:RecklessLeap","floor":6},{"not_picked":["champ:FlashCut","champ:TornadoPunch","champ:CrookedStrike"],"picked":"SKIP","floor":8},{"not_picked":["champ:Backstep+1","champ:SkillfulDodge+1"],"picked":"champ:BerserkersShout+1","floor":9},{"not_picked":["champ:CrookedStrike","champ:ShieldWall"],"picked":"champ:Backstep+1","floor":11},{"not_picked":["champ:CrookedStrike","champ:HeartStrike"],"picked":"champ:StanceDance+1","floor":12},{"not_picked":["champ:Lariat+1","champ:CrookedStrike","champ:DefensiveStyle"],"picked":"SKIP","floor":14},{"not_picked":["champ:BerserkersShout+1","champ:FocusedBerserking+1"],"picked":"champ:AdrenalArmor+1","floor":15},{"not_picked":["champ:ShieldSlam","champ:SteelEdge"],"picked":"champ:Improvising","floor":16},{"not_picked":["champ:FocusedDefense+1","champ:PerfectedStrike+1"],"picked":"champ:Backstep+1","floor":19},{"not_picked":["champ:PerfectedStrike","champ:FaceSlap"],"picked":"champ:RecklessLeap","floor":21},{"not_picked":["champ:TornadoPunch","champ:Balance+1"],"picked":"champ:Backstep+1","floor":25},{"not_picked":["champ:CrownThrow","champ:Backstep+1"],"picked":"champ:IgnorePain+1","floor":26},{"not_picked":["champ:FalseCounter+1","champ:DefensiveStyle","champ:BladeFlurry"],"picked":"SKIP","floor":30},{"not_picked":["champ:EnGarde+1","champ:StanceDance+1"],"picked":"champ:FocusedBerserking+1","floor":31},{"not_picked":["champ:BerserkersShout+1","champ:EnragedBash","champ:Backstep+1"],"picked":"SKIP","floor":32},{"not_picked":["champ:DancingMaster","champ:HeavySlash"],"picked":"champ:CheapShot","floor":33},{"not_picked":["champ:Control+1","champ:DefensiveStyle+1","champ:FocusedGladiator+1"],"picked":"SKIP","floor":36},{"not_picked":["champ:Riposte+1","champ:FaceSlap","champ:RapidStrikes+1"],"picked":"SKIP","floor":37},{"not_picked":["champ:Riposte+1","champ:RapidStrikes+1"],"picked":"champ:FaceSlap","floor":37},{"not_picked":["champ:BringItOn+1","champ:FocusedDefense+1","champ:Haymaker+1"],"picked":"SKIP","floor":38},{"not_picked":["champ:Encircle","champ:BringItOn+1","champ:FlashCut"],"picked":"SKIP","floor":40},{"not_picked":["champ:FalseCounter+1","champ:Circumvent+1","champ:SkillfulDodge+1","champ:FanOfKnives+1"],"picked":"SKIP","floor":44},{"not_picked":["champ:BerserkersShout+1","champ:StanceDance+1","champ:BringItOn+1"],"picked":"champ:VampiricStrike","floor":45},{"not_picked":["champ:CheapShot","champ:PerfectedStrike+1","champ:HoldFirm+1"],"picked":"champ:DeathBlow","floor":46},{"not_picked":["champ:BladeFlurry","champ:Control+1","champ:Lariat+1"],"picked":"champ:AdrenalArmor+1","floor":48},{"not_picked":["champ:FanOfKnives+1","champ:Haymaker+1","champ:Backstep+1","champ:Encircle+1"],"picked":"SKIP","floor":49},{"not_picked":["champ:DefensiveStyle+1","champ:Circumvent+1","champ:RapidStrikes+1","champ:GutPunch+1"],"picked":"SKIP","floor":52}],"player_experience":757315,"relics_obtained":[{"floor":2,"key":"Bag of Preparation"},{"floor":6,"key":"StrikeDummy"},{"floor":7,"key":"Toxic Egg 2"},{"floor":9,"key":"Unceasing Top"},{"floor":21,"key":"Mummified Hand"},{"floor":24,"key":"CeramicFish"},{"floor":26,"key":"Girya"},{"floor":37,"key":"Boot"},{"floor":41,"key":"Question Card"},{"floor":42,"key":"Pocketwatch"},{"floor":44,"key":"Lantern"},{"floor":52,"key":"Oddly Smooth Stone"}],"event_choices":[{"damage_healed":0,"gold_gain":0,"player_choice":"Ignored","damage_taken":0,"max_hp_gain":0,"max_hp_loss":0,"event_name":"Ghosts","floor":23,"gold_loss":0},{"damage_healed":0,"gold_gain":0,"player_choice":"Got Potions","damage_taken":0,"max_hp_gain":0,"max_hp_loss":0,"event_name":"Lab","floor":29,"gold_loss":0}],"is_beta":false,"boss_relics":[{"not_picked":["Velvet Choker","expansioncontent:StudyCardRelic"],"picked":"champ:ChampionCrownUpgraded"},{"not_picked":["Tiny House","Calling Bell"],"picked":"Empty Cage"}],"items_purged_floors":[19,46,47],"is_endless":false,"potions_floor_spawned":[2,6,11,14,16,21,26,30,31,42,44,45,48],"ascension_level":0}}