{"host":"b94931fzay7ri6da","time":1608194973,"event":{"mods":["AchievementEnabler","BaseMod","Colored Map","Colored Powertips","Downfall","Minty Spire (QoL Compilation)","Quick Restart","StSLib","SuperFastMode"],"gold_per_floor":[119,119,394,408,63,86,11,11,57,57,70,70,83,97,97,220,220,238,198,221,234,115,115,156,203,230,243,261,274,274,274],"floor_reached":30,"playtime":855,"items_purged":["Regret"],"score":256,"play_id":"712dab43-366f-4bee-8f94-5983e887c509","local_time":"20201217084933","is_ascension_mode":true,"campfire_choices":[{"data":"Apotheosis","floor":8,"key":"SMITH"},{"floor":15,"key":"REST"},{"data":"Worship","floor":23,"key":"SMITH"}],"circlet_count":0,"master_deck":["Strike_P","Strike_P","Strike_P","Strike_P","Defend_P","Defend_P","Defend_P","Defend_P","Eruption","Vigilance","Meditate","WindmillStrike","Apotheosis+1","JustLucky","ReachHeaven","FlurryOfBlows","DeusExMachina","TalkToTheHand","SandsOfTime","Omniscience+1","WheelKick","CutThroughFate+1","Evaluate","Worship+1","FlurryOfBlows","Vengeance","FlyingSleeves","Protect"],"relics":["PureWater","Golden Idol","Lantern","Regal Pillow","Busted Crown","Peace Pipe","Orichalcum","Happy Flower"],"acts_visited":["Exordium","TheCity"],"potions_floor_usage":[16,27,27,30],"damage_taken":[{"damage":0,"enemies":"Jaw Worm","floor":1,"turns":2},{"damage":3,"enemies":"Small Slimes","floor":4,"turns":3},{"damage":0,"enemies":"Cultist","floor":6,"turns":2},{"damage":6,"enemies":"2 Fungi Beasts","floor":11,"turns":4},{"damage":9,"enemies":"3 Louse","floor":13,"turns":3},{"damage":12,"enemies":"Lots of Slimes","floor":14,"turns":4},{"damage":13,"enemies":"Hexaghost","floor":16,"turns":4},{"damage":2,"enemies":"Chosen","floor":18,"turns":3},{"damage":9,"enemies":"Shell Parasite","floor":20,"turns":2},{"damage":21,"enemies":"Shelled Parasite and Fungi","floor":21,"turns":4},{"damage":19,"enemies":"Book of Stabbing","floor":24,"turns":3},{"damage":0,"enemies":"Snake Plant","floor":27,"turns":2},{"damage":2,"enemies":"Cultist and Chosen","floor":28,"turns":4},{"damage":12,"enemies":"Chosen and Byrds","floor":29,"turns":4},{"damage":29,"enemies":"Shelled Parasite and Fungi","floor":30,"turns":2}],"seed_played":"-1012342475060756952","potions_obtained":[{"floor":1,"key":"DistilledChaos"},{"floor":4,"key":"champ:CounterPotion"},{"floor":6,"key":"PowerPotion"},{"floor":20,"key":"SteroidPotion"},{"floor":27,"key":"SpeedPotion"},{"floor":28,"key":"FearPotion"}],"is_trial":false,"path_per_floor":["M","?","?","M","$","M","$","R","T","?","M","?","M","M","R","B",null,"M","?","M","M","$","R","E","T","T","M","M","M","M"],"character_chosen":"WATCHER","items_purchased":["Lantern","Apotheosis","Worship","FlurryOfBlows"],"campfire_rested":1,"item_purchase_floors":[5,5,22,22],"current_hp_per_floor":[79,60,60,57,57,57,57,57,57,57,51,51,42,30,68,55,79,77,77,68,47,47,47,28,28,28,28,26,14,0,0],"gold":274,"neow_bonus":"TEN_PERCENT_HP_BONUS","is_daily":false,"chose_seed":false,"campfire_upgraded":2,"win_rate":0.0,"timestamp":1608194973,"path_taken":["M","?","?","?","$","M","$","R","T","?","M","?","?","M","R","BOSS","M","?","M","?","$","R","E","?","T","M","M","M","M"],"items_purchased_type":["Relic","Card","Card","Card"],"build_version":"2020-12-13","purchased_purges":1,"victory":false,"max_hp_per_floor":[79,79,79,79,79,79,79,79,79,79,79,79,79,79,79,79,79,79,79,79,79,79,79,79,79,79,79,79,79,79,79],"card_choices":[{"not_picked":["SandsOfTime","FollowUp"],"picked":"Meditate","floor":1},{"not_picked":["BowlingBash","ThirdEye"],"picked":"WindmillStrike","floor":4},{"not_picked":["Evaluate","ThirdEye"],"picked":"JustLucky","floor":6},{"not_picked":["EmptyBody","SashWhip"],"picked":"ReachHeaven","floor":11},{"not_picked":["ThirdEye","Wallop"],"picked":"TalkToTheHand","floor":13},{"not_picked":["Wallop","CrushJoints"],"picked":"SandsOfTime","floor":14},{"not_picked":["DeusExMachina","Brilliance"],"picked":"Omniscience","floor":16},{"not_picked":[],"picked":"WheelKick","floor":18},{"not_picked":[],"picked":"CutThroughFate+1","floor":20},{"not_picked":[],"picked":"Evaluate","floor":21},{"not_picked":[],"picked":"Vengeance","floor":24},{"not_picked":["Meditate"],"picked":"SKIP","floor":27},{"not_picked":[],"picked":"FlyingSleeves","floor":28},{"not_picked":[],"picked":"Protect","floor":29}],"player_experience":311859,"relics_obtained":[{"floor":9,"key":"Regal Pillow"},{"floor":24,"key":"Peace Pipe"},{"floor":25,"key":"Orichalcum"},{"floor":26,"key":"Happy Flower"}],"event_choices":[{"damage_healed":0,"gold_gain":0,"player_choice":"Take Damage","damage_taken":19,"relics_obtained":["Golden Idol"],"max_hp_gain":0,"max_hp_loss":0,"event_name":"Golden Idol","floor":2,"gold_loss":0},{"damage_healed":0,"gold_gain":275,"player_choice":"Desecrate","damage_taken":0,"max_hp_gain":0,"max_hp_loss":0,"event_name":"Golden Shrine","floor":3,"gold_loss":0,"cards_obtained":["Regret"]},{"damage_healed":0,"gold_gain":0,"player_choice":"Ignored","damage_taken":0,"max_hp_gain":0,"max_hp_loss":0,"event_name":"Golden Wing","floor":10,"gold_loss":0},{"damage_healed":0,"gold_gain":0,"player_choice":"2 cards matched","damage_taken":0,"max_hp_gain":0,"max_hp_loss":0,"event_name":"Match and Keep!","floor":12,"gold_loss":0,"cards_obtained":["FlurryOfBlows","DeusExMachina"]},{"damage_healed":0,"gold_gain":0,"player_choice":"Upgrade","damage_taken":0,"max_hp_gain":0,"max_hp_loss":0,"event_name":"Designer","floor":19,"gold_loss":40,"cards_upgraded":["Omniscience"]}],"is_beta":false,"boss_relics":[{"not_picked":["VioletLotus","SlaversCollar"],"picked":"Busted Crown"}],"items_purged_floors":[7],"is_endless":false,"potions_floor_spawned":[1,4,6,20,27,28,29],"killed_by":"Shelled Parasite and Fungi","ascension_level":1}}