{"host":"5qewjvycy34u7aeo","time":1608227413,"event":{"mods":["Act Like it!","Aspiration","BaseMod","Conspire","Downfall","GifTheSpireLib","Hubris","Infinite Spire","Minty Spire (QoL Compilation)","Permanent Neow","Replay The Spire","Shop Mod","StSLib","Stuff the Spire"],"gold_per_floor":[99,115,132,132,132,148,171,200,125,159,177,240,150,150,165,260,260,185,202,236,248,258,258,337,348,348,378,395,26,37,51,64,160,160,160,190,203,217,232,267,267,267,292,292,309,345,345,345,445,50,68,68],"floor_reached":53,"playtime":4015,"items_purged":["Regret","Slimebound:Defend_Slimebound"],"score":876,"play_id":"245ce57a-e0fa-4984-b68c-b992f7f7a869","local_time":"20201217095013","is_ascension_mode":false,"campfire_choices":[{"data":"Slimebound:Split","floor":1,"key":"SMITH"},{"data":"Slimebound:SamplingLick","floor":4,"key":"SMITH"},{"floor":9,"key":"RECALL"},{"data":"Slimebound:SamplingLick","floor":18,"key":"SMITH"},{"data":"Slimebound:OneTwoCombo","floor":35,"key":"SMITH"},{"data":"Slimebound:OneTwoCombo","floor":44,"key":"SMITH"}],"circlet_count":0,"master_deck":["Slimebound:Strike_Slimebound","Slimebound:Strike_Slimebound","Slimebound:Defend_Slimebound","Slimebound:Defend_Slimebound","Slimebound:Defend_Slimebound","Slimebound:Split+1","Slimebound:CorrosiveSpit","Replay:BasicMightCard","Slimebound:SamplingLick+1","Slimebound:SamplingLick+1","Slimebound:FinishingTackle","Slimebound:MassFeed","Slimebound:HungryTackle","Slimebound:ItLooksTasty","Slimebound:SelfFormingGoo","Slimebound:SplitLeeching","Slimebound:OneTwoCombo+1","Slimebound:MegaLick","Slimebound:Gluttony+1","Slimebound:AcidTongue","Slimebound:DisruptingSlam","Slimebound:Recycling","Slimebound:FinishingTackle+1","Slimebound:MinionMaster","Slimebound:RejuvenatingLick","Slimebound:Replication+1","Slimebound:SlimeTap+1","Slimebound:OneTwoCombo","Slimebound:OneTwoCombo+1","Slimebound:LeechEnergy+1","Slimebound:ComboTackle","Slimebound:RejuvenatingLick+1","Slimebound:SplitMire+1","Slimebound:MegaLick","Slimebound:MassRepurpose","Slimebound:RejuvenatingLick","Slimebound:LeechEnergy","Slimebound:Replication+1","Slimebound:SplitBruiser+1","Slimebound:Nibble","Slimebound:ComboTackle","Thinking Ahead","Slimebound:MegaLick+1"],"relics":["Slimebound:AbsorbEndCombat","StuffTheSpire:RedRose","Juzu Bracelet","StuffTheSpire:HeavyRock","downfall:HeartBlessingGreen","Ice Cream","infinitespire:Lucky Rock","Coffee Dripper","downfall:HeartBlessingRed","Bottled Lightning","Replay:Bottled Snecko","hubris:BundleOfHerbs","ReplayTheSpireMod:Shallot","Sozu","Sundial","Happy Flower","Dead Branch","Garlic","StuffTheSpire:Expresso","Slimebound:PotencyRelic","MerchantsRug","Chemical X"],"acts_visited":["Exordium","TheCity","TheBeyond"],"potions_floor_usage":[27],"damage_taken":[{"damage":5,"enemies":"2 Louse","floor":2,"turns":3},{"damage":11,"enemies":"Small Slimes","floor":3,"turns":3},{"damage":13,"enemies":"Cultist","floor":6,"turns":3},{"damage":59,"enemies":"Lagavulin","floor":8,"turns":8},{"damage":27,"enemies":"3 Sentries","floor":10,"turns":7},{"damage":22,"enemies":"3 Louse","floor":11,"turns":2},{"damage":13,"enemies":"3 Sentries","floor":12,"turns":5},{"damage":17,"enemies":"downfall:FleeingMerchant","floor":13,"turns":4},{"damage":9,"enemies":"Red Slaver","floor":15,"turns":3},{"damage":45,"enemies":"downfall:Silent","floor":16,"turns":7},{"damage":24,"enemies":"Shell Parasite","floor":19,"turns":4},{"damage":36,"enemies":"conspire:Head Lice","floor":20,"turns":7},{"damage":12,"enemies":"Snecko","floor":21,"turns":4},{"damage":20,"enemies":"Chosen and Byrds","floor":22,"turns":3},{"damage":14,"enemies":"Cultist and Chosen","floor":25,"turns":4},{"damage":23,"enemies":"Gremlin Leader","floor":27,"turns":7},{"damage":15,"enemies":"Centurion and Healer","floor":28,"turns":5},{"damage":26,"enemies":"downfall:FleeingMerchant","floor":29,"turns":4},{"damage":15,"enemies":"Shelled Parasite and Fungi","floor":30,"turns":3},{"damage":25,"enemies":"conspire:HollyBat","floor":31,"turns":6},{"damage":23,"enemies":"Cultist and Chosen","floor":32,"turns":4},{"damage":26,"enemies":"downfall:Defect","floor":33,"turns":6},{"damage":46,"enemies":"Giant Head","floor":36,"turns":6},{"damage":12,"enemies":"3 Shapes","floor":37,"turns":3},{"damage":20,"enemies":"Orb Walker","floor":38,"turns":2},{"damage":27,"enemies":"4 Shapes","floor":39,"turns":3},{"damage":22,"enemies":"R_Hoarder","floor":40,"turns":6},{"damage":78,"enemies":"Nightmare","floor":43,"turns":5},{"damage":11,"enemies":"Jaw Worm Horde","floor":45,"turns":2},{"damage":20,"enemies":"downfall:LadyInBlue","floor":49,"turns":2},{"damage":30,"enemies":"downfall:FleeingMerchant","floor":50,"turns":2},{"damage":12,"enemies":"3 Darklings","floor":51,"turns":1},{"damage":36,"enemies":"downfall:Watcher","floor":52,"turns":3}],"seed_played":"-5502858922038315608","potions_obtained":[{"floor":3,"key":"Ancient Potion"},{"floor":8,"key":"Fire Potion"},{"floor":11,"key":"Block Potion"},{"floor":30,"key":"Ancient Potion"},{"floor":31,"key":"Energy Potion"}],"is_trial":false,"path_per_floor":["R","M","M","R","?","M","T","E","R","E","M","?","$","?","M","B",null,"R","M","E","M","M","?","T","M","?","E","M","$","M","M","M","B",null,"R","E","M","M","M","E","T","?","NM","R","M","?","PTL","PTL","?","$","M","B",null],"character_chosen":"SLIMEBOUND","items_purchased":["ReplayTheSpireMod:Shallot","Slimebound:ComboTackle","Thinking Ahead","Slimebound:PotencyRelic","MerchantsRug","Chemical X"],"campfire_rested":0,"item_purchase_floors":[29,50,50,50,50,50],"current_hp_per_floor":[60,60,60,60,60,60,60,29,29,25,26,44,51,51,62,63,72,72,68,72,72,75,61,61,82,82,86,86,86,92,92,95,95,95,95,86,94,98,98,98,98,98,63,63,82,82,82,82,104,107,110,113],"gold":68,"neow_bonus":"RANDOM_COLORLESS","is_daily":false,"chose_seed":false,"campfire_upgraded":5,"win_rate":0.0,"timestamp":1608227413,"path_taken":["R","M","M","R","?","M","T","E","R","E","M","?","$","?","M","BOSS","R","M","E","M","M","?","T","M","?","E","M","$","M","M","M","BOSS","R","E","M","M","M","E","T","?","NM","R","M","?","PTL","PTL","?","$","M","BOSS"],"items_purchased_type":["Relic","Card","Card","Relic","Relic","Relic"],"build_version":"2020-12-13","purchased_purges":2,"victory":true,"max_hp_per_floor":[60,60,60,60,60,60,60,60,60,63,66,69,69,69,69,72,72,72,72,72,72,75,80,80,83,83,86,86,86,92,92,95,95,95,95,98,98,98,98,98,98,98,98,98,104,104,104,104,104,107,110,113],"card_choices":[{"not_picked":["Replay:SS_fish_1","Replay:SS_forest_2"],"picked":"Replay:BasicMightCard","floor":0},{"not_picked":["Slimebound:SpikyOuterGoop","Slimebound:Schlurp"],"picked":"Slimebound:SamplingLick","floor":2},{"not_picked":["Slimebound:SlimeBarrage","Slimebound:AcidTongue"],"picked":"Slimebound:SamplingLick","floor":3},{"not_picked":["Slimebound:SplitBruiser","Slimebound:Replication"],"picked":"Slimebound:FinishingTackle","floor":6},{"not_picked":["Slimebound:Repurpose","Slimebound:FirmFortitude"],"picked":"Slimebound:MassFeed","floor":8},{"not_picked":["Slimebound:SlimeBarrage","Slimebound:RollThrough"],"picked":"Slimebound:HungryTackle","floor":10},{"not_picked":["Slimebound:SplitAcid","Slimebound:Equalize","Slimebound:FinishingTackle"],"picked":"SKIP","floor":11},{"not_picked":["Slimebound:ComboTackle","Slimebound:Gluttony"],"picked":"Slimebound:ItLooksTasty","floor":12},{"not_picked":["Slimebound:LevelUp","Slimebound:PressTheAttack"],"picked":"Slimebound:SelfFormingGoo","floor":13},{"not_picked":["Slimebound:ProtectTheBoss","Slimebound:LevelUp"],"picked":"Slimebound:SplitLeeching","floor":15},{"not_picked":["Slimebound:OozeBath","Slimebound:SelfFormingGoo"],"picked":"Slimebound:OneTwoCombo","floor":16},{"not_picked":["Slimebound:PressTheAttack","Slimebound:GoopTackle","Slimebound:GoopSpray"],"picked":"SKIP","floor":19},{"not_picked":["Slimebound:PressTheAttack","Slimebound:BestDefense"],"picked":"Slimebound:MegaLick","floor":20},{"not_picked":["Slimebound:ComboTackle","Slimebound:ViciousTackle+1","Slimebound:PressTheAttack"],"picked":"SKIP","floor":21},{"not_picked":["Slimebound:GrowthPunch","Slimebound:Grow+1"],"picked":"Slimebound:Gluttony+1","floor":22},{"not_picked":["Slimebound:LeechEnergy","Slimebound:SplitLeeching+1"],"picked":"Slimebound:AcidTongue","floor":25},{"not_picked":["Slimebound:GoopTackle","Slimebound:LeechingTouch"],"picked":"Slimebound:Recycling","floor":27},{"not_picked":["Slimebound:SplitAcid","Slimebound:DivideAndConquer"],"picked":"Slimebound:FinishingTackle+1","floor":28},{"not_picked":["Slimebound:SplitMire","Slimebound:ForwardTackle+1"],"picked":"Slimebound:MinionMaster","floor":29},{"not_picked":["Slimebound:FinishingTackle","Slimebound:FlameTackle"],"picked":"Slimebound:RejuvenatingLick","floor":30},{"not_picked":["Slimebound:Gluttony+1","Slimebound:TongueLash"],"picked":"Slimebound:Replication+1","floor":31},{"not_picked":["Slimebound:Replication","Slimebound:PressTheAttack"],"picked":"Slimebound:SlimeTap+1","floor":32},{"not_picked":["Slimebound:MassFeed","Slimebound:Overexert"],"picked":"Slimebound:OneTwoCombo","floor":33},{"not_picked":["Slimebound:HauntingLick+1","Slimebound:SlimeBrawl+1"],"picked":"Slimebound:OneTwoCombo","floor":36},{"not_picked":["Slimebound:DivideAndConquer+1","Slimebound:Dissolve+1"],"picked":"Slimebound:LeechEnergy+1","floor":37},{"not_picked":["Slimebound:Equalize+1","Slimebound:FirmFortitude"],"picked":"Slimebound:ComboTackle","floor":38},{"not_picked":["Slimebound:ViciousTackle+1","Slimebound:FinishingTackle+1"],"picked":"Slimebound:RejuvenatingLick+1","floor":39},{"not_picked":["Slimebound:SplitAcid","Slimebound:SlimeBarrage+1"],"picked":"Slimebound:SplitMire+1","floor":40},{"not_picked":["Slimebound:SlimeBarrage+1","Slimebound:LeechEnergy"],"picked":"Slimebound:RejuvenatingLick","floor":43},{"not_picked":["Slimebound:Chomp+1","Slimebound:ProtectTheBoss+1"],"picked":"Slimebound:LeechEnergy","floor":45},{"not_picked":["Slimebound:RejuvenatingLick","Slimebound:PressTheAttack+1"],"picked":"Slimebound:Replication+1","floor":46},{"not_picked":["Slimebound:BestDefense+1","Slimebound:Dissolve"],"picked":"Slimebound:SplitBruiser+1","floor":49},{"not_picked":["Slimebound:ComboTackle","Slimebound:SlimeBarrage"],"picked":"Slimebound:Nibble","floor":50},{"not_picked":["Slimebound:PressTheAttack+1","Slimebound:DivideAndConquer+1"],"picked":"Slimebound:MegaLick+1","floor":51}],"player_experience":349942,"relics_obtained":[{"floor":7,"key":"Juzu Bracelet"},{"floor":8,"key":"StuffTheSpire:HeavyRock"},{"floor":10,"key":"Ice Cream"},{"floor":12,"key":"infinitespire:Lucky Rock"},{"floor":20,"key":"Bottled Lightning"},{"floor":24,"key":"Replay:Bottled Snecko"},{"floor":27,"key":"hubris:BundleOfHerbs"},{"floor":36,"key":"Sundial"},{"floor":40,"key":"Happy Flower"},{"floor":41,"key":"Dead Branch"},{"floor":43,"key":"Garlic"},{"floor":46,"key":"StuffTheSpire:Expresso"},{"floor":49,"key":"White Beast Statue"}],"event_choices":[{"cards_removed":["Slimebound:Strike_Slimebound"],"damage_healed":0,"gold_gain":0,"player_choice":"Purged","damage_taken":0,"max_hp_gain":0,"max_hp_loss":0,"event_name":"Purifier","floor":14,"gold_loss":0},{"damage_healed":0,"gold_gain":0,"cards_transformed":["Slimebound:Tackle"],"player_choice":"Transformed","damage_taken":0,"max_hp_gain":0,"max_hp_loss":0,"event_name":"Transmorgrifier","floor":26,"gold_loss":0,"cards_obtained":["Slimebound:DisruptingSlam"]}],"is_beta":false,"boss_relics":[{"not_picked":["hubris:ScarierMask","Astrolabe"],"picked":"Coffee Dripper"},{"not_picked":["aspiration:PoetsPen_weak","StuffTheSpire:ModemDavis"],"picked":"Sozu"}],"items_purged_floors":[13,29],"is_endless":false,"potions_floor_spawned":[3,8,11,12,19,20,30,31,32,33,36,40,45,50,51],"ascension_level":0}}