{"host":"auv68s8i97pkmhwr","time":1608194039,"event":{"mods":["AchievementEnabler","BaseMod","Best Route Mod","Bestiary","Better Altar","Better Match","Better Note","Better Sensory Stone","Better Skull","Better Third Choice","Better Vampires","BetterRewards","Block Reminder","Colored Map","Colored Powertips","Displayed Cursed Tome","Minty Spire (QoL Compilation)","StSLib","SuperFastMode","Uncapped","Unceasing Turn Reminder"],"gold_per_floor":[117,117,117,129,129,164,189,219,219,247,247,273,273,304,304,407,407,421,421,103,133,133,158,183,218,244,244,271,299,329,363,363,462,462,473,174,174,224,236,271,297,331,357,388,417,444,291,320,320,320,320,320,162,192,192],"floor_reached":56,"playtime":2035,"items_purged":["Rampage","Pommel Strike"],"score":2593,"play_id":"8ad237a1-79a1-4763-ba1c-ce6774e0ad77","local_time":"20201217163359","daily_mods":["Draft","Heirloom","Time Dilation","Flight","DeadlyEvents","Elite Swarm"],"is_ascension_mode":true,"campfire_choices":[{"data":"Limit Break","floor":11,"key":"SMITH"},{"data":"Shockwave","floor":13,"key":"SMITH"},{"data":"Disarm","floor":15,"key":"SMITH"},{"data":"Barricade","floor":27,"key":"SMITH"},{"data":"Juggernaut","floor":32,"key":"SMITH"},{"floor":49,"key":"RECALL"},{"data":"Iron Wave","floor":52,"key":"PURGE"}],"circlet_count":0,"master_deck":["AscendersBane","Thunderclap","Cleave","Heavy Blade","Armaments+1","Disarm+1","Headbutt","Battle Trance+1","Shockwave+1","Whirlwind","Shrug It Off","Ghostly Armor+1","Limit Break+1","Limit Break","Reaper","Barricade+1","Impervious+1","Juggernaut+1","Entrench+1","True Grit+1","Seeing Red+1"],"relics":["Burning Blood","Pocketwatch","Mummified Hand","Ginger","Incense Burner","Vajra","Thread and Needle","Du-Vu Doll","Meat on the Bone","Empty Cage","Paper Frog","Omamori","Akabeko","Singing Bowl","Peace Pipe","White Beast Statue","War Paint","Toxic Egg 2","Centennial Puzzle","StoneCalendar","Blood Vial","Philosopher\u0027s Stone","PreservedInsect","Bird Faced Urn","Matryoshka","CeramicFish","Ice Cream","Pen Nib","Happy Flower","Prayer Wheel","Ancient Tea Set","Unceasing Top","Membership Card","Shuriken","Ornamental Fan","HornCleat"],"acts_visited":["Exordium","TheCity","TheBeyond","TheEnding"],"potions_floor_usage":[16,21,29,31,40,48,50,55,55],"damage_taken":[{"damage":2,"enemies":"Small Slimes","floor":1,"turns":2},{"damage":4,"enemies":"Jaw Worm","floor":4,"turns":3},{"damage":1,"enemies":"Lagavulin","floor":6,"turns":6},{"damage":19,"enemies":"3 Sentries","floor":7,"turns":4},{"damage":7,"enemies":"Lagavulin","floor":8,"turns":6},{"damage":9,"enemies":"3 Sentries","floor":10,"turns":4},{"damage":0,"enemies":"Gremlin Nob","floor":12,"turns":3},{"damage":0,"enemies":"Lagavulin","floor":14,"turns":5},{"damage":6,"enemies":"The Guardian","floor":16,"turns":7},{"damage":18,"enemies":"2 Thieves","floor":18,"turns":3},{"damage":5,"enemies":"Slavers","floor":21,"turns":5},{"damage":0,"enemies":"Book of Stabbing","floor":23,"turns":6},{"damage":35,"enemies":"Slavers","floor":24,"turns":4},{"damage":43,"enemies":"Book of Stabbing","floor":25,"turns":5},{"damage":22,"enemies":"Slavers","floor":28,"turns":2},{"damage":3,"enemies":"Book of Stabbing","floor":29,"turns":5},{"damage":2,"enemies":"Gremlin Leader","floor":30,"turns":6},{"damage":15,"enemies":"Slavers","floor":31,"turns":6},{"damage":25,"enemies":"Automaton","floor":33,"turns":7},{"damage":0,"enemies":"Orb Walker","floor":35,"turns":2},{"damage":0,"enemies":"Mind Bloom Boss Battle","floor":38,"turns":6},{"damage":0,"enemies":"3 Darklings","floor":39,"turns":5},{"damage":3,"enemies":"Reptomancer","floor":40,"turns":5},{"damage":0,"enemies":"Giant Head","floor":41,"turns":7},{"damage":4,"enemies":"Nemesis","floor":42,"turns":7},{"damage":10,"enemies":"Reptomancer","floor":44,"turns":4},{"damage":0,"enemies":"Giant Head","floor":45,"turns":7},{"damage":11,"enemies":"Reptomancer","floor":46,"turns":5},{"damage":8,"enemies":"Nemesis","floor":48,"turns":9},{"damage":0,"enemies":"Donu and Deca","floor":50,"turns":6},{"damage":0,"enemies":"Shield and Spear","floor":54,"turns":5},{"damage":2,"enemies":"The Heart","floor":55,"turns":7}],"seed_played":"449969174108538496","potions_obtained":[{"floor":1,"key":"SteroidPotion"},{"floor":7,"key":"SmokeBomb"},{"floor":12,"key":"SneckoOil"},{"floor":16,"key":"SkillPotion"},{"floor":18,"key":"Fruit Juice"},{"floor":28,"key":"AttackPotion"},{"floor":29,"key":"Weak Potion"},{"floor":30,"key":"Explosive Potion"},{"floor":31,"key":"PowerPotion"},{"floor":38,"key":"Regen Potion"},{"floor":39,"key":"Dexterity Potion"},{"floor":40,"key":"Swift Potion"},{"floor":45,"key":"EssenceOfSteel"},{"floor":48,"key":"AttackPotion"},{"floor":54,"key":"SteroidPotion"}],"is_trial":true,"path_per_floor":["M","?","T","M","?","E","E","E","T","E","R","E","R","E","R","B",null,"M","?","$","E","T","E","E","E","T","R","E","E","E","E","R","B",null,"M","$","?","?","M","E","E","E","T","E","E","E","$","E","R","B",null,"R","$","E","B",null],"character_chosen":"IRONCLAD","items_purchased":["Paper Frog","PreservedInsect","True Grit+1","Membership Card","Seeing Red+1","Ornamental Fan"],"campfire_rested":0,"item_purchase_floors":[20,36,36,47,53,53],"current_hp_per_floor":[76,76,76,78,83,85,72,71,71,68,68,74,74,80,80,80,84,72,72,72,73,73,81,89,83,83,83,69,91,91,98,98,100,100,100,100,100,102,104,106,108,110,110,112,114,116,116,118,118,118,118,118,118,120,120],"gold":192,"neow_bonus":"","is_daily":false,"chose_seed":false,"campfire_upgraded":5,"win_rate":0.0,"timestamp":1608194039,"path_taken":["M","?","?","?","?","E","E","E","T","E","R","E","R","?","R","BOSS","M","?","$","?","?","E","?","E","T","R","E","E","E","E","R","BOSS","M","$","?","?","?","E","E","E","T","E","?","E","?","E","R","BOSS","R","$","E","BOSS"],"items_purchased_type":["Relic","Relic","Card","Relic","Card","Relic"],"build_version":"2020-12-13","purchased_purges":2,"victory":true,"max_hp_per_floor":[80,80,80,80,85,85,85,85,85,85,85,85,85,85,85,85,85,85,85,85,85,85,87,89,89,89,89,91,91,91,98,98,100,100,100,100,100,102,104,106,108,110,110,112,114,116,116,118,118,118,118,118,118,120,120],"card_choices":[{"not_picked":["Dual Wield","Pummel"],"picked":"Pommel Strike","floor":0},{"not_picked":["Dropkick","Armaments"],"picked":"Thunderclap","floor":0},{"not_picked":["Entrench","Clash"],"picked":"Thunderclap","floor":0},{"not_picked":["Sword Boomerang","Combust"],"picked":"Cleave","floor":0},{"not_picked":["Flex","Havoc"],"picked":"Heavy Blade","floor":0},{"not_picked":["Body Slam","Warcry"],"picked":"Iron Wave","floor":0},{"not_picked":["Ghostly Armor","Warcry"],"picked":"Armaments","floor":0},{"not_picked":["Thunderclap","Pommel Strike"],"picked":"Disarm","floor":0},{"not_picked":["Clash","Sword Boomerang"],"picked":"Anger","floor":0},{"not_picked":["Perfected Strike","Heavy Blade"],"picked":"Headbutt","floor":0},{"not_picked":["Wild Strike","Clothesline"],"picked":"Battle Trance","floor":0},{"not_picked":["Wild Strike","Flex"],"picked":"Shockwave","floor":0},{"not_picked":["Cleave","Fire Breathing"],"picked":"Whirlwind","floor":0},{"not_picked":["Armaments","Anger"],"picked":"Shrug It Off","floor":0},{"not_picked":["Anger","Wild Strike"],"picked":"Ghostly Armor","floor":0},{"not_picked":["Body Slam","Iron Wave"],"picked":"Rampage","floor":1},{"not_picked":["Headbutt","Wild Strike","Perfected Strike"],"picked":"SKIP","floor":4},{"not_picked":["Corruption","Fiend Fire"],"picked":"Double Tap","floor":6},{"not_picked":["Demon Form","Impervious"],"picked":"Limit Break","floor":7},{"not_picked":["Feed","Offering","Immolate"],"picked":"SKIP","floor":8},{"not_picked":["Exhume","Feed"],"picked":"Limit Break","floor":10},{"not_picked":["Corruption","Berserk"],"picked":"Reaper","floor":12},{"not_picked":["Feed","Corruption","Fiend Fire"],"picked":"SKIP","floor":14},{"not_picked":["Ghostly Armor","Twin Strike","Iron Wave"],"picked":"SKIP","floor":18},{"not_picked":["Fiend Fire","Double Tap","Brutality"],"picked":"SKIP","floor":21},{"not_picked":["Corruption","Double Tap","Reaper"],"picked":"Singing Bowl","floor":23},{"not_picked":["Demon Form","Fiend Fire","Double Tap"],"picked":"Singing Bowl","floor":24},{"not_picked":["Reaper","Fiend Fire"],"picked":"Barricade","floor":25},{"not_picked":["Exhume+1","Immolate","Barricade"],"picked":"Singing Bowl","floor":28},{"not_picked":["Exhume+1","Bludgeon"],"picked":"Impervious+1","floor":29},{"not_picked":["Double Tap+1","Demon Form"],"picked":"Juggernaut","floor":30},{"not_picked":["Double Tap+1","Fiend Fire","Demon Form"],"picked":"Singing Bowl","floor":31},{"not_picked":["Double Tap+1","Reaper","Brutality"],"picked":"Singing Bowl","floor":33},{"not_picked":["Sever Soul+1","Inflame+1"],"picked":"Entrench+1","floor":35},{"not_picked":["Wild Strike","Pummel+1","Cleave+1"],"picked":"Singing Bowl","floor":38},{"not_picked":["Dropkick+1","Combust+1","Blood for Blood"],"picked":"Singing Bowl","floor":39},{"not_picked":["Berserk","Reaper","Exhume+1"],"picked":"Singing Bowl","floor":40},{"not_picked":["Demon Form","Limit Break+1","Immolate"],"picked":"Singing Bowl","floor":41},{"not_picked":["Double Tap+1","Demon Form","Fiend Fire"],"picked":"Singing Bowl","floor":42},{"not_picked":["Double Tap+1","Barricade","Feed"],"picked":"Singing Bowl","floor":44},{"not_picked":["Reaper","Limit Break+1","Impervious+1"],"picked":"Singing Bowl","floor":45},{"not_picked":["Berserk","Brutality","Offering+1"],"picked":"Singing Bowl","floor":46},{"not_picked":["Berserk","Immolate","Limit Break+1"],"picked":"Singing Bowl","floor":48},{"not_picked":["Exhume+1","Immolate","Limit Break+1"],"picked":"Singing Bowl","floor":54}],"player_experience":1231699,"relics_obtained":[{"floor":3,"key":"Mummified Hand"},{"floor":6,"key":"Ginger"},{"floor":7,"key":"Incense Burner"},{"floor":8,"key":"Vajra"},{"floor":10,"key":"Thread and Needle"},{"floor":12,"key":"Du-Vu Doll"},{"floor":14,"key":"Meat on the Bone"},{"floor":21,"key":"Omamori"},{"floor":22,"key":"Akabeko"},{"floor":23,"key":"Singing Bowl"},{"floor":24,"key":"Peace Pipe"},{"floor":25,"key":"White Beast Statue"},{"floor":26,"key":"War Paint"},{"floor":28,"key":"Toxic Egg 2"},{"floor":29,"key":"Centennial Puzzle"},{"floor":30,"key":"StoneCalendar"},{"floor":31,"key":"Blood Vial"},{"floor":38,"key":"Bird Faced Urn"},{"floor":40,"key":"Matryoshka"},{"floor":41,"key":"CeramicFish"},{"floor":42,"key":"Ice Cream"},{"floor":43,"key":"Pen Nib"},{"floor":43,"key":"Happy Flower"},{"floor":44,"key":"Prayer Wheel"},{"floor":45,"key":"Ancient Tea Set"},{"floor":46,"key":"Unceasing Top"},{"floor":48,"key":"Shuriken"},{"floor":54,"key":"HornCleat"}],"event_choices":[{"damage_healed":0,"gold_gain":0,"player_choice":"Grow","damage_taken":0,"max_hp_gain":0,"max_hp_loss":0,"event_name":"Living Wall","floor":2,"gold_loss":0,"cards_upgraded":["Armaments"]},{"damage_healed":0,"gold_gain":0,"player_choice":"Donut","damage_taken":0,"max_hp_gain":5,"max_hp_loss":0,"event_name":"Big Fish","floor":5,"gold_loss":0},{"damage_healed":0,"gold_gain":0,"player_choice":"Ignored","damage_taken":0,"max_hp_gain":0,"max_hp_loss":0,"event_name":"betterNote:BetterNote","floor":19,"gold_loss":0,"cards_obtained":["Ball Lightning"]},{"cards_removed":["Double Tap"],"damage_healed":0,"gold_gain":0,"player_choice":"Removed Skill","damage_taken":0,"max_hp_gain":0,"max_hp_loss":0,"event_name":"Falling","floor":37,"gold_loss":0},{"damage_healed":0,"gold_gain":0,"player_choice":"Fight","damage_taken":0,"max_hp_gain":0,"max_hp_loss":0,"event_name":"MindBloom","floor":38,"gold_loss":0}],"is_beta":false,"boss_relics":[{"not_picked":["Black Blood","Runic Pyramid"],"picked":"Empty Cage"},{"not_picked":["Runic Cube","Astrolabe"],"picked":"Philosopher\u0027s Stone"}],"items_purged_floors":[20,36],"is_endless":false,"potions_floor_spawned":[1,7,12,16,18,28,29,30,31,33,35,38,39,40,41,42,44,45,46,48,54],"ascension_level":10}}