{"host":"sav7uxregyirlf69","time":1608169713,"event":{"mods":["AchievementEnabler","BaseMod","Colored Map","DeckTracker","Keyboard Shortcuts","Minty Spire (QoL Compilation)","READ ME - Guardian Mod","StSLib","SuperFastMode"],"gold_per_floor":[112,37,37,56,75,75,75,34,34,34,66,126,126,140,140,218,218,192,6,56,67,117,117,167,132,155,223,223,233,293,303,303,375,375,388,401,67,87,0,0,50,78,78,106,186,198,229,275,287,299,311,323,335,19,49,49,49],"floor_reached":56,"playtime":1613,"items_purged":["Skewer","Defend_G"],"score":2020,"play_id":"eaf014ad-db22-4839-8c85-96d9eda562ba","local_time":"20201217104833","is_ascension_mode":true,"campfire_choices":[{"data":"Crippling Poison","floor":6.0,"key":"SMITH"},{"data":"Bouncing Flask","floor":13.0,"key":"SMITH"},{"floor":15.0,"key":"REST"},{"data":"Concentrate","floor":23.0,"key":"SMITH"},{"data":"Catalyst","floor":28.0,"key":"SMITH"},{"data":"Reflex","floor":32.0,"key":"SMITH"},{"floor":40.0,"key":"REST"},{"data":"Wraith Form v2","floor":46.0,"key":"SMITH"},{"floor":49.0,"key":"RECALL"},{"data":"Prepared","floor":53.0,"key":"SMITH"}],"circlet_count":0,"master_deck":["AscendersBane","Defend_G","Defend_G","Survivor","Neutralize","Crippling Poison+1","Bouncing Flask+1","Reflex+1","Acrobatics","Wraith Form v2+1","Concentrate+1","Catalyst+1","Madness","Blur","Reflex","Adrenaline","Prepared+1","Tactician","Catalyst+1","After Image","Finesse","PiercingWail"],"relics":["Ring of the Snake","Centennial Puzzle","Torii","SsserpentHead","Snake Skull","Empty Cage","Thread and Needle","Vajra","Philosopher\u0027s Stone","TheAbacus","Red Mask","Bag of Marbles","Bottled Lightning","MawBank","StrikeDummy","Turnip"],"acts_visited":["Exordium","TheCity","TheBeyond","TheEnding"],"potions_floor_usage":[56,56],"damage_taken":[{"damage":5.0,"enemies":"Small Slimes","floor":1.0,"turns":5.0},{"damage":0.0,"enemies":"2 Louse","floor":4.0,"turns":2.0},{"damage":4.0,"enemies":"Cultist","floor":5.0,"turns":5.0},{"damage":29.0,"enemies":"Gremlin Nob","floor":11.0,"turns":4.0},{"damage":1.0,"enemies":"Looter","floor":12.0,"turns":3.0},{"damage":16.0,"enemies":"Exordium Thugs","floor":14.0,"turns":6.0},{"damage":3.0,"enemies":"Hexaghost","floor":16.0,"turns":6.0},{"damage":12.0,"enemies":"2 Thieves","floor":18.0,"turns":4.0},{"damage":1.0,"enemies":"Spheric Guardian","floor":21.0,"turns":3.0},{"damage":1.0,"enemies":"Cultist and Chosen","floor":27.0,"turns":4.0},{"damage":0.0,"enemies":"Snake Plant","floor":30.0,"turns":2.0},{"damage":1.0,"enemies":"Centurion and Healer","floor":31.0,"turns":3.0},{"damage":10.0,"enemies":"Champ","floor":33.0,"turns":8.0},{"damage":9.0,"enemies":"3 Shapes","floor":35.0,"turns":6.0},{"damage":1.0,"enemies":"3 Darklings","floor":36.0,"turns":4.0},{"damage":19.0,"enemies":"Writhing Mass","floor":38.0,"turns":4.0},{"damage":0.0,"enemies":"Nemesis","floor":42.0,"turns":3.0},{"damage":0.0,"enemies":"Giant Head","floor":44.0,"turns":5.0},{"damage":0.0,"enemies":"Maw","floor":45.0,"turns":4.0},{"damage":14.0,"enemies":"3 Darklings","floor":47.0,"turns":4.0},{"damage":1.0,"enemies":"Nemesis","floor":48.0,"turns":5.0},{"damage":21.0,"enemies":"Donu and Deca","floor":50.0,"turns":9.0},{"damage":48.0,"enemies":"Awakened One","floor":51.0,"turns":16.0},{"damage":27,"enemies":"Shield and Spear","floor":55,"turns":9},{"damage":34,"enemies":"The Heart","floor":56,"turns":6}],"seed_played":"-7458980579061186281","potions_obtained":[{"floor":5.0,"key":"FairyPotion"},{"floor":11.0,"key":"Block Potion"},{"floor":14.0,"key":"Poison Potion"},{"floor":16.0,"key":"Weak Potion"},{"floor":29.0,"key":"Fruit Juice"},{"floor":29.0,"key":"FairyPotion"},{"floor":55,"key":"AttackPotion"}],"is_trial":false,"path_per_floor":["M","?","?","M","M","R","?","$","T","?","E","M","R","M","R","B",null,"M","$","?","M","?","R","T","?","T","M","R","?","M","M","R","B",null,"M","M","$","M","?","R","?","E","T","E","M","R","M","E","R","B","B",null,"R","$","E","B"],"character_chosen":"THE_SILENT","items_purchased":["Bouncing Flask","Catalyst","Madness","TheAbacus","Tactician","After Image","ColorlessPotion","Finesse"],"campfire_rested":2,"item_purchase_floors":[8,19,19,37,37,54,54,54],"current_hp_per_floor":[54,54,54,54,50,50,50,50,50,50,21,20,20,4,22,19,50,38,38,38,37,21,21,21,21,21,20,20,25,25,24,24,14,56,47,46,46,27,27,48,48,48,48,48,48,48,34,33,33,12,21,58,58,58,31,0,0],"gold":49,"neow_bonus":"REMOVE_TWO","is_daily":false,"chose_seed":false,"campfire_upgraded":7,"win_rate":0.0,"timestamp":1608169713,"path_taken":["M","?","?","?","M","R","?","?","T","?","E","?","R","M","R","BOSS","M","$","?","M","?","R","?","?","T","?","R","?","?","M","R","BOSS","M","M","$","M","?","R","?","E","T","E","?","R","M","E","R","BOSS","BOSS","R","$","E","BOSS"],"items_purchased_type":["Card","Card","Card","Relic","Card","Card","Potion","Card"],"build_version":"2020-12-13","purchased_purges":2,"victory":false,"max_hp_per_floor":[60,60,60,60,60,60,60,60,60,60,60,60,60,60,60,60,60,60,60,60,60,65,65,65,65,65,65,65,70,70,70,70,70,70,70,70,70,70,70,70,70,70,70,70,70,70,70,70,70,70,70,70,70,70,70,70,70],"card_choices":[{"not_picked":["PiercingWail","Slice"],"picked":"Riddle With Holes","floor":1.0},{"not_picked":["Flechettes","Prepared"],"picked":"Crippling Poison","floor":4.0},{"not_picked":["Finisher","Slice"],"picked":"Skewer","floor":5.0},{"not_picked":["Slice","Sucker Punch"],"picked":"Reflex","floor":11.0},{"not_picked":["Underhanded Strike","Quick Slash","Deadly Poison"],"picked":"SKIP","floor":12.0},{"not_picked":["Flying Knee","Reflex"],"picked":"Acrobatics","floor":14.0},{"not_picked":["Storm of Steel","Grand Finale"],"picked":"Wraith Form v2","floor":16.0},{"not_picked":["Masterful Stab+1","Slice"],"picked":"Concentrate","floor":18.0},{"not_picked":["Dagger Throw","Accuracy"],"picked":"Blur","floor":21.0},{"not_picked":["Blade Dance","PiercingWail+1"],"picked":"Reflex","floor":27.0},{"not_picked":["Backflip+1","Flechettes"],"picked":"Adrenaline","floor":30.0},{"not_picked":["Choke","Accuracy","Caltrops"],"picked":"SKIP","floor":31.0},{"not_picked":["Quick Slash","Slice","Backflip"],"picked":"SKIP","floor":35.0},{"not_picked":["Acrobatics","Escape Plan"],"picked":"Prepared","floor":36.0},{"not_picked":["Phantasmal Killer","Quick Slash+1","Poisoned Stab"],"picked":"SKIP","floor":38.0},{"not_picked":["Expertise+1","Blur","Infinite Blades"],"picked":"SKIP","floor":42.0},{"not_picked":["Dodge and Roll","Underhanded Strike","Dagger Throw"],"picked":"SKIP","floor":44.0},{"not_picked":["Cloak And Dagger","Setup","Sucker Punch"],"picked":"SKIP","floor":45.0},{"not_picked":["Sucker Punch","Underhanded Strike","Deflect+1"],"picked":"SKIP","floor":47.0},{"not_picked":["Blade Dance","Envenom","Slice"],"picked":"SKIP","floor":48.0},{"not_picked":["Choke","Finisher"],"picked":"PiercingWail","floor":55}],"player_experience":929709,"relics_obtained":[{"floor":9.0,"key":"Torii"},{"floor":11.0,"key":"Snake Skull"},{"floor":24.0,"key":"Thread and Needle"},{"floor":42.0,"key":"Bag of Marbles"},{"floor":43.0,"key":"Bottled Lightning"},{"floor":44.0,"key":"MawBank"},{"floor":48.0,"key":"StrikeDummy"},{"floor":55,"key":"Turnip"}],"event_choices":[{"cards_removed":["Strike_G"],"damage_healed":0.0,"max_hp_gain":0.0,"max_hp_loss":0.0,"gold_gain":0.0,"event_name":"The Cleric","player_choice":"Card Removal","floor":2.0,"gold_loss":75.0,"damage_taken":0.0},{"cards_removed":["Riddle With Holes"],"damage_healed":0.0,"max_hp_gain":0.0,"max_hp_loss":0.0,"gold_gain":0.0,"event_name":"WeMeetAgain","player_choice":"Gave Card","floor":3.0,"gold_loss":0.0,"damage_taken":0.0,"relics_obtained":["Centennial Puzzle"]},{"cards_removed":["Strike_G"],"damage_healed":0.0,"max_hp_gain":0.0,"max_hp_loss":0.0,"gold_gain":0.0,"event_name":"Bonfire Elementals","player_choice":"Offered Basic","floor":7.0,"gold_loss":0.0,"damage_taken":0.0},{"damage_healed":0.0,"max_hp_gain":0.0,"max_hp_loss":0.0,"gold_gain":0.0,"event_name":"FaceTrader","player_choice":"Trade","floor":10.0,"gold_loss":0.0,"damage_taken":0.0,"relics_obtained":["SsserpentHead"]},{"cards_removed":["Strike_G"],"damage_healed":0.0,"max_hp_gain":0.0,"max_hp_loss":0.0,"gold_gain":0.0,"event_name":"Back to Basics","player_choice":"Elegance","floor":20.0,"gold_loss":0.0,"damage_taken":0.0},{"damage_healed":0.0,"max_hp_gain":5.0,"max_hp_loss":0.0,"gold_gain":0.0,"event_name":"Forgotten Altar","player_choice":"Shed Blood","floor":22.0,"gold_loss":0.0,"damage_taken":21.0},{"damage_healed":0.0,"max_hp_gain":0.0,"max_hp_loss":0.0,"gold_gain":0.0,"event_name":"Addict","player_choice":"Obtained Relic","floor":25.0,"gold_loss":85.0,"damage_taken":0.0,"relics_obtained":["Vajra"]},{"damage_healed":0.0,"max_hp_gain":0.0,"max_hp_loss":0.0,"gold_gain":0.0,"event_name":"The Woman in Blue","player_choice":"Bought 3 Potions","floor":29.0,"gold_loss":0.0,"damage_taken":0.0},{"damage_healed":0.0,"max_hp_gain":0.0,"max_hp_loss":0.0,"gold_gain":0.0,"event_name":"Tomb of Lord Red Mask","player_choice":"Paid","floor":39.0,"gold_loss":137.0,"damage_taken":0.0,"relics_obtained":["Red Mask"]},{"damage_healed":0.0,"max_hp_gain":0.0,"max_hp_loss":0.0,"gold_gain":0.0,"event_name":"Duplicator","player_choice":"Copied","floor":41.0,"gold_loss":0.0,"damage_taken":0.0,"cards_obtained":["Catalyst"]}],"is_beta":false,"boss_relics":[{"not_picked":["Runic Pyramid","Calling Bell"],"picked":"Empty Cage"},{"not_picked":["SacredBark","Astrolabe"],"picked":"Philosopher\u0027s Stone"}],"items_purged_floors":[37,54],"is_endless":false,"potions_floor_spawned":[5,11,14,16,21,35,44,47,55],"killed_by":"The Heart","ascension_level":20}}