{"host":"cr9rpoy6dx9riis3","time":1608216582,"event":{"mods":["AchievementEnabler","BaseMod","Better Altar","Better Note","Better Sensory Stone","Better Skull","Better Third Choice","Better-Laid Plans","BetterRewards","Block Reminder","Curses Come First","Displayed Cursed Tome","Emptier Cage","Marked Mod","Minty Spire (QoL Compilation)","Permanent Neow","Relic Sorter","StSLib","The Blue Laboratory","Transform Curses"],"gold_per_floor":[109,34,34,47,47,47,76,76,157,187,43,72,72,99,99,99,99],"floor_reached":16,"playtime":860,"items_purged":["Bash"],"score":209,"play_id":"b4031b75-b1f1-4840-8df8-8d4f481b76fd","local_time":"20201217154942","is_ascension_mode":true,"campfire_choices":[{"data":"Spot Weakness","floor":6,"key":"SMITH"},{"data":"Rupture","floor":8,"key":"SMITH"},{"floor":15,"key":"REST"}],"circlet_count":0,"master_deck":["Strike_R","Strike_R","Strike_R","Strike_R","Defend_R","Defend_R","Defend_R","Defend_R","Hemokinesis","Rupture+1","Spot Weakness+1","Impervious","Inflame","Carnage","Bash","Double Tap"],"relics":["Burning Blood","Question Card","MealTicket","ClockworkSouvenir","Paper Frog","Pen Nib"],"acts_visited":["Exordium"],"potions_floor_usage":[12,16],"damage_taken":[{"damage":3,"enemies":"Cultist","floor":1,"turns":3},{"damage":2,"enemies":"2 Louse","floor":4,"turns":3},{"damage":17,"enemies":"Gremlin Nob","floor":7,"turns":4},{"damage":37,"enemies":"3 Sentries","floor":10,"turns":6},{"damage":25,"enemies":"Gremlin Nob","floor":12,"turns":5},{"damage":17,"enemies":"Lagavulin","floor":14,"turns":6},{"damage":39,"enemies":"Hexaghost","floor":16,"turns":7}],"seed_played":"3343554332538952727","potions_obtained":[{"floor":1,"key":"EssenceOfSteel"},{"floor":14,"key":"Energy Potion"}],"is_trial":false,"path_per_floor":["M","$","?","M","$","R","E","R","T","E","$","E","$","E","R","B"],"character_chosen":"IRONCLAD","items_purchased":["Hemokinesis","Rupture","ClockworkSouvenir"],"campfire_rested":1,"item_purchase_floors":[0,0,11],"current_hp_per_floor":[80,80,80,80,80,80,69,69,69,38,38,19,19,8,32,0,0],"gold":99,"neow_bonus":"","is_daily":false,"chose_seed":false,"campfire_upgraded":2,"win_rate":0.0,"timestamp":1608216582,"path_taken":["M","?","?","?","$","R","E","R","T","E","?","E","$","E","R","BOSS"],"items_purchased_type":["Card","Card","Relic"],"build_version":"2020-12-13","purchased_purges":1,"victory":false,"max_hp_per_floor":[80,80,80,80,80,80,80,80,80,80,80,80,80,80,80,80,80],"card_choices":[{"not_picked":["Shrug It Off","Dual Wield"],"picked":"Spot Weakness","floor":1},{"not_picked":["Clothesline","Clash","Reckless Charge"],"picked":"SKIP","floor":4},{"not_picked":["Feel No Pain","Fire Breathing"],"picked":"Inflame","floor":7},{"not_picked":["Searing Blow","Pommel Strike","Headbutt","Dark Embrace"],"picked":"SKIP","floor":10},{"not_picked":["Seeing Red","Dual Wield","Clothesline"],"picked":"Carnage","floor":12},{"not_picked":["Warcry","Bloodletting","Flex"],"picked":"Double Tap","floor":14}],"player_experience":725828,"relics_obtained":[{"floor":7,"key":"Question Card"},{"floor":9,"key":"Paper Frog"},{"floor":10,"key":"Pen Nib"},{"floor":14,"key":"MealTicket"}],"event_choices":[{"damage_healed":0,"gold_gain":0,"player_choice":"1 cards matched","damage_taken":0,"max_hp_gain":0,"max_hp_loss":0,"event_name":"Match and Keep!","floor":3,"gold_loss":0,"cards_obtained":["Impervious"]}],"is_beta":false,"boss_relics":[],"items_purged_floors":[2],"is_endless":false,"potions_floor_spawned":[1,14],"killed_by":"Hexaghost","ascension_level":4}}