{"host":"5qewjvycy34u7aeo","time":1608236482,"event":{"mods":["Act Like it!","Aspiration","BaseMod","Conspire","Downfall","GifTheSpireLib","Hubris","Infinite Spire","Minty Spire (QoL Compilation)","Permanent Neow","Replay The Spire","Shop Mod","StSLib","Stuff the Spire"],"gold_per_floor":[99,118,118,150,168,5,77,90,15,50,50,86,86,109,128,244,244,169,206,295,395,507,528,528,582,622,667,697,724,924,800,820,936,936,861,935,965,965,965,965,965,645,673,719,751,775,915,942,980,1000,1000,1049,221,221,239],"floor_reached":56,"playtime":6822,"items_purged":["Slimebound:Strike_Slimebound","Slimebound:Strike_Slimebound","Slimebound:Strike_Slimebound","conspire:Blindness"],"score":1534,"play_id":"647d09b9-b034-438d-a636-7a6fe04d0d0d","local_time":"20201217122122","is_ascension_mode":false,"campfire_choices":[{"floor":1.0,"key":"DIG"},{"floor":9.0,"key":"RECALL"},{"data":"infinitespire:SevenWalls","floor":18.0,"key":"SMITH"},{"data":"After Image","floor":35.0,"key":"SMITH"},{"data":"infinitespire:FutureSight","floor":54,"key":"SMITH"}],"circlet_count":0,"master_deck":["Slimebound:Defend_Slimebound+1","Slimebound:Split","Slimebound:CorrosiveSpit","Slimebound:HauntingLick","Slimebound:LeechingTouch","Slimebound:LeechEnergy","Slimebound:SplitLeeching","Slimebound:Schlurp+1","Slimebound:FinishingTackle","Blur","Burst","Calculated Gamble","Slimebound:MegaLick","Slimebound:SplitMire","Slimebound:LeechEnergy","Slimebound:DuplicatedForm","Guardian:CurlUp","Slimebound:MassFeed","expansioncontent:PrepareCrush","infinitespire:SevenWalls+1","Slimebound:AcidTongue+1","Slimebound:LeechingTouch+1","Slimebound:GrowthPunch+1","Acrobatics","Slimebound:LeechingTouch+1","After Image+1","Slimebound:LeadByExample","Slimebound:LeadByExample","Blur","Backflip+1","Slimebound:SamplingLick","Slimebound:SamplingLick+1","After Image+1","Slimebound:SpikyOuterGoop","Slimebound:ComboTackle+1","Acrobatics","Envenom","Slimebound:ViciousTackle+1","Slimebound:FinishingTackle+1","Parasite","Slimebound:GrowthPunch+1","Dagger Spray+1","infinitespire:FutureSight+1","Well Laid Plans"],"relics":["Slimebound:AbsorbEndCombat","MealTicket","downfall:ShatteredFragment","hubris:Reverence","PreservedInsect","downfall:HeartBlessingBlue","Replay:Bandana","Replay:Grab Bag","hubris:GrandSneckoEye","Sozu","aspiration:SilentSkillbook","ReplayTheSpireMod:SealedPack","downfall:HeartBlessingRed","War Paint","Replay:Wanted Poster","Toy Ornithopter","Pocketwatch","hubris:TenFootPole","Ice Cream","Coffee Dripper","downfall:HeartBlessingGreen","Akabeko","StuffTheSpire:BottledEssence","Anchor","Bird Faced Urn","hubris:Potato","Molten Egg 2","TungstenRod","hubris:Spice","aspiration:FrozenJewel","Toy Ornithopter","hubris:FunFungus","Pet Ghost","StuffTheSpire:Rhapsscallions","HornCleat","MerchantsRug","Durian"],"acts_visited":["Exordium","TheCity","TheBeyond","TheEnding"],"potions_floor_usage":[],"damage_taken":[{"damage":12.0,"enemies":"Cultist","floor":2.0,"turns":4.0},{"damage":40.0,"enemies":"Gremlin Nob","floor":4.0,"turns":5.0},{"damage":4.0,"enemies":"Jaw Worm","floor":5.0,"turns":2.0},{"damage":12.0,"enemies":"downfall:FleeingMerchant","floor":6.0,"turns":4.0},{"damage":2.0,"enemies":"2 Louse","floor":8.0,"turns":2.0},{"damage":20.0,"enemies":"Lagavulin","floor":10.0,"turns":3.0},{"damage":22.0,"enemies":"Gremlin Gang","floor":12.0,"turns":4.0},{"damage":8.0,"enemies":"Exordium Wildlife","floor":14.0,"turns":2.0},{"damage":15.0,"enemies":"Blue Slaver","floor":15.0,"turns":3.0},{"damage":77.0,"enemies":"downfall:Silent","floor":16.0,"turns":9.0},{"damage":37.0,"enemies":"conspire:FuzzyDice","floor":19.0,"turns":4.0},{"damage":6.0,"enemies":"downfall:LadyInBlue","floor":22.0,"turns":6.0},{"damage":36.0,"enemies":"Snake Plant","floor":23.0,"turns":3.0},{"damage":16.0,"enemies":"Slavers","floor":25.0,"turns":3.0},{"damage":4.0,"enemies":"Chosen and Byrds","floor":26.0,"turns":4.0},{"damage":20.0,"enemies":"conspire:Head Lice","floor":27.0,"turns":4.0},{"damage":27.0,"enemies":"Centurion and Healer","floor":28.0,"turns":3.0},{"damage":19.0,"enemies":"conspire:HollyBat","floor":29.0,"turns":6.0},{"damage":19.0,"enemies":"downfall:FleeingMerchant","floor":31.0,"turns":4.0},{"damage":23.0,"enemies":"Snake Plant","floor":32.0,"turns":3.0},{"damage":27.0,"enemies":"downfall:Ironclad","floor":33.0,"turns":6.0},{"damage":26.0,"enemies":"Reptomancer","floor":36.0,"turns":4.0},{"damage":20.0,"enemies":"Orb Walker","floor":37.0,"turns":4.0},{"damage":0.0,"enemies":"downfall:FleeingMerchant","floor":42.0,"turns":3.0},{"damage":0.0,"enemies":"3 Darklings","floor":43.0,"turns":5.0},{"damage":0.0,"enemies":"R_Hoarder","floor":44.0,"turns":5.0},{"damage":0.0,"enemies":"Writhing Mass","floor":45.0,"turns":5.0},{"damage":0.0,"enemies":"Jaw Worm Horde","floor":46.0,"turns":5.0},{"damage":3.0,"enemies":"infinitespire:Three Voidlings","floor":47.0,"turns":4.0},{"damage":6.0,"enemies":"Nightmare_Alpha","floor":47.0,"turns":10.0},{"damage":0,"enemies":"4 Shapes","floor":49,"turns":4},{"damage":4,"enemies":"downfall:Defect","floor":50,"turns":6},{"damage":0,"enemies":"downfall:CharBossMerchant","floor":52,"turns":7},{"damage":0,"enemies":"downfall:NeowBoss","floor":55,"turns":24}],"seed_played":"7947509629375864761","potions_obtained":[{"floor":4.0,"key":"Fire Potion"},{"floor":5.0,"key":"DistilledChaos"},{"floor":12.0,"key":"Weak Potion"},{"floor":16.0,"key":"champ:CounterPotion"}],"is_trial":false,"path_per_floor":["R","M","?","E","M","$","T","M","R","E","?","M","?","M","M","B",null,"R","M","?","AVR","?","M","T","E","M","E","M","M","?","$","M","B",null,"R","E","M","$","?","T","T","$","M","E","M","M","?","T","M","B",null,"E","$","R","B",null],"character_chosen":"SLIMEBOUND","items_purchased":["PreservedInsect","Slimebound:SamplingLick","StuffTheSpire:BottledEssence","Anchor","Bird Faced Urn","hubris:Potato","Molten Egg 2","ReplayTheSpireMod:Necrogeddon+1","Envenom","aspiration:FrozenJewel","HornCleat","MerchantsRug","Durian"],"campfire_rested":0,"item_purchase_floors":[6,31,38,38,38,38,38,42,42,42,53,53,53],"current_hp_per_floor":[60,56,38,6,6,37,37,43,53,53,53,51,80,80,77,68,80,80,80,60,60,83,70,70,84,86,86,86,86,86,86,86,86,86,86,86,86,9,9,9,17,71,94,94,94,94,107,107,110,110,110,111,116,116,116],"gold":239,"neow_bonus":"ONE_RANDOM_RARE_CARD","is_daily":false,"chose_seed":false,"campfire_upgraded":3,"win_rate":0.0,"timestamp":1608236482,"path_taken":["R","?","?","E","M","?","T","?","R","E","?","M","?","?","M","BOSS","R","M","?","AVR","?","?","T","E","M","E","M","M","?","$","M","BOSS","R","E","M","?","?","?","T","$","M","E","?","M","?","?","M","BOSS","E","$","R","BOSS"],"items_purchased_type":["Relic","Card","Relic","Relic","Relic","Relic","Relic","Card","Card","Relic","Relic","Relic","Relic"],"build_version":"2020-12-13","purchased_purges":4,"victory":true,"max_hp_per_floor":[60,60,60,60,60,60,60,60,70,70,70,70,80,80,80,80,80,80,80,80,80,83,83,83,86,86,86,86,86,86,86,86,86,86,86,86,86,86,86,86,94,94,94,94,94,94,107,107,110,110,110,111,116,116,116],"card_choices":[{"not_picked":["Slimebound:ForwardTackle","Slimebound:LevelUp"],"picked":"Slimebound:HauntingLick","floor":2.0},{"not_picked":["Slimebound:SplitAcid","Slimebound:Nibble"],"picked":"Slimebound:LeechingTouch","floor":4.0},{"not_picked":["Slimebound:LivingWall","Slimebound:GoopSpray"],"picked":"Slimebound:LeechEnergy","floor":5.0},{"not_picked":["Slimebound:SplitBruiser","Slimebound:LeechEnergy"],"picked":"Slimebound:SplitLeeching","floor":6.0},{"not_picked":["Slimebound:SlimeBarrage","Slimebound:ComboTackle"],"picked":"Slimebound:Schlurp","floor":8.0},{"not_picked":["Slimebound:RollThrough","Slimebound:Schlurp"],"picked":"Slimebound:FinishingTackle","floor":10.0},{"not_picked":["Slimebound:SplitMire","Slimebound:PressTheAttack"],"picked":"Slimebound:MegaLick","floor":12.0},{"not_picked":["Slimebound:LeechingTouch","Slimebound:DouseInSlime"],"picked":"Slimebound:SplitMire","floor":14.0},{"not_picked":["Slimebound:DivideAndConquer","Slimebound:RollThrough"],"picked":"Slimebound:LeechEnergy","floor":15.0},{"not_picked":["Slimebound:LeechLife","Slimebound:DouseInSlime"],"picked":"Slimebound:DuplicatedForm","floor":16.0},{"not_picked":["Eruption","champ:Taunt","sneckomod:Unknown"],"picked":"Guardian:CurlUp","floor":17.0},{"not_picked":["Doppelganger","Glass Knife","Atom Bomb"],"picked":"Slimebound:MassFeed","floor":17.0},{"not_picked":["Trip","PanicButton","Dark Shackles"],"picked":"expansioncontent:PrepareCrush","floor":17.0},{"not_picked":["infinitespire:FinalStrike","infinitespire:DeathsTouch","infinitespire:Starlight"],"picked":"infinitespire:SevenWalls","floor":17.0},{"not_picked":["Slimebound:Repurpose","hubris:SlightOfHand","Flying Knee"],"picked":"Slimebound:AcidTongue+1","floor":19.0},{"not_picked":["Poisoned Stab","PiercingWail+1","Dagger Throw+1"],"picked":"Slimebound:LeechingTouch+1","floor":20.0},{"not_picked":["Slimebound:SlimeBrawl","Slimebound:DouseInSlime","Slimebound:SpikyOuterGoop"],"picked":"Slimebound:GrowthPunch+1","floor":20.0},{"not_picked":["Slimebound:GoopSpray","StuffTheSpire:DoubleShiv","Slimebound:Dissolve+1"],"picked":"Acrobatics","floor":22.0},{"not_picked":["Slimebound:FinishingTackle","Slimebound:DivideAndConquer+1","Slimebound:SplitAcid"],"picked":"Slimebound:LeechingTouch+1","floor":23.0},{"not_picked":["Backflip","Slimebound:Recollect","Distraction"],"picked":"After Image","floor":25.0},{"not_picked":["Dagger Spray+1","Crippling Poison","StuffTheSpire:Python"],"picked":"Slimebound:LeadByExample","floor":26.0},{"not_picked":["conspire:PoisonWeapons","Slimebound:SplitMire","ReplayTheSpireMod:The Works"],"picked":"Slimebound:LeadByExample","floor":27.0},{"not_picked":["Replay:Poison Smokescreen","conspire:DoublingDagger","Catalyst+1"],"picked":"Blur","floor":28.0},{"not_picked":["Dagger Throw","Sucker Punch","Slimebound:ViciousTackle"],"picked":"Backflip+1","floor":29.0},{"not_picked":["Dagger Throw+1","Calculated Gamble","Leg Sweep","StuffTheSpire:BumpUp"],"picked":"SKIP","floor":31.0},{"not_picked":["Slimebound:ProtectTheBoss","Blade Dance","Terror"],"picked":"Slimebound:SamplingLick+1","floor":32.0},{"not_picked":["Slimebound:Recycling","ReplayTheSpireMod:From All Sides","Corpse Explosion"],"picked":"After Image","floor":33.0},{"not_picked":["Slimebound:AcidTongue","Replay:Poison Smokescreen+1","Slimebound:LeechingTouch"],"picked":"Slimebound:SpikyOuterGoop","floor":36.0},{"not_picked":["Slimebound:RollThrough","StuffTheSpire:MirrorStance+1","PiercingWail+1"],"picked":"Slimebound:ComboTackle+1","floor":37.0},{"not_picked":["Slimebound:Gluttony+1","Slimebound:SplitLeeching","StuffTheSpire:Injection+1"],"picked":"Acrobatics","floor":42.0},{"not_picked":["Slimebound:SlimeSpikes+1","Outmaneuver","StuffTheSpire:DoubleShiv+1"],"picked":"Slimebound:ViciousTackle+1","floor":43.0},{"not_picked":["StuffTheSpire:Python","hubris:Counter+1","Slimebound:PressTheAttack+1"],"picked":"Slimebound:FinishingTackle+1","floor":44.0},{"not_picked":["Underhanded Strike+1","Deadly Poison+1","PiercingWail+1"],"picked":"Slimebound:GrowthPunch+1","floor":45.0},{"not_picked":["Sucker Punch+1","Slimebound:SlimeSpikes+1","Slimebound:Dissolve+1"],"picked":"Dagger Spray+1","floor":46.0},{"not_picked":["ReplayTheSpireMod:Haul","infinitespire:SealOfDarkness+"],"picked":"infinitespire:FutureSight","floor":47},{"not_picked":["Slimebound:FormOfPuddle+1","Slimebound:Schlurp","Underhanded Strike+1"],"picked":"Well Laid Plans","floor":47},{"not_picked":["Choke+1","Doppelganger","Outmaneuver+1","Dagger Throw+1"],"picked":"SKIP","floor":49},{"not_picked":["Draining Mist+1","Bane+1","Slimebound:AcidTongue+1","StuffTheSpire:ClusterCrunch+1"],"picked":"SKIP","floor":52}],"player_experience":355108,"relics_obtained":[{"floor":1.0,"key":"MealTicket"},{"floor":4.0,"key":"hubris:Reverence"},{"floor":10.0,"key":"Replay:Bandana"},{"floor":20.0,"key":"War Paint"},{"floor":22.0,"key":"Toy Ornithopter"},{"floor":24.0,"key":"Pocketwatch"},{"floor":25.0,"key":"hubris:TenFootPole"},{"floor":27.0,"key":"Ice Cream"},{"floor":36.0,"key":"Akabeko"},{"floor":40.0,"key":"TungstenRod"},{"floor":41.0,"key":"hubris:Spice"},{"floor":44.0,"key":"Toy Ornithopter"},{"floor":47,"key":"hubris:FunFungus"},{"floor":48,"key":"Pet Ghost"},{"floor":52,"key":"StuffTheSpire:Rhapsscallions"}],"event_choices":[{"cards_removed":["Slimebound:SelfFormingGoo"],"damage_healed":19.0,"max_hp_gain":10.0,"max_hp_loss":0.0,"gold_gain":0.0,"event_name":"Bonfire Elementals","player_choice":"Offered Rare","floor":13.0,"gold_loss":0.0,"damage_taken":0.0},{"cards_removed":["ReplayTheSpireMod:Necrogeddon"],"damage_healed":2,"gold_gain":0,"player_choice":"Offered Rare","damage_taken":0,"max_hp_gain":10,"max_hp_loss":0,"event_name":"Bonfire Elementals","floor":47,"gold_loss":0}],"is_beta":false,"boss_relics":[{"not_picked":["Slimebound:AbsorbEndCombatUpgraded","aspiration:PoetsPen_weak"],"picked":"Replay:Grab Bag"},{"not_picked":["ReplayTheSpireMod:DimensionalGlitch","conspire:SlowCooker"],"picked":"hubris:GrandSneckoEye"},{"not_picked":["conspire:SeveredTorchhead","Philosopher\u0027s Stone"],"picked":"Sozu"},{"not_picked":["Ring of Chaos","Astrolabe"],"picked":"aspiration:SilentSkillbook"},{"not_picked":["StuffTheSpire:RunicHypercube","Kintsugi"],"picked":"ReplayTheSpireMod:SealedPack"},{"not_picked":["SacredBark","Replay:Bronze Core"],"picked":"Coffee Dripper"}],"items_purged_floors":[21,31,42,53],"is_endless":false,"potions_floor_spawned":[4,5,12,16,19,26,29,32,33,36,43,45,46,49,52],"ascension_level":0}}