{"host":"f0gpob8hq9vgebej","time":1608167104,"event":{"mods":["AchievementEnabler","BaseMod","Googly Eyes","Minty Spire (QoL Compilation)","Quick Restart","SuperFastMode"],"gold_per_floor":[113,129,139,154,229,229,239,239,266,282,296,309,99,109,109,213,213,178,195,195,207,207,207,207,207,207],"floor_reached":25,"playtime":659,"items_purged":["Strike_G"],"score":302,"play_id":"b39945df-ac71-49f6-a735-3a36f3680461","local_time":"20201217100504","is_ascension_mode":true,"campfire_choices":[{"data":"Blade Dance","floor":6.0,"key":"SMITH"},{"data":"Burst","floor":8.0,"key":"SMITH"},{"data":"A Thousand Cuts","floor":15.0,"key":"SMITH"},{"data":"Tactician","floor":23,"key":"SMITH"}],"circlet_count":0,"master_deck":["AscendersBane","Strike_G","Strike_G","Strike_G","Strike_G","Defend_G","Defend_G","Defend_G","Defend_G","Defend_G","Survivor","Neutralize","Burst+1","Well Laid Plans","Prepared","Blade Dance+1","Cloak And Dagger","Tactician+1","Blade Dance","Adrenaline","A Thousand Cuts+1","Acrobatics+1","Prepared"],"relics":["Ring of the Snake","Happy Flower","SacredBark"],"acts_visited":["Exordium","TheCity"],"potions_floor_usage":[22],"damage_taken":[{"damage":4.0,"enemies":"Small Slimes","floor":1.0,"turns":6.0},{"damage":10.0,"enemies":"Cultist","floor":2.0,"turns":5.0},{"damage":6.0,"enemies":"2 Louse","floor":3.0,"turns":4.0},{"damage":4.0,"enemies":"Blue Slaver","floor":4.0,"turns":8.0},{"damage":5.0,"enemies":"Lots of Slimes","floor":7.0,"turns":3.0},{"damage":0.0,"enemies":"Red Slaver","floor":10.0,"turns":5.0},{"damage":0.0,"enemies":"2 Fungi Beasts","floor":11.0,"turns":2.0},{"damage":4.0,"enemies":"Looter","floor":12.0,"turns":4.0},{"damage":0.0,"enemies":"3 Louse","floor":14.0,"turns":2.0},{"damage":14.0,"enemies":"The Guardian","floor":16.0,"turns":12.0},{"damage":11.0,"enemies":"2 Thieves","floor":18.0,"turns":5.0},{"damage":1.0,"enemies":"3 Byrds","floor":19.0,"turns":4.0},{"damage":14.0,"enemies":"Cultist and Chosen","floor":21.0,"turns":6.0},{"damage":0,"enemies":"Snake Plant","floor":22,"turns":1},{"damage":20,"enemies":"Shelled Parasite and Fungi","floor":25,"turns":3}],"seed_played":"4571196819462121264","potions_obtained":[{"floor":1.0,"key":"DistilledChaos"},{"floor":7.0,"key":"SkillPotion"},{"floor":10.0,"key":"Energy Potion"},{"floor":11.0,"key":"BlessingOfTheForge"},{"floor":16.0,"key":"SmokeBomb"},{"floor":18.0,"key":"Block Potion"}],"is_trial":false,"path_per_floor":["M","M","M","M","?","R","M","R","T","M","M","M","$","M","R","B",null,"M","M","?","M","M","R","?","M"],"character_chosen":"THE_SILENT","items_purchased":["Adrenaline"],"campfire_rested":0,"item_purchase_floors":[13],"current_hp_per_floor":[59,49,43,39,32,32,27,27,27,27,27,23,23,23,23,9,55,44,43,43,29,29,29,22,2,2],"gold":207,"neow_bonus":"ONE_RANDOM_RARE_CARD","is_daily":false,"chose_seed":false,"campfire_upgraded":4,"win_rate":0.0,"timestamp":1608167104,"path_taken":["M","M","M","M","?","R","M","R","T","M","?","M","$","?","R","BOSS","M","M","?","M","M","R","?","?"],"items_purchased_type":["Card"],"build_version":"2020-12-13","purchased_purges":1,"victory":false,"max_hp_per_floor":[70,70,70,70,70,70,70,70,70,70,70,70,70,70,70,70,70,70,70,70,70,70,70,70,70,70],"card_choices":[{"not_picked":["Heel Hook","Sucker Punch"],"picked":"Well Laid Plans","floor":1.0},{"not_picked":["Dagger Throw","Skewer","Dodge and Roll"],"picked":"SKIP","floor":2.0},{"not_picked":["Acrobatics","Endless Agony"],"picked":"Prepared","floor":3.0},{"not_picked":["Outmaneuver","Dodge and Roll"],"picked":"Blade Dance","floor":4.0},{"not_picked":["PiercingWail","Noxious Fumes"],"picked":"Cloak And Dagger","floor":7.0},{"not_picked":["Cloak And Dagger","Dash"],"picked":"Tactician","floor":10.0},{"not_picked":["Bane","Expertise"],"picked":"Blade Dance","floor":11.0},{"not_picked":["Caltrops","Catalyst","Prepared"],"picked":"SKIP","floor":12.0},{"not_picked":["Bouncing Flask","Deadly Poison"],"picked":"A Thousand Cuts","floor":14.0},{"not_picked":["Underhanded Strike","Dash+1"],"picked":"Acrobatics+1","floor":18.0},{"not_picked":["Dagger Throw+1","Well Laid Plans","Acrobatics"],"picked":"SKIP","floor":19.0},{"not_picked":["Outmaneuver","Expertise","Bouncing Flask+1"],"picked":"SKIP","floor":21.0}],"player_experience":163673,"relics_obtained":[{"floor":9.0,"key":"Happy Flower"}],"event_choices":[{"damage_healed":0.0,"max_hp_gain":0.0,"max_hp_loss":0.0,"gold_gain":75.0,"event_name":"FaceTrader","player_choice":"Touch","floor":5.0,"gold_loss":0.0,"damage_taken":7.0},{"damage_healed":0.0,"max_hp_gain":0.0,"max_hp_loss":0.0,"gold_gain":0.0,"event_name":"The Library","player_choice":"Read","floor":20.0,"gold_loss":0.0,"damage_taken":0.0,"cards_obtained":["Prepared"]},{"damage_healed":0,"gold_gain":0,"player_choice":"Damaged","damage_taken":7,"max_hp_gain":0,"max_hp_loss":0,"event_name":"Wheel of Change","floor":24,"gold_loss":0}],"is_beta":false,"boss_relics":[{"not_picked":["Black Star","Cursed Key"],"picked":"SacredBark"}],"items_purged_floors":[13],"is_endless":false,"potions_floor_spawned":[1,7,10,11,12,16,18,22],"killed_by":"Shelled Parasite and Fungi","ascension_level":10}}