{"host":"25hwxgnshg5vqzox","time":1608223649,"event":{"mods":["BaseMod","Colored Map","Highlight Path","Minty Spire (QoL Compilation)","Replay The Spire","StSLib"],"gold_per_floor":[112,130,144,144,121,121,137,153,153,153,153,172,183,183,183,282,282,293,137,329,347,363,363,374,170,225,225,240,240,240,240,240,336,336,353,353,10,22,22,22,22,22],"floor_reached":41,"playtime":3310,"items_purged":[],"score":533,"play_id":"86b27a0e-1e98-4ff6-89b4-bcd8e75a2091","local_time":"20201217164729","is_ascension_mode":false,"campfire_choices":[{"data":"Metallicize","floor":6,"key":"SMITH"},{"data":"Infernal Blade","floor":11,"key":"SMITH"},{"data":"Rampage","floor":15,"key":"SMITH"},{"floor":23,"key":"REST"},{"data":"Armaments","floor":27,"key":"SMITH"},{"data":"Iron Wave","floor":29,"key":"SMITH"},{"floor":32,"key":"DIG"},{"data":"Hemogenesis","floor":40,"key":"SMITH"}],"circlet_count":0,"master_deck":["Strike_R+1","Strike_R+1","Strike_R+1","Strike_R+1","Defend_R+1","Defend_R+1","Defend_R+1","Defend_R+1","Bash","Metallicize+1","Iron Wave+1","Rampage+1","Perfected Strike","Infernal Blade+1","Replay:Undeath\u0027s Touch","Whirlwind+1","Double Tap","Metallicize+1","Iron Wave+1","Infernal Blade+1","Run Through+1","Armaments+1","Flex","Power Through+1","Metallicize+1","Hemogenesis+1","Perfected Strike","Flex","Flex","Ghostly Armor"],"relics":["Burning Blood","HornCleat","Runic Pyramid","Replay:Baseball","Anchor","ReplayFunnel","Self Forming Clay","Busted Crown","StoneCalendar"],"acts_visited":["Exordium","TheCity","TheBeyond"],"potions_floor_usage":[38,41,41],"damage_taken":[{"damage":0,"enemies":"Small Slimes","floor":1,"turns":4},{"damage":1,"enemies":"Cultist","floor":2,"turns":4},{"damage":2,"enemies":"Jaw Worm","floor":3,"turns":4},{"damage":6,"enemies":"3 Louse","floor":7,"turns":3},{"damage":12,"enemies":"Large Slime","floor":8,"turns":6},{"damage":6,"enemies":"Exordium Wildlife","floor":12,"turns":4},{"damage":5,"enemies":"Lots of Slimes","floor":13,"turns":4},{"damage":37,"enemies":"Slime Boss","floor":16,"turns":9},{"damage":15,"enemies":"2 Thieves","floor":18,"turns":4},{"damage":8,"enemies":"3 Byrds","floor":21,"turns":8},{"damage":0,"enemies":"Snecko","floor":22,"turns":5},{"damage":0,"enemies":"Centurion and Healer","floor":24,"turns":5},{"damage":9,"enemies":"3 Cultists","floor":28,"turns":6},{"damage":34,"enemies":"Pondfish","floor":33,"turns":14},{"damage":0,"enemies":"Orb Walker","floor":35,"turns":3},{"damage":2,"enemies":"3 Darklings","floor":38,"turns":4},{"damage":142,"enemies":"Giant Head","floor":41,"turns":11}],"seed_played":"-7594173885572846109","potions_obtained":[{"floor":2,"key":"Adrenaline Potion"},{"floor":7,"key":"Weak Potion"},{"floor":8,"key":"Adrenaline Potion"},{"floor":18,"key":"BloodPotion"},{"floor":22,"key":"Death Potion"}],"is_trial":false,"path_per_floor":["M","M","M","?","$","R","M","M","T","?","R","M","M","?","R","B",null,"M","$","?","M","M","R","M","$","T","R","M","R","?","?","R_BF","B",null,"M","?","$","M","?","R","E"],"character_chosen":"IRONCLAD","items_purchased":["Perfected Strike","Replay:Baseball","Anchor","Flex","StoneCalendar","Flex"],"campfire_rested":1,"item_purchase_floors":[5,19,25,25,37,37],"current_hp_per_floor":[80,80,80,80,80,80,80,74,74,74,74,74,75,75,75,44,80,71,71,39,37,43,67,73,73,73,73,70,70,70,70,70,42,80,80,80,80,80,80,80,0,0],"gold":22,"neow_bonus":"RANDOM_EVENT","is_daily":false,"chose_seed":false,"campfire_upgraded":6,"win_rate":0.0,"timestamp":1608223649,"path_taken":["M","M","M","?","?","R","M","?","T","?","R","M","M","?","R","BOSS","M","$","?","M","?","R","M","$","T","R","M","R","?","?","R_BF","BOSS","M","?","$","?","?","R","E"],"items_purchased_type":["Card","Relic","Relic","Card","Relic","Card"],"build_version":"2020-12-13","purchased_purges":0,"victory":false,"max_hp_per_floor":[80,80,80,80,80,80,80,80,80,80,80,80,80,80,80,80,80,80,80,80,80,80,80,80,80,80,80,80,80,80,80,80,80,80,80,80,80,80,80,80,80,80],"card_choices":[{"not_picked":["True Grit","Abandon"],"picked":"Metallicize","floor":1},{"not_picked":["Replay:Undeath\u0027s Touch","Pommel Strike"],"picked":"Iron Wave","floor":2},{"not_picked":["True Grit","Shrug It Off"],"picked":"Rampage","floor":3},{"not_picked":["Clash","ReplayTheSpireMod:Strike From Hell","Berserk"],"picked":"SKIP","floor":7},{"not_picked":["Sword Boomerang","Twin Strike"],"picked":"Infernal Blade","floor":8},{"not_picked":["Body Slam","Armaments"],"picked":"Replay:Undeath\u0027s Touch","floor":12},{"not_picked":["Pommel Strike","Ghostly Armor"],"picked":"Whirlwind","floor":13},{"not_picked":["Eclipse","Corruption"],"picked":"Double Tap","floor":16},{"not_picked":["Sever Soul","Second Wind+1"],"picked":"Metallicize+1","floor":18},{"not_picked":["True Grit","ReplayTheSpireMod:Stacked"],"picked":"Iron Wave+1","floor":20},{"not_picked":["Dropkick","Iron Wave"],"picked":"Infernal Blade+1","floor":21},{"not_picked":["Blood for Blood","Clothesline"],"picked":"Run Through+1","floor":22},{"not_picked":["ReplayTheSpireMod:Strike From Hell","Pommel Strike"],"picked":"Armaments","floor":24},{"not_picked":["Flex","Twin Strike"],"picked":"Power Through+1","floor":28},{"not_picked":["Replay:Many Hands","Eclipse"],"picked":"Hemogenesis","floor":33},{"not_picked":[],"picked":"Perfected Strike","floor":35},{"not_picked":[],"picked":"Ghostly Armor","floor":38}],"player_experience":10171,"relics_obtained":[{"floor":9,"key":"HornCleat"},{"floor":26,"key":"ReplayFunnel"},{"floor":32,"key":"Self Forming Clay"}],"event_choices":[{"damage_healed":0,"gold_gain":0,"player_choice":"Ignored","damage_taken":0,"max_hp_gain":0,"max_hp_loss":0,"event_name":"Transmorgrifier","floor":4,"gold_loss":0},{"damage_healed":0,"gold_gain":0,"player_choice":"Grow","damage_taken":0,"max_hp_gain":0,"max_hp_loss":0,"event_name":"Living Wall","floor":14,"gold_loss":0,"cards_upgraded":["Whirlwind"]},{"damage_healed":0,"gold_gain":0,"player_choice":"Simplicity","damage_taken":0,"max_hp_gain":0,"max_hp_loss":0,"event_name":"Back to Basics","floor":30,"gold_loss":0,"cards_upgraded":["Strike_R","Strike_R","Strike_R","Strike_R","Defend_R","Defend_R","Defend_R","Defend_R"]},{"damage_healed":0,"gold_gain":0,"player_choice":"Copied","damage_taken":0,"max_hp_gain":0,"max_hp_loss":0,"event_name":"Duplicator","floor":31,"gold_loss":0,"cards_obtained":["Metallicize"]},{"damage_healed":0,"gold_gain":0,"player_choice":"Ignored","damage_taken":0,"max_hp_gain":0,"max_hp_loss":0,"event_name":"NoteForYourself","floor":36,"gold_loss":0},{"cards_removed":["Strike_R"],"damage_healed":0,"gold_gain":0,"player_choice":"Removed Attack","damage_taken":0,"max_hp_gain":0,"max_hp_loss":0,"event_name":"Falling","floor":39,"gold_loss":0}],"is_beta":false,"boss_relics":[{"not_picked":["Calling Bell","Snecko Eye"],"picked":"Runic Pyramid"},{"not_picked":["Replay:Bronze Core","Mark of Pain"],"picked":"Busted Crown"}],"items_purged_floors":[],"is_endless":false,"potions_floor_spawned":[2,7,8,18,21,22,35],"killed_by":"Giant Head","ascension_level":0}}