{"host":"h8k9dndf1ns7wsjc","time":1608249159,"event":{"mods":["2.2 Compatiblity","AchievementEnabler","Act Like it!","BaseMod","Better Altar","Better Skull","Better Vampires","BetterRewards","Communication Mod","Minty Spire (QoL Compilation)","Permanent Neow","Remove Card Discount Mod","Spicy Shops","StSLib"],"gold_per_floor":[117,131,146,221,241,271,14,14,14,38,38,51,51,65,65,170,170,183,183,201,226,243,276,276,223,223,243,283,283,88,109,109,214,214,241,268,300,332,101,158,78,139,139,189,212,212,212,237,237,237],"floor_reached":51,"playtime":2540,"items_purged":["Strike_R","Writhe","Strike_R","Strike_R","Writhe","Strike_R","Strike_R","Defend_R","Armaments"],"score":1126,"play_id":"d0c65dfb-b1d5-4c2c-9532-945ee53f9e18","local_time":"20201218005239","is_ascension_mode":true,"campfire_choices":[{"floor":8,"key":"REST"},{"data":"Bash","floor":11,"key":"SMITH"},{"data":"Pommel Strike","floor":13,"key":"SMITH"},{"data":"Disarm","floor":15,"key":"SMITH"},{"floor":24,"key":"REST"},{"floor":29,"key":"REST"},{"floor":32,"key":"REST"},{"floor":46,"key":"REST"},{"floor":49,"key":"REST"}],"circlet_count":0,"master_deck":["Defend_R","Defend_R","Defend_R","Bash+1","Pommel Strike+1","Disarm+1","Reckless Charge","Iron Wave","Flame Barrier","Warcry","Immolate","Cleave+1","Headbutt+1","Sword Boomerang+1","Ghostly Armor","Fire Breathing","Spot Weakness+1","Shrug It Off","Wild Strike","Immolate","Flame Barrier+1","HandOfGreed","Apotheosis","Bandage Up","Wild Strike","Power Through","Fire Breathing+1","Pommel Strike+1"],"relics":["Burning Blood","Pantograph","Question Card","HornCleat","Toy Ornithopter","Fusion Hammer","Red Mask","Mummified Hand","CeramicFish","Happy Flower","Red Skull","Membership Card","Cursed Key","Omamori","Strange Spoon","Blood Vial","Vajra","Regal Pillow","InkBottle","Blue Candle","Bottled Lightning","Kunai"],"acts_visited":["Exordium","TheCity","TheBeyond"],"potions_floor_usage":[6,14,14,16,16,21,21,33,33,35,40,50],"damage_taken":[{"damage":9,"enemies":"2 Louse","floor":1,"turns":2},{"damage":8,"enemies":"Jaw Worm","floor":2,"turns":5},{"damage":1,"enemies":"Cultist","floor":3,"turns":3},{"damage":23,"enemies":"Large Slime","floor":5,"turns":8},{"damage":35,"enemies":"3 Sentries","floor":6,"turns":10},{"damage":1,"enemies":"Blue Slaver","floor":12,"turns":3},{"damage":2,"enemies":"Exordium Thugs","floor":14,"turns":4},{"damage":72,"enemies":"Slime Boss","floor":16,"turns":15},{"damage":4,"enemies":"Shell Parasite","floor":18,"turns":5},{"damage":2,"enemies":"Chosen","floor":20,"turns":3},{"damage":19,"enemies":"Masked Bandits","floor":21,"turns":4},{"damage":17,"enemies":"Centurion and Healer","floor":22,"turns":4},{"damage":29,"enemies":"Book of Stabbing","floor":23,"turns":5},{"damage":4,"enemies":"Chosen and Byrds","floor":27,"turns":4},{"damage":21,"enemies":"Slavers","floor":28,"turns":4},{"damage":0,"enemies":"Cultist and Chosen","floor":31,"turns":4},{"damage":83,"enemies":"Automaton","floor":33,"turns":12},{"damage":12,"enemies":"3 Darklings","floor":35,"turns":3},{"damage":4,"enemies":"3 Shapes","floor":37,"turns":3},{"damage":19,"enemies":"Nemesis","floor":40,"turns":9},{"damage":9,"enemies":"Reptomancer","floor":42,"turns":4},{"damage":8,"enemies":"Sphere and 2 Shapes","floor":44,"turns":3},{"damage":0,"enemies":"Jaw Worm Horde","floor":45,"turns":3},{"damage":48,"enemies":"Giant Head","floor":48,"turns":8},{"damage":74,"enemies":"Time Eater","floor":50,"turns":11}],"seed_played":"1571244354279483458","potions_obtained":[{"floor":3,"key":"Energy Potion"},{"floor":12,"key":"DistilledChaos"},{"floor":14,"key":"EntropicBrew"},{"floor":18,"key":"Block Potion"},{"floor":20,"key":"Energy Potion"},{"floor":27,"key":"ElixirPotion"},{"floor":33,"key":"LiquidMemories"},{"floor":37,"key":"Swift Potion"},{"floor":45,"key":"Dexterity Potion"}],"is_trial":false,"path_per_floor":["M","M","M","?","M","E","$","R","T","T","R","M","R","M","R","B",null,"M","?","M","?","M","E","R","$","T","M","E","R","$","M","R","B",null,"M","?","M","T","$","E","$","E","T","M","M","R","?","E","R","B",null],"character_chosen":"IRONCLAD","items_purchased":["Question Card","CeramicFish","Membership Card","Immolate","Shrug It Off","Strange Spoon","Blood Vial","Vajra","InkBottle","Wild Strike"],"campfire_rested":6,"item_purchase_floors":[7,25,30,30,30,39,39,39,41,41],"current_hp_per_floor":[77,75,80,69,52,23,23,49,49,49,49,54,54,68,68,22,72,74,74,78,75,64,41,67,67,67,69,54,80,80,86,88,16,70,69,59,65,65,65,69,69,72,72,78,88,88,88,46,87,26],"gold":237,"neow_bonus":"TEN_PERCENT_HP_BONUS","is_daily":false,"chose_seed":false,"campfire_upgraded":3,"win_rate":0.0,"timestamp":1608249159,"path_taken":["M","M","M","?","M","E","$","R","T","?","R","?","R","M","R","BOSS","M","?","M","?","M","E","R","$","T","M","E","R","$","M","R","BOSS","M","?","M","?","$","E","$","E","T","M","?","R","?","E","R","BOSS"],"items_purchased_type":["Relic","Relic","Relic","Card","Card","Relic","Relic","Relic","Relic","Card"],"build_version":"2020-12-13","purchased_purges":9,"victory":true,"max_hp_per_floor":[88,88,88,88,88,88,88,88,88,88,88,88,88,88,88,88,88,88,88,88,88,88,88,88,88,88,88,88,88,88,88,88,88,88,88,88,88,88,88,88,88,88,88,88,88,88,88,88,88,88],"card_choices":[{"not_picked":["Heavy Blade","Shrug It Off"],"picked":"Armaments","floor":1},{"not_picked":["Body Slam","Headbutt"],"picked":"Pommel Strike","floor":2},{"not_picked":["Second Wind","Body Slam"],"picked":"Disarm","floor":3},{"not_picked":["Thunderclap","Cleave"],"picked":"Reckless Charge","floor":5},{"not_picked":["Headbutt","Battle Trance"],"picked":"Iron Wave","floor":6},{"not_picked":["Sever Soul","Perfected Strike","Flex"],"picked":"Flame Barrier","floor":12},{"not_picked":["Body Slam","Flex","Sword Boomerang"],"picked":"Warcry","floor":14},{"not_picked":["Reaper","Impervious","Bludgeon"],"picked":"Immolate","floor":16},{"not_picked":["Armaments","Second Wind","Twin Strike+1"],"picked":"Cleave+1","floor":18},{"not_picked":["Pummel","Havoc","Dual Wield+1"],"picked":"Headbutt+1","floor":20},{"not_picked":["Double Tap","Clash","Flex"],"picked":"Sword Boomerang+1","floor":22},{"not_picked":["Headbutt","Clothesline","Armaments"],"picked":"Ghostly Armor","floor":23},{"not_picked":["Havoc","Flex+1","Shrug It Off"],"picked":"Fire Breathing","floor":27},{"not_picked":["Juggernaut","Headbutt","Armaments"],"picked":"Spot Weakness+1","floor":28},{"not_picked":["Intimidate","Clash","Cleave"],"picked":"Wild Strike","floor":31},{"not_picked":["Fiend Fire","Demon Form","Impervious"],"picked":"Immolate","floor":33},{"not_picked":["Armaments","Seeing Red","Twin Strike+1"],"picked":"Flame Barrier+1","floor":35},{"not_picked":["Flash of Steel","Good Instincts","Bandage Up"],"picked":"HandOfGreed","floor":36},{"not_picked":["Discovery","PanicButton","Bandage Up"],"picked":"Apotheosis","floor":36},{"not_picked":["PanicButton","Swift Strike","Forethought"],"picked":"Bandage Up","floor":36},{"not_picked":["Infernal Blade","Perfected Strike+1","Shrug It Off","Entrench"],"picked":"SKIP","floor":37},{"not_picked":["Clothesline+1","Hemokinesis+1","Bloodletting","Searing Blow+1"],"picked":"SKIP","floor":40},{"not_picked":["Perfected Strike","Metallicize","Wild Strike+1"],"picked":"Power Through","floor":42},{"not_picked":["Reckless Charge","Shrug It Off+1","True Grit+1"],"picked":"Fire Breathing+1","floor":44},{"not_picked":["Heavy Blade","Rupture","Flex"],"picked":"Pommel Strike+1","floor":45},{"not_picked":["Entrench+1","Headbutt+1","Body Slam","Heavy Blade"],"picked":"SKIP","floor":48}],"player_experience":422593,"relics_obtained":[{"floor":6,"key":"Pantograph"},{"floor":9,"key":"HornCleat"},{"floor":10,"key":"Toy Ornithopter"},{"floor":21,"key":"Red Mask"},{"floor":23,"key":"Mummified Hand"},{"floor":26,"key":"Happy Flower"},{"floor":28,"key":"Red Skull"},{"floor":38,"key":"Omamori"},{"floor":40,"key":"Regal Pillow"},{"floor":42,"key":"Blue Candle"},{"floor":43,"key":"Bottled Lightning"},{"floor":48,"key":"Kunai"}],"event_choices":[{"damage_healed":0,"gold_gain":75,"player_choice":"Gather Gold","damage_taken":11,"max_hp_gain":0,"max_hp_loss":0,"event_name":"World of Goop","floor":4,"gold_loss":0},{"damage_healed":0,"gold_gain":0,"player_choice":"Ignored","damage_taken":0,"max_hp_gain":0,"max_hp_loss":0,"event_name":"Ghosts","floor":19,"gold_loss":0},{"damage_healed":0,"gold_gain":0,"player_choice":"Fought Bandits","damage_taken":0,"max_hp_gain":0,"max_hp_loss":0,"event_name":"Masked Bandits","floor":21,"gold_loss":0},{"damage_healed":0,"gold_gain":0,"player_choice":"Memory 3","damage_taken":10,"max_hp_gain":0,"max_hp_loss":0,"event_name":"SensoryStone","floor":36,"gold_loss":0},{"cards_removed":["Immolate"],"damage_healed":0,"gold_gain":0,"player_choice":"Removed Attack","damage_taken":0,"max_hp_gain":0,"max_hp_loss":0,"event_name":"Falling","floor":47,"gold_loss":0}],"is_beta":false,"boss_relics":[{"not_picked":["Velvet Choker","SacredBark"],"picked":"Fusion Hammer"},{"not_picked":["Astrolabe","Black Star"],"picked":"Cursed Key"}],"items_purged_floors":[7,25,30,30,39,39,39,41,41],"is_endless":false,"potions_floor_spawned":[3,12,14,18,20,27,33,37,45],"ascension_level":9}}