{"host":"vxxgntm1odai56nh","time":1608245175,"event":{"mods":["AchievementEnabler","BaseMod","Colored Map","Colored Powertips","Highlight Path","Minty Spire (QoL Compilation)","Permanent Neow","Rare Cards Sparkle","Relic Stats","StSLib"],"gold_per_floor":[215,225,225,236,60,60,92,92,92,92,118,293,293,293,293,391,441,458,458,458,470,485,217,217,217],"floor_reached":24,"playtime":1776,"items_purged":["Doubt"],"score":232,"play_id":"c4a9a9ee-0a34-4641-bb6b-bd012e692ba7","local_time":"20201217174615","is_ascension_mode":true,"campfire_choices":[{"data":"Zap","floor":6,"key":"SMITH"},{"floor":8,"key":"REST"},{"data":"Dualcast","floor":10,"key":"SMITH"},{"floor":13,"key":"REST"},{"data":"Defragment","floor":15,"key":"SMITH"}],"circlet_count":0,"master_deck":["Strike_B+1","Strike_B+1","Strike_B+1","Strike_B+1","Defend_B+1","Defend_B+1","Defend_B+1","Defend_B+1","Zap+1","Dualcast+1","Sweeping Beam","Capacitor","Hologram+1","Defragment+1","Cold Snap","Redo","Chill","Fission","Lockon","Beam Cell+1","Biased Cognition","Genetic Algorithm+1","Mayhem"],"relics":["Cracked Core","Question Card","Potion Belt","Kunai","Toy Ornithopter","Tiny House"],"acts_visited":["Exordium","TheCity"],"potions_floor_usage":[7,18],"damage_taken":[{"damage":4,"enemies":"Jaw Worm","floor":1,"turns":4},{"damage":2,"enemies":"2 Louse","floor":2,"turns":3},{"damage":7,"enemies":"Small Slimes","floor":4,"turns":2},{"damage":39,"enemies":"Gremlin Nob","floor":7,"turns":5},{"damage":18,"enemies":"3 Sentries","floor":11,"turns":7},{"damage":5,"enemies":"The Guardian","floor":16,"turns":10},{"damage":23,"enemies":"2 Thieves","floor":18,"turns":4},{"damage":20,"enemies":"Shell Parasite","floor":21,"turns":5},{"damage":16,"enemies":"Snecko","floor":22,"turns":5},{"damage":17,"enemies":"Sentry and Sphere","floor":24,"turns":2}],"seed_played":"6563850513525366127","potions_obtained":[{"floor":7,"key":"Block Potion"},{"floor":16,"key":"Energy Potion"},{"floor":17,"key":"EssenceOfSteel"}],"is_trial":false,"path_per_floor":["M","M","?","M","$","R","E","R","T","R","E","?","R","?","R","B",null,"M","?","?","M","M","$","M"],"character_chosen":"DEFECT","items_purchased":["Defragment","Cold Snap","Weak Potion","Mayhem"],"campfire_rested":2,"item_purchase_floors":[5,5,5,23],"current_hp_per_floor":[71,69,62,55,55,55,16,38,38,38,20,20,42,67,67,62,80,62,47,47,27,11,11,0,0],"gold":217,"neow_bonus":"HUNDRED_GOLD","is_daily":false,"chose_seed":false,"campfire_upgraded":3,"win_rate":0.0,"timestamp":1608245175,"path_taken":["M","M","?","M","$","R","E","R","T","R","E","?","R","?","R","BOSS","M","?","?","M","M","$","M"],"items_purchased_type":["Card","Card","Potion","Card"],"build_version":"2020-12-13","purchased_purges":1,"victory":false,"max_hp_per_floor":[75,75,75,75,75,75,75,75,75,75,75,75,75,75,75,75,80,80,85,85,85,85,85,85,85],"relic_stats":{"counters":[10,47],"Kunai":[5],"Question Card":8,"obtain_stats":[{"Potion Belt":7,"Tiny House":17,"Kunai":9,"Cracked Core":0,"Question Card":3,"Toy Ornithopter":11},{"Potion Belt":4,"Tiny House":6,"Kunai":4,"Cracked Core":0,"Question Card":2,"Toy Ornithopter":5},{"Potion Belt":14,"Tiny House":31,"Kunai":14,"Cracked Core":0,"Question Card":7,"Toy Ornithopter":21}],"Toy Ornithopter":5},"card_choices":[{"not_picked":["Redo","Go for the Eyes"],"picked":"Sweeping Beam","floor":1},{"not_picked":["Go for the Eyes","Recycle"],"picked":"Capacitor","floor":2},{"not_picked":["Force Field","Barrage","Fusion"],"picked":"Hologram","floor":4},{"not_picked":["Doom and Gloom","Conserve Battery","Static Discharge"],"picked":"Redo","floor":7},{"not_picked":["Seek","Recycle","Stack"],"picked":"Chill","floor":11},{"not_picked":["Hyperbeam","Biased Cognition","Rainbow"],"picked":"Fission","floor":16},{"not_picked":["Gash","Hologram","Doom and Gloom"],"picked":"Lockon","floor":17},{"not_picked":["Barrage","Chill+1","Gash"],"picked":"Beam Cell+1","floor":18},{"not_picked":["Tempest","Rebound","Recycle"],"picked":"Biased Cognition","floor":21},{"not_picked":["Static Discharge","Redo","Scrape"],"picked":"Genetic Algorithm+1","floor":22}],"player_experience":119993,"relics_obtained":[{"floor":7,"key":"Potion Belt"},{"floor":9,"key":"Kunai"},{"floor":11,"key":"Toy Ornithopter"}],"event_choices":[{"damage_healed":0,"gold_gain":0,"player_choice":"Success","damage_taken":7,"relics_obtained":["Question Card"],"max_hp_gain":0,"max_hp_loss":0,"event_name":"Scrap Ooze","floor":3,"gold_loss":0},{"damage_healed":0,"gold_gain":175,"player_choice":"AGREE","damage_taken":0,"max_hp_gain":0,"max_hp_loss":0,"event_name":"Liars Game","floor":12,"gold_loss":0,"cards_obtained":["Doubt"]},{"damage_healed":25,"gold_gain":0,"player_choice":"Banana","damage_taken":0,"max_hp_gain":0,"max_hp_loss":0,"event_name":"Big Fish","floor":14,"gold_loss":0},{"damage_healed":0,"gold_gain":0,"player_choice":"Shed Blood","damage_taken":20,"max_hp_gain":5,"max_hp_loss":0,"event_name":"Forgotten Altar","floor":19,"gold_loss":0},{"damage_healed":0,"gold_gain":0,"player_choice":"Simplicity","damage_taken":0,"max_hp_gain":0,"max_hp_loss":0,"event_name":"Back to Basics","floor":20,"gold_loss":0,"cards_upgraded":["Strike_B","Strike_B","Strike_B","Strike_B","Defend_B","Defend_B","Defend_B","Defend_B"]}],"is_beta":false,"boss_relics":[{"not_picked":["Empty Cage","FrozenCore"],"picked":"Tiny House"}],"items_purged_floors":[23],"is_endless":false,"potions_floor_spawned":[7,16],"killed_by":"Sentry and Sphere","ascension_level":3}}