{"host":"erxdo5czqejbiu49","time":1608177787,"event":{"mods":["Act Like it!","Aspiration","BaseMod","Better Third Choice","Conspire","Downfall-Rebalance","Elementarium","Hermit","Hubris","Minty Spire (QoL Compilation)","Replay The Spire","Shop Mod","StSLib","The Hierophant"],"gold_per_floor":[119,129,140,151,167,167,173,173,173,94,111,125,131,158,158,257,257,249,249,189,87,105,105,105,105],"floor_reached":24,"playtime":5079,"items_purged":[],"score":210,"play_id":"ff774ec6-1690-42a0-b0ed-f21fef2564ae","local_time":"20201216230307","is_ascension_mode":false,"campfire_choices":[{"data":"hierophant:Punish","floor":6,"key":"SMITH"},{"floor":8,"key":"REST"},{"floor":15,"key":"REST"},{"data":"hierophant:Chorus","floor":23,"key":"SMITH"}],"circlet_count":0,"master_deck":["hierophant:Strike_Hierophant","hierophant:Strike_Hierophant","hierophant:Strike_Hierophant","hierophant:Strike_Hierophant","hierophant:Punish+1","hierophant:Defend_Hierophant","hierophant:Defend_Hierophant","hierophant:Defend_Hierophant","hierophant:Defend_Hierophant","hierophant:ChurchCoffers","hierophant:Sermon","hierophant:Sermon","Iron Wave","Spot Weakness","True Grit","conspire:ExplosiveBarrier","hierophant:Chorus+1","Iron Wave","hierophant:HammerAndAnvil","hierophant:MirrorShield","hierophant:Chorus","hierophant:LocustPlague","hierophant:FieryStrike+1","hierophant:FlamingChariot","Flex","hierophant:Doomsaying"],"relics":["aspiration:IroncladSkillbook","conspire:DecoderRing","hubris:Metronome","hubris:PeanutButter","Honey Jar","MutagenicStrength"],"acts_visited":["Exordium","TheCity"],"potions_floor_usage":[7,7,14,14,16,24],"damage_taken":[{"damage":1,"enemies":"conspire:RoseBush","floor":1,"turns":3},{"damage":0,"enemies":"Small Slimes","floor":2,"turns":3},{"damage":3,"enemies":"2 Louse","floor":3,"turns":2},{"damage":20,"enemies":"Gremlin Gang","floor":4,"turns":4},{"damage":19,"enemies":"Looter","floor":5,"turns":4},{"damage":20,"enemies":"Gremlin Nob","floor":7,"turns":5},{"damage":7,"enemies":"3 Louse","floor":11,"turns":3},{"damage":6,"enemies":"Exordium Wildlife","floor":12,"turns":3},{"damage":4,"enemies":"Blue Slaver","floor":13,"turns":3},{"damage":16,"enemies":"Lagavulin","floor":14,"turns":6},{"damage":45,"enemies":"Hexaghost","floor":16,"turns":10},{"damage":2,"enemies":"3 Byrds","floor":18,"turns":5},{"damage":17,"enemies":"Shell Parasite","floor":22,"turns":5},{"damage":30,"enemies":"conspire:Head Lice","floor":24,"turns":9}],"seed_played":"8254351690882508145","potions_obtained":[{"floor":3,"key":"Weak Potion"},{"floor":5,"key":"BlessingOfTheForge"},{"floor":11,"key":"ColorlessPotion"},{"floor":13,"key":"Doom Potion"},{"floor":14,"key":"LiquidMemories"},{"floor":18,"key":"Venom Potion"}],"is_trial":false,"path_per_floor":["M","M","M","M","M","R","E","R","T","$","M","M","M","E","R","B",null,"M","?","?","$","M","R","E"],"character_chosen":"HIEROPHANT","items_purchased":["hierophant:Chorus","hierophant:FlamingChariot","Flex"],"campfire_rested":2,"item_purchase_floors":[10,21,21],"current_hp_per_floor":[75,75,75,59,44,44,28,50,50,50,47,45,45,33,55,14,75,75,75,75,75,62,62,32,32],"gold":105,"neow_bonus":"BOSS_RELIC","is_daily":false,"chose_seed":false,"campfire_upgraded":2,"win_rate":0.0,"timestamp":1608177787,"path_taken":["M","M","M","M","M","R","E","R","T","$","M","M","M","E","R","BOSS","M","?","?","$","M","R","E"],"items_purchased_type":["Card","Card","Card"],"build_version":"2020-12-13","purchased_purges":0,"victory":false,"max_hp_per_floor":[75,75,75,75,75,75,75,75,75,75,75,75,75,75,75,75,75,75,75,75,75,75,75,75,75],"card_choices":[{"not_picked":["Thunderclap","Sever Soul","Massacre"],"picked":"hierophant:Sermon","floor":1},{"not_picked":["Cleave","Headbutt","Clash"],"picked":"hierophant:Sermon","floor":2},{"not_picked":["ReplayTheSpireMod:Strike From Hell","hierophant:Remorse","Fire Breathing"],"picked":"Iron Wave","floor":3},{"not_picked":["hierophant:AuricForm","Perfected Strike","Sword Boomerang"],"picked":"Spot Weakness","floor":4},{"not_picked":["Perfected Strike","hierophant:Doubloon","Replay:Undeath\u0027s Touch"],"picked":"True Grit","floor":5},{"not_picked":["hierophant:OrnateBuckler","Clothesline","hierophant:EyeForCoin"],"picked":"conspire:ExplosiveBarrier","floor":7},{"not_picked":["ReplayTheSpireMod:Limb From Limb","hierophant:Smite","hierophant:Embezzle"],"picked":"Iron Wave","floor":11},{"not_picked":["True Grit","Infernal Blade","Feed"],"picked":"hierophant:HammerAndAnvil","floor":12},{"not_picked":["Anger","Dual Wield","Replay:Undeath\u0027s Touch"],"picked":"hierophant:MirrorShield","floor":13},{"not_picked":["hierophant:OrnateBuckler","Pummel","True Grit"],"picked":"hierophant:Chorus","floor":14},{"not_picked":["hubris:StunningStrike","Berserk","hierophant:Anathema"],"picked":"hierophant:LocustPlague","floor":16},{"not_picked":["Rupture","hierophant:Encroach","Pommel Strike","hierophant:SealAway"],"picked":"hierophant:FieryStrike+1","floor":18},{"not_picked":["hierophant:AuricBeam","Seeing Red","Replay:Many Hands","hierophant:Encroach"],"picked":"hierophant:Doomsaying","floor":22}],"player_experience":387059,"relics_obtained":[{"floor":7,"key":"conspire:DecoderRing"},{"floor":9,"key":"hubris:Metronome"},{"floor":14,"key":"hubris:PeanutButter"}],"event_choices":[{"damage_healed":0,"gold_gain":0,"player_choice":"Inject Mutagens","damage_taken":0,"relics_obtained":["MutagenicStrength"],"max_hp_gain":0,"max_hp_loss":0,"event_name":"Drug Dealer","floor":19,"gold_loss":0}],"is_beta":false,"boss_relics":[{"not_picked":["Replay:Drink Me","Fusion Hammer"],"picked":"Honey Jar"}],"items_purged_floors":[],"is_endless":false,"potions_floor_spawned":[3,5,11,13,14,18],"killed_by":"conspire:Head Lice","ascension_level":0}}