{"host":"wl5kcyk3ocgwii71","time":1608189088,"event":{"mods":["AchievementEnabler","BaseMod","Better Altar","Better Match","Better Note","Better Sensory Stone","Better Skull","Better Third Choice","Colored Powertips","Downfall","Hermit","Minty Spire (QoL Compilation)","Quick Restart","Replay The Spire","StSLib","The Servant 0.9.4"],"gold_per_floor":[116,131,306,306,321,354,365,394,394,394,406,426,426,454,454,454,454],"floor_reached":16,"playtime":468,"items_purged":[],"score":146,"play_id":"04f284ee-5752-4e90-b74a-40b4c28e4084","local_time":"20201216231128","is_ascension_mode":true,"campfire_choices":[{"data":"Neutralize","floor":13,"key":"SMITH"},{"data":"Tactician","floor":15,"key":"SMITH"}],"circlet_count":0,"master_deck":["Strike_G","Strike_G","Strike_G","Strike_G","Strike_G","Defend_G","Defend_G","Defend_G","Defend_G","Defend_G","Survivor","Neutralize+1","Dagger Throw","Underhanded Strike","Tactician+1","Adrenaline","Flying Knee","Dagger Throw","ReplayTheSpireMod:Tripwire"],"relics":["Ring of the Snake","NeowsBlessing","Mirror","Odd Mushroom","Mummified Hand","Meat on the Bone","Letter Opener"],"acts_visited":["Exordium"],"potions_floor_usage":[6],"damage_taken":[{"damage":0,"enemies":"Jaw Worm","floor":1,"turns":1},{"damage":0,"enemies":"Cultist","floor":2,"turns":1},{"damage":0,"enemies":"2 Louse","floor":5,"turns":1},{"damage":28,"enemies":"Gremlin Nob","floor":6,"turns":5},{"damage":0,"enemies":"2 Fungi Beasts","floor":7,"turns":3},{"damage":17,"enemies":"The Mushroom Lair","floor":8,"turns":4},{"damage":2,"enemies":"Lots of Slimes","floor":11,"turns":3},{"damage":0,"enemies":"Looter","floor":12,"turns":1},{"damage":17,"enemies":"3 Sentries","floor":14,"turns":10},{"damage":36,"enemies":"Hexaghost","floor":16,"turns":11}],"seed_played":"-272254826988490970","potions_obtained":[{"floor":5,"key":"PowerPotion"},{"floor":8,"key":"SteroidPotion"},{"floor":14,"key":"Energy Potion"}],"is_trial":false,"path_per_floor":["M","M","?","?","M","E","M","?","T","?","M","M","R","E","R","B"],"character_chosen":"THE_SILENT","items_purchased":[],"campfire_rested":0,"item_purchase_floors":[],"current_hp_per_floor":[63,63,63,63,63,35,35,18,18,18,28,40,40,35,35,0,0],"gold":454,"neow_bonus":"THREE_ENEMY_KILL","is_daily":false,"chose_seed":false,"campfire_upgraded":2,"win_rate":0.0,"timestamp":1608189088,"path_taken":["M","M","?","?","?","E","M","?","T","?","M","?","R","E","R","BOSS"],"items_purchased_type":[],"build_version":"2020-12-13","purchased_purges":0,"victory":false,"max_hp_per_floor":[70,70,70,70,70,70,70,70,70,70,70,70,70,70,70,70,70],"card_choices":[{"not_picked":["Quick Slash","Acrobatics"],"picked":"Dagger Throw","floor":1},{"not_picked":["Escape Plan","Dodge and Roll"],"picked":"Underhanded Strike","floor":2},{"not_picked":["Outmaneuver","Footwork"],"picked":"Tactician","floor":5},{"not_picked":["ReplayTheSpireMod:Scrap Shanks","Fluid Movement"],"picked":"Adrenaline","floor":6},{"not_picked":["Prepared","ReplayTheSpireMod:The Works"],"picked":"Flying Knee","floor":7},{"not_picked":["Finisher","Cloak And Dagger"],"picked":"Dagger Throw","floor":11},{"not_picked":["ReplayTheSpireMod:Scrap Shanks","Outmaneuver"],"picked":"ReplayTheSpireMod:Tripwire","floor":12},{"not_picked":["Malaise","Tools of the Trade","Deadly Poison"],"picked":"SKIP","floor":14}],"player_experience":362406,"relics_obtained":[{"floor":6,"key":"Mirror"},{"floor":8,"key":"Odd Mushroom"},{"floor":9,"key":"Mummified Hand"},{"floor":14,"key":"Letter Opener"}],"event_choices":[{"damage_healed":0,"gold_gain":175,"player_choice":"AGREE","damage_taken":131,"max_hp_gain":0,"max_hp_loss":0,"event_name":"betterThird:BetterSerpent","floor":3,"gold_loss":0},{"cards_removed":["Doubt"],"damage_healed":0,"gold_gain":0,"player_choice":"Card Removal","damage_taken":0,"max_hp_gain":0,"max_hp_loss":0,"event_name":"Wheel of Change","floor":4,"gold_loss":0},{"damage_healed":0,"gold_gain":0,"player_choice":"Fought Mushrooms","damage_taken":0,"max_hp_gain":0,"max_hp_loss":0,"event_name":"Mushrooms","floor":8,"gold_loss":0},{"damage_healed":0,"gold_gain":0,"player_choice":"Gave Potion","damage_taken":0,"relics_obtained":["Meat on the Bone"],"max_hp_gain":0,"max_hp_loss":0,"event_name":"WeMeetAgain","floor":10,"gold_loss":0}],"is_beta":false,"boss_relics":[],"items_purged_floors":[],"is_endless":false,"potions_floor_spawned":[5,8,14],"killed_by":"Hexaghost","ascension_level":6}}