{"host":"ryuep8ewa00k39z9","time":1608243321,"event":{"mods":["AchievementEnabler","BaseMod","Best Route Mod","Colored Map","Colored Powertips","Displayed Cursed Tome","Highlight Path","Minty Spire (QoL Compilation)","Quick Restart","SuperFastMode"],"gold_per_floor":[111,127,97,112,125,125,156,156,156,156,171,171,185,200,200,271,271,287,299,318,146,146,146,159,159,159],"floor_reached":25,"playtime":908,"items_purged":[],"score":383,"play_id":"b0b13fae-e010-45b2-872b-025ff207922f","local_time":"20201217161521","is_ascension_mode":true,"campfire_choices":[{"data":"Metamorphosis","floor":6.0,"key":"SMITH"},{"data":"Limit Break","floor":8.0,"key":"SMITH"},{"data":"Wild Strike","floor":12.0,"key":"SMITH"},{"floor":15.0,"key":"REST"},{"floor":23.0,"key":"REST"}],"circlet_count":0,"master_deck":["AscendersBane","Strike_R","Strike_R","Strike_R","Strike_R","Strike_R","Defend_R","Defend_R","Defend_R","Defend_R","Bash","Metamorphosis+1","Disarm","Wild Strike+1","Headbutt","Wild Strike+1","Limit Break+1","Wild Strike","Reaper","Pommel Strike","Fiend Fire"],"relics":["Burning Blood","Pantograph","StrikeDummy","Sozu","HandDrill","SsserpentHead"],"acts_visited":["Exordium","TheCity"],"potions_floor_usage":[],"damage_taken":[{"damage":2.0,"enemies":"Cultist","floor":1.0,"turns":4.0},{"damage":4.0,"enemies":"2 Louse","floor":2.0,"turns":3.0},{"damage":8.0,"enemies":"Small Slimes","floor":4.0,"turns":4.0},{"damage":15.0,"enemies":"Gremlin Gang","floor":5.0,"turns":3.0},{"damage":20.0,"enemies":"Gremlin Nob","floor":7.0,"turns":4.0},{"damage":5.0,"enemies":"Lots of Slimes","floor":11.0,"turns":3.0},{"damage":8.0,"enemies":"Blue Slaver","floor":13.0,"turns":2.0},{"damage":4.0,"enemies":"Red Slaver","floor":14.0,"turns":2.0},{"damage":44.0,"enemies":"Hexaghost","floor":16.0,"turns":9.0},{"damage":36.0,"enemies":"3 Byrds","floor":18.0,"turns":5.0},{"damage":11.0,"enemies":"Spheric Guardian","floor":19.0,"turns":3.0},{"damage":23.0,"enemies":"Centurion and Healer","floor":20.0,"turns":4.0},{"damage":43.0,"enemies":"3 Cultists","floor":24.0,"turns":5.0},{"damage":21,"enemies":"Gremlin Leader","floor":25,"turns":4}],"seed_played":"2927294424674098031","potions_obtained":[{"floor":3.0,"key":"CultistPotion"},{"floor":3.0,"key":"PowerPotion"},{"floor":4.0,"key":"LiquidMemories"},{"floor":5.0,"key":"SteroidPotion"},{"floor":7.0,"key":"Block Potion"},{"floor":14.0,"key":"Block Potion"}],"is_trial":false,"path_per_floor":["M","M","?","M","M","R","E","R","T","?","M","R","M","M","R","B",null,"M","M","M","$","?","R","M","E"],"character_chosen":"IRONCLAD","items_purchased":["HandDrill"],"campfire_rested":2,"item_purchase_floors":[21],"current_hp_per_floor":[54,56,56,54,45,45,31,31,31,31,32,32,30,32,54,37,66,42,37,30,30,30,52,19,13,13],"gold":159,"neow_bonus":"RANDOM_COLORLESS_2","is_daily":false,"chose_seed":false,"campfire_upgraded":3,"win_rate":0.0,"timestamp":1608243321,"path_taken":["M","?","?","?","?","R","E","R","T","?","M","R","M","M","R","BOSS","M","M","?","?","?","R","M","E"],"items_purchased_type":["Relic"],"build_version":"2020-12-13","purchased_purges":0,"victory":false,"max_hp_per_floor":[75,75,75,75,75,75,75,75,75,75,75,75,75,75,75,75,75,75,75,75,75,75,75,75,75,75],"card_choices":[{"not_picked":["Secret Weapon","Sadistic Nature"],"picked":"Metamorphosis","floor":0.0},{"not_picked":["Body Slam","Havoc"],"picked":"Disarm","floor":1.0},{"not_picked":["Feel No Pain","Seeing Red"],"picked":"Wild Strike","floor":2.0},{"not_picked":["Iron Wave","Perfected Strike"],"picked":"Headbutt","floor":4.0},{"not_picked":["Anger","Clothesline"],"picked":"Wild Strike","floor":5.0},{"not_picked":["Headbutt","Battle Trance"],"picked":"Limit Break","floor":7.0},{"not_picked":["Rage","Sword Boomerang","Havoc"],"picked":"SKIP","floor":11.0},{"not_picked":["Cleave","Pommel Strike"],"picked":"Wild Strike","floor":13.0},{"not_picked":["Armaments","Pommel Strike","Headbutt"],"picked":"SKIP","floor":14.0},{"not_picked":["Immolate","Brutality"],"picked":"Reaper","floor":16.0},{"not_picked":["Sword Boomerang","Anger","Headbutt"],"picked":"SKIP","floor":18.0},{"not_picked":["Anger","Sword Boomerang"],"picked":"Pommel Strike","floor":19.0},{"not_picked":["Wild Strike","Thunderclap+1"],"picked":"Fiend Fire","floor":20.0},{"not_picked":["Body Slam","Sentinel","Anger"],"picked":"SKIP","floor":24.0}],"player_experience":3251820,"relics_obtained":[{"floor":7.0,"key":"Pantograph"},{"floor":9.0,"key":"StrikeDummy"}],"event_choices":[{"damage_healed":0.0,"max_hp_gain":0.0,"max_hp_loss":0.0,"gold_gain":0.0,"event_name":"The Woman in Blue","player_choice":"Bought 2 Potions","floor":3.0,"gold_loss":0.0,"damage_taken":0.0},{"damage_healed":0.0,"max_hp_gain":0.0,"max_hp_loss":0.0,"gold_gain":0.0,"event_name":"Upgrade Shrine","player_choice":"Upgraded","floor":10.0,"gold_loss":0.0,"damage_taken":0.0,"cards_upgraded":["Wild Strike"]},{"damage_healed":0.0,"max_hp_gain":0.0,"max_hp_loss":0.0,"gold_gain":0.0,"event_name":"FaceTrader","player_choice":"Trade","floor":22.0,"gold_loss":0.0,"damage_taken":0.0,"relics_obtained":["SsserpentHead"]}],"is_beta":false,"boss_relics":[{"not_picked":["Tiny House","SlaversCollar"],"picked":"Sozu"}],"items_purged_floors":[],"is_endless":false,"potions_floor_spawned":[4,5,7,14,20],"killed_by":"Gremlin Leader","ascension_level":17}}