{"host":"sum4dy402bbv9y4o","time":1608229688,"event":{"mods":["Aspiration","BaseMod","Conspire","Highlight Path","Minty Spire (QoL Compilation)","StSLib"],"gold_per_floor":[114,114,36,46,100,100,20,20,20,30,30,45,70,84,84,161,161,172,191,191,40,40,68,68,103,103,116,116,116],"floor_reached":28,"playtime":784,"items_purged":["Burst"],"score":612,"play_id":"bd40f6f3-8ca8-425d-b149-189dcda95e17","local_time":"20201217212808","is_ascension_mode":true,"campfire_choices":[{"data":"Eruption","floor":6,"key":"SMITH"},{"data":"Tantrum","floor":8,"key":"SMITH"},{"data":"Vigilance","floor":11,"key":"SMITH"},{"data":"Protect","floor":15,"key":"SMITH"},{"floor":24,"key":"REST"}],"circlet_count":0,"master_deck":["AscendersBane","Strike_P","Strike_P","Defend_P","Defend_P","Defend_P","Eruption+1","Vigilance+1","EmptyFist","ReachHeaven","FlurryOfBlows","Tantrum+1","FlurryOfBlows","Protect+1","ClearTheMind","WindmillStrike","EmptyBody","Finisher","All Out Attack","TalkToTheHand","FlyingSleeves+1","Gash+1","Swift Strike+1","Swift Strike"],"relics":["PureWater","aspiration:Nostalgia","Burning Blood","Art of War","Kunai","Omamori","conspire:SpecialSausage","PrismaticShard","MealTicket","conspire:GlowingRock","conspire:BottledYoYo"],"acts_visited":["Exordium","TheCity"],"potions_floor_usage":[18,18,23],"damage_taken":[{"damage":0,"enemies":"Jaw Worm","floor":1,"turns":4},{"damage":0,"enemies":"Cultist","floor":4,"turns":2},{"damage":0,"enemies":"Small Slimes","floor":10,"turns":1},{"damage":2,"enemies":"3 Louse","floor":12,"turns":3},{"damage":26,"enemies":"Lagavulin","floor":13,"turns":4},{"damage":0,"enemies":"Gremlin Gang","floor":14,"turns":2},{"damage":0,"enemies":"Slime Boss","floor":16,"turns":4},{"damage":0,"enemies":"Shell Parasite","floor":18,"turns":3},{"damage":0,"enemies":"Spheric Guardian","floor":19,"turns":3},{"damage":35,"enemies":"Book of Stabbing","floor":23,"turns":4},{"damage":33,"enemies":"Slavers","floor":25,"turns":6},{"damage":14,"enemies":"Snecko","floor":27,"turns":4},{"damage":13,"enemies":"Shelled Parasite and Fungi","floor":28,"turns":1}],"seed_played":"-742410254358921620","potions_obtained":[{"floor":1,"key":"StancePotion"},{"floor":4,"key":"BlessingOfTheForge"},{"floor":18,"key":"Dexterity Potion"}],"is_trial":false,"path_per_floor":["M","?","$","M","T","R","$","R","T","M","R","M","E","M","R","B",null,"M","M","?","$","?","E","R","E","T","M","M"],"character_chosen":"WATCHER","items_purchased":["ReachHeaven","Tantrum","TalkToTheHand"],"campfire_rested":1,"item_purchase_floors":[3,7,21],"current_hp_per_floor":[67,63,63,68,68,68,68,68,68,68,68,68,48,54,54,60,66,68,68,68,68,56,27,47,20,20,12,0,0],"gold":116,"neow_bonus":"NOSTALGIA","is_daily":false,"chose_seed":false,"campfire_upgraded":4,"win_rate":0.0,"timestamp":1608229688,"path_taken":["M","?","$","M","?","R","$","R","T","M","R","M","E","?","R","BOSS","M","M","?","$","?","E","R","E","T","M","M"],"items_purchased_type":["Card","Card","Card"],"build_version":"2020-12-13","purchased_purges":1,"victory":false,"max_hp_per_floor":[68,68,68,68,68,68,68,68,68,68,68,68,68,68,68,68,68,68,68,68,68,68,68,68,68,68,68,68,68],"card_choices":[{"not_picked":["SignatureMove","Evaluate"],"picked":"EmptyFist","floor":1},{"not_picked":["Evaluate","JustLucky"],"picked":"FlurryOfBlows","floor":4},{"not_picked":["EmptyBody","CrushJoints"],"picked":"FlurryOfBlows","floor":10},{"not_picked":["Nirvana","Wish"],"picked":"Protect","floor":12},{"not_picked":["ClearTheMind","Crescendo","BattleHymn"],"picked":"SKIP","floor":13},{"not_picked":["CrushJoints","EmptyFist"],"picked":"ClearTheMind","floor":14},{"not_picked":["CarveReality+1","FlyingSleeves"],"picked":"WindmillStrike","floor":18},{"not_picked":["ClearTheMind+1","Indignation"],"picked":"EmptyBody","floor":19},{"not_picked":["Pray","JustLucky"],"picked":"FlyingSleeves+1","floor":22},{"not_picked":["Dark Shackles","Evaluate"],"picked":"Gash+1","floor":23},{"not_picked":["A Thousand Cuts","Evaluate"],"picked":"Swift Strike+1","floor":25},{"not_picked":["conspire:Banana","Mind Blast"],"picked":"Swift Strike","floor":27}],"player_experience":2812828,"relics_obtained":[{"floor":5,"key":"Art of War"},{"floor":9,"key":"Kunai"},{"floor":13,"key":"Omamori"},{"floor":22,"key":"PrismaticShard"},{"floor":23,"key":"MealTicket"},{"floor":25,"key":"conspire:GlowingRock"},{"floor":26,"key":"conspire:BottledYoYo"}],"event_choices":[{"damage_healed":0,"gold_gain":0,"player_choice":"Leave","damage_taken":0,"max_hp_gain":0,"max_hp_loss":0,"event_name":"conspire:Investor","floor":2,"gold_loss":0}],"is_beta":false,"boss_relics":[{"not_picked":["VioletLotus","aspiration:FutureDiary"],"picked":"conspire:SpecialSausage"}],"items_purged_floors":[21],"is_endless":false,"potions_floor_spawned":[1,4,16,18],"killed_by":"Shelled Parasite and Fungi","ascension_level":20}}