{"host":"hgkb2zpbo2dcws21","time":1608215281,"event":{"mods":["AchievementEnabler","BaseMod","Colored Map","Colored Powertips","Custom Start","DeckTracker","KOR Keyword Fix","Minty Spire (QoL Compilation)","StSLib","SuperFastMode"],"gold_per_floor":[119,119,119,16,27,61,61,89,114,28,28,46,62,82,82,82,82],"floor_reached":16,"playtime":358,"items_purged":["Defend_G"],"score":257,"play_id":"e5532e0d-42f6-44f0-b844-3061f6481f92","local_time":"20201217232801","is_ascension_mode":true,"campfire_choices":[{"data":"Tactician","floor":11,"key":"SMITH"},{"data":"Neutralize","floor":15,"key":"SMITH"}],"circlet_count":0,"master_deck":["AscendersBane","Strike_G","Strike_G","Strike_G","Strike_G","Strike_G","Defend_G+1","Defend_G","Defend_G","Survivor+1","Neutralize+1","Footwork","Acrobatics","Heel Hook","PiercingWail","Tactician+1","Acrobatics","Dagger Throw","Riddle With Holes"],"relics":["Ring of the Snake","NeowsBlessing","War Paint","Boot","Snake Skull","Akabeko"],"acts_visited":["Exordium"],"potions_floor_usage":[16],"damage_taken":[{"damage":0,"enemies":"Jaw Worm","floor":1,"turns":1},{"damage":0,"enemies":"2 Louse","floor":5,"turns":1},{"damage":0,"enemies":"3 Sentries","floor":6,"turns":1},{"damage":16,"enemies":"Lagavulin","floor":8,"turns":9},{"damage":6,"enemies":"Cultist","floor":12,"turns":3},{"damage":4,"enemies":"Exordium Thugs","floor":13,"turns":5},{"damage":15,"enemies":"Looter","floor":14,"turns":4},{"damage":12,"enemies":"Hexaghost","floor":16,"turns":9}],"seed_played":"8940996512372389981","potions_obtained":[{"floor":6,"key":"DuplicationPotion"},{"floor":14,"key":"BlessingOfTheForge"}],"is_trial":false,"path_per_floor":["M","?","?","$","M","E","?","E","T","$","R","M","M","M","R","B"],"character_chosen":"THE_SILENT","items_purchased":["Acrobatics","Tactician"],"campfire_rested":0,"item_purchase_floors":[4,10],"current_hp_per_floor":[59,52,47,47,47,47,52,36,36,36,36,30,26,11,11,0,0],"gold":82,"neow_bonus":"THREE_ENEMY_KILL","is_daily":false,"chose_seed":false,"campfire_upgraded":2,"win_rate":0.0,"timestamp":1608215281,"path_taken":["M","?","?","$","M","E","?","E","T","?","R","?","M","M","R","BOSS"],"items_purchased_type":["Card","Card"],"build_version":"2020-12-13","purchased_purges":1,"victory":false,"max_hp_per_floor":[66,66,66,66,66,66,71,71,71,71,71,71,71,71,71,71,71],"card_choices":[{"not_picked":["Prepared","Concentrate"],"picked":"Footwork","floor":1},{"not_picked":["Skewer","Bane","Footwork"],"picked":"SKIP","floor":5},{"not_picked":["Dagger Throw","PiercingWail"],"picked":"Heel Hook","floor":6},{"not_picked":["Dagger Spray","Expertise"],"picked":"PiercingWail","floor":8},{"not_picked":["Well Laid Plans","Noxious Fumes"],"picked":"Acrobatics","floor":12},{"not_picked":["Terror","Catalyst"],"picked":"Dagger Throw","floor":13},{"not_picked":["Predator","Venomology"],"picked":"Riddle With Holes","floor":14}],"player_experience":1079503,"relics_obtained":[{"floor":6,"key":"Boot"},{"floor":8,"key":"Snake Skull"},{"floor":9,"key":"Akabeko"}],"event_choices":[{"cards_removed":["Defend_G"],"damage_healed":0,"gold_gain":0,"player_choice":"Card Removal","damage_taken":7,"max_hp_gain":0,"max_hp_loss":0,"event_name":"Golden Wing","floor":2,"gold_loss":0},{"damage_healed":0,"gold_gain":0,"player_choice":"Success","damage_taken":5,"relics_obtained":["War Paint"],"max_hp_gain":0,"max_hp_loss":0,"event_name":"Scrap Ooze","floor":3,"gold_loss":0},{"damage_healed":0,"gold_gain":0,"player_choice":"Donut","damage_taken":0,"max_hp_gain":5,"max_hp_loss":0,"event_name":"Big Fish","floor":7,"gold_loss":0}],"is_beta":false,"boss_relics":[],"items_purged_floors":[4],"is_endless":false,"potions_floor_spawned":[6,14],"killed_by":"Hexaghost","ascension_level":18}}