{"host":"vfvug8stg52uvebh","time":1608221265,"event":{"mods":["Act Like it!","BaseMod","Chen","KinomotoSakuraMod(木之本樱)","Minty Spire (QoL Compilation)","Remove Card Discount Mod","StSLib","The Alterego","TheSwordswoman","WarShipGirlsR/战舰少女R mod","【东方二次创作】八云紫mod"],"gold_per_floor":[116,291,305,83,103,103,30,105,132,132,144,109,109,129,129,258,258,281,281,281,281,22,60,60,74,155,63,63,83,83,103,103,223,223,246,206,224,224,224],"floor_reached":38,"playtime":3441,"items_purged":["Doubt","Chen:Strike","Chen:Defend","Chen:Strike","Chen:Strike","Chen:Defend","Injury","Chen:Strike"],"score":432,"play_id":"0113687e-88fb-4df0-93e0-e65d3e83bcaa","local_time":"20201218000745","is_ascension_mode":false,"campfire_choices":[{"data":"Chen:Frivolous","floor":6,"key":"SMITH"},{"data":"Chen:FollowUp","floor":10,"key":"SMITH"},{"data":"Chen:Deceitful","floor":15,"key":"SMITH"},{"data":"Chen:Mixup","floor":24,"key":"SMITH"},{"floor":28,"key":"REST"},{"floor":32,"key":"REST"}],"circlet_count":0,"master_deck":["Chen:Strike+1","Chen:Defend+1","Chen:Defend+1","Chen:PounceTurnTail","Chen:GlitterPoke","Chen:Shot","Chen:FollowUp+1","Chen:Frivolous+1","Chen:FlankingStrike","Chen:Instinct","Chen:Impale","Chen:CatPunch","Chen:Deceitful+1","Chen:RapidfireEvasive","Chen:Tear","Chen:Mixup+1","Chen:StudySharpen","Chen:Barrier","Bandage Up","Chen:Spray","Chen:UpperHand+1","Chen:Nimbleness","Chen:MisdirectSwipe"],"relics":["Chen:Catnip","NeowsBlessing","Bronze Scales","Golden Idol","SlaversCollar","InkBottle","alterego_mod:SomeoneToFightFor","Lee\u0027s Waffle","Bird Faced Urn","Bottled Tornado","Black Star"],"acts_visited":["Exordium","TheCity","TheBeyond"],"potions_floor_usage":[16,23,32,33,33,33,35,36,38,38,38],"damage_taken":[{"damage":0,"enemies":"Cultist","floor":1,"turns":1},{"damage":0,"enemies":"2 Louse","floor":3,"turns":1},{"damage":0,"enemies":"Small Slimes","floor":5,"turns":1},{"damage":11,"enemies":"Exordium Thugs","floor":11,"turns":4},{"damage":22,"enemies":"2 Fungi Beasts","floor":14,"turns":3},{"damage":37,"enemies":"Slime Boss","floor":16,"turns":9},{"damage":26,"enemies":"Shell Parasite","floor":18,"turns":5},{"damage":44,"enemies":"Gremlin Leader","floor":23,"turns":6},{"damage":31,"enemies":"Chosen","floor":25,"turns":4},{"damage":16,"enemies":"Snake Plant","floor":29,"turns":5},{"damage":21,"enemies":"Centurion and Healer","floor":31,"turns":7},{"damage":0,"enemies":"Automaton","floor":33,"turns":5},{"damage":38,"enemies":"3 Darklings","floor":35,"turns":6},{"damage":18,"enemies":"3 Shapes","floor":37,"turns":7},{"damage":48,"enemies":"3 Shapes","floor":38,"turns":9}],"seed_played":"3988410688877121743","potions_obtained":[{"floor":14,"key":"Energy Potion"},{"floor":18,"key":"PowerPotion"},{"floor":31,"key":"EntropicBrew"},{"floor":33,"key":"LiquidBronze"},{"floor":36,"key":"Strength Potion"},{"floor":36,"key":"Fruit Juice"},{"floor":36,"key":"Weak Potion"},{"floor":37,"key":"Strength Potion"}],"is_trial":false,"path_per_floor":["M","?","M","$","M","R","$","?","T","R","M","?","?","M","R","B",null,"M","?","?","?","$","E","R","M","T","$","R","M","?","M","R","B",null,"M","?","M","?"],"character_chosen":"CHEN","items_purchased":["Chen:Frivolous","Chen:FlankingStrike","Chen:Impale","Lee\u0027s Waffle","Chen:Mixup","Chen:StudySharpen","Bandage Up"],"campfire_rested":2,"item_purchase_floors":[4,4,7,22,22,22,27],"current_hp_per_floor":[70,70,70,70,70,70,70,59,59,59,48,65,65,43,43,6,70,44,44,44,44,77,33,33,10,10,10,33,31,31,38,61,71,77,49,54,50,0,0],"gold":224,"neow_bonus":"THREE_ENEMY_KILL","is_daily":false,"chose_seed":false,"campfire_upgraded":4,"win_rate":0.0,"timestamp":1608221265,"path_taken":["M","?","M","$","M","R","$","?","T","R","M","?","?","M","R","BOSS","M","?","?","?","?","E","R","M","T","$","R","?","?","M","R","BOSS","M","?","?","?"],"items_purchased_type":["Card","Card","Card","Relic","Card","Card","Card"],"build_version":"2020-12-13","purchased_purges":8,"victory":false,"max_hp_per_floor":[70,70,70,70,70,70,70,70,70,70,70,70,70,70,70,70,70,70,70,70,70,77,77,77,77,77,77,77,77,77,77,77,77,77,77,82,82,82,82],"card_choices":[{"not_picked":["Chen:Barrier","Chen:MeditateFrenzy"],"picked":"Chen:Shot","floor":1},{"not_picked":["Chen:Knockout","Chen:Panic"],"picked":"Chen:FollowUp","floor":3},{"not_picked":["Chen:Adaptability","Chen:ResistTemptation"],"picked":"Chen:Instinct","floor":5},{"not_picked":["Chen:Sneak","Chen:Fadeout"],"picked":"Chen:CatPunch","floor":11},{"not_picked":["Chen:Panic","Chen:Tear"],"picked":"Chen:Deceitful","floor":14},{"not_picked":["Chen:WhateverWorks","Chen:Stability"],"picked":"Chen:RapidfireEvasive","floor":16},{"not_picked":["Chen:BlueOniRedOni+1","Chen:GuardCounter"],"picked":"Chen:Tear","floor":18},{"not_picked":["Chen:Copycat","Chen:Panic","Chen:Sidestep"],"picked":"SKIP","floor":23},{"not_picked":["Chen:PentagramFlight","Chen:Scratch+1"],"picked":"Chen:Barrier","floor":25},{"not_picked":["Chen:Scratch","Chen:Sweep"],"picked":"Chen:Spray","floor":29},{"not_picked":["Chen:TauntHiss","Chen:Kimontonkou"],"picked":"Chen:UpperHand+1","floor":31},{"not_picked":["Chen:Afterimages","Chen:WhateverWorks"],"picked":"Chen:Nimbleness","floor":33},{"not_picked":["Chen:UpperHand","Chen:Panic+1","Chen:Barrier"],"picked":"SKIP","floor":35},{"not_picked":["Chen:Mixup","Chen:Flicker"],"picked":"Chen:MisdirectSwipe","floor":37}],"player_experience":118728,"relics_obtained":[{"floor":9,"key":"Bronze Scales"},{"floor":23,"key":"Bird Faced Urn"},{"floor":26,"key":"Bottled Tornado"}],"event_choices":[{"damage_healed":0,"gold_gain":175,"player_choice":"AGREE","damage_taken":0,"max_hp_gain":0,"max_hp_loss":0,"event_name":"Liars Game","floor":2,"gold_loss":0,"cards_obtained":["Doubt"]},{"damage_healed":0,"gold_gain":75,"player_choice":"Gather Gold","damage_taken":11,"max_hp_gain":0,"max_hp_loss":0,"event_name":"World of Goop","floor":8,"gold_loss":0},{"damage_healed":17,"gold_gain":0,"player_choice":"Healed","damage_taken":0,"max_hp_gain":0,"max_hp_loss":0,"event_name":"The Cleric","floor":12,"gold_loss":35},{"damage_healed":0,"gold_gain":0,"player_choice":"Take Wound","damage_taken":0,"relics_obtained":["Golden Idol"],"max_hp_gain":0,"max_hp_loss":0,"event_name":"Golden Idol","floor":13,"gold_loss":0,"cards_obtained":["Injury"]},{"damage_healed":0,"gold_gain":0,"player_choice":"Opened","damage_taken":0,"relics_obtained":["InkBottle"],"max_hp_gain":0,"max_hp_loss":0,"event_name":"The Mausoleum","floor":19,"gold_loss":0},{"damage_healed":0,"gold_gain":0,"player_choice":"Choice 2","damage_taken":0,"relics_obtained":["alterego_mod:SomeoneToFightFor"],"max_hp_gain":0,"max_hp_loss":0,"event_name":"爱的神圣花园","floor":20,"gold_loss":0},{"damage_healed":0,"gold_gain":0,"player_choice":"Ignored","damage_taken":0,"max_hp_gain":0,"max_hp_loss":0,"event_name":"Beggar","floor":21,"gold_loss":0},{"damage_healed":0,"gold_gain":0,"player_choice":"Simplicity","damage_taken":0,"max_hp_gain":0,"max_hp_loss":0,"event_name":"Back to Basics","floor":30,"gold_loss":0,"cards_upgraded":["Chen:Strike","Chen:Defend","Chen:Defend"]},{"damage_healed":0,"gold_gain":0,"player_choice":"Bought 3 Potions","damage_taken":0,"max_hp_gain":0,"max_hp_loss":0,"event_name":"The Woman in Blue","floor":36,"gold_loss":0}],"is_beta":false,"boss_relics":[{"not_picked":["Sozu","Snecko Eye"],"picked":"SlaversCollar"},{"not_picked":["Coffee Dripper","Runic Pyramid"],"picked":"Black Star"}],"items_purged_floors":[4,4,4,4,4,4,22,22],"is_endless":false,"potions_floor_spawned":[14,18,31,33,37],"killed_by":"3 Shapes","ascension_level":0}}