{"host":"cf32014d19ld5mat","time":1608228451,"event":{"mods":["AchievementEnabler","BaseMod","Block Reminder","Minty Spire (QoL Compilation)","Random Character Button","Relic Stats","StSLib"],"gold_per_floor":[99,99,99,99,99,99,99,99,99,99,99,79,79,79,79,79,79,0,0,0,0,0,0,0,0,0,0,0,0,0,0,0,0,0,0,0,0,0,0,0,0,0],"floor_reached":41,"playtime":1971,"items_purged":[],"score":1011,"play_id":"73abf915-6036-4f6a-bffd-af4d86dc342d","local_time":"20201217180731","is_ascension_mode":true,"campfire_choices":[{"data":"Caltrops","floor":6.0,"key":"SMITH"},{"floor":11.0,"key":"REST"},{"data":"Dagger Spray","floor":15.0,"key":"SMITH"},{"data":"After Image","floor":24.0,"key":"SMITH"},{"data":"Cloak And Dagger","floor":27.0,"key":"SMITH"},{"data":"Leg Sweep","floor":30.0,"key":"SMITH"},{"data":"Malaise","floor":32.0,"key":"SMITH"}],"circlet_count":0,"master_deck":["AscendersBane","Defend_G","Defend_G","Defend_G","Defend_G","Defend_G","Survivor","Neutralize+1","Acrobatics","Deadly Poison","Caltrops+1","Riddle With Holes","Dagger Throw","Cloak And Dagger+1","Dagger Spray+1","Terror","After Image+1","Backflip+1","Leg Sweep+1","Blade Dance+1","Bite","Bite","Bite","Bite","Bite","Backflip+1","Malaise+1","Corpse Explosion+1","Deadly Poison+1","PiercingWail+1","Night Terror+1","Dodge and Roll+1","Finesse+1","Catalyst+1"],"relics":["Ectoplasm","Centennial Puzzle","Pear","Meat on the Bone","Black Star","Regal Pillow","Du-Vu Doll","WingedGreaves","TungstenRod","StoneCalendar","Toxic Egg 2","Art of War","Bottled Lightning","Cursed Key","The Specimen","Girya","Dream Catcher"],"acts_visited":["Exordium","TheCity","TheBeyond"],"potions_floor_usage":[41,41,41],"damage_taken":[{"damage":0.0,"enemies":"2 Louse","floor":1.0,"turns":3.0},{"damage":4.0,"enemies":"Jaw Worm","floor":3.0,"turns":4.0},{"damage":0.0,"enemies":"Small Slimes","floor":5.0,"turns":4.0},{"damage":48.0,"enemies":"Gremlin Nob","floor":7.0,"turns":5.0},{"damage":2.0,"enemies":"Exordium Wildlife","floor":8.0,"turns":2.0},{"damage":22.0,"enemies":"3 Sentries","floor":10.0,"turns":8.0},{"damage":5.0,"enemies":"Looter","floor":12.0,"turns":2.0},{"damage":4.0,"enemies":"Red Slaver","floor":13.0,"turns":3.0},{"damage":0.0,"enemies":"2 Fungi Beasts","floor":14.0,"turns":2.0},{"damage":35.0,"enemies":"Slime Boss","floor":16.0,"turns":8.0},{"damage":27.0,"enemies":"2 Thieves","floor":18.0,"turns":4.0},{"damage":22.0,"enemies":"Spheric Guardian","floor":19.0,"turns":6.0},{"damage":16.0,"enemies":"Snecko","floor":20.0,"turns":5.0},{"damage":13.0,"enemies":"Gremlin Leader","floor":23.0,"turns":7.0},{"damage":26.0,"enemies":"Slavers","floor":28.0,"turns":8.0},{"damage":13.0,"enemies":"Gremlin Leader","floor":29.0,"turns":7.0},{"damage":0.0,"enemies":"3 Cultists","floor":31.0,"turns":3.0},{"damage":38.0,"enemies":"Automaton","floor":33.0,"turns":9.0},{"damage":0,"enemies":"3 Darklings","floor":35,"turns":4},{"damage":4,"enemies":"Orb Walker","floor":36,"turns":4},{"damage":0,"enemies":"Mind Bloom Boss Battle","floor":38,"turns":7},{"damage":5,"enemies":"4 Shapes","floor":39,"turns":5},{"damage":51,"enemies":"Giant Head","floor":40,"turns":9},{"damage":29,"enemies":"2 Orb Walkers","floor":41,"turns":3}],"seed_played":"6272595925296524276","potions_obtained":[{"floor":5.0,"key":"Weak Potion"},{"floor":7.0,"key":"Regen Potion"},{"floor":12.0,"key":"Explosive Potion"},{"floor":23.0,"key":"DuplicationPotion"},{"floor":28.0,"key":"DistilledChaos"},{"floor":29.0,"key":"SneckoOil"},{"floor":33.0,"key":"Energy Potion"},{"floor":38,"key":"EntropicBrew"}],"is_trial":false,"path_per_floor":["M","?","M","?","M","R","E","M","T","E","R","M","M","M","R","B",null,"M","M","M","?","T","E","R","?","T","R","E","E","R","M","R","B",null,"M","M","?","?","M","E","?"],"character_chosen":"THE_SILENT","items_purchased":[],"campfire_rested":1,"item_purchase_floors":[],"current_hp_per_floor":[59,59,55,55,55,55,7,14,24,2,24,31,39,39,39,16,61,46,36,32,32,32,35,35,35,35,35,33,28,28,32,32,20,45,51,51,51,53,52,22,0,0],"gold":0,"neow_bonus":"BOSS_RELIC","is_daily":false,"chose_seed":false,"campfire_upgraded":6,"win_rate":0.0,"timestamp":1608228451,"path_taken":["M","?","M","?","M","R","E","M","T","E","R","M","M","M","R","BOSS","M","M","M","?","?","E","R","?","T","R","E","E","R","M","R","BOSS","M","M","?","?","M","E","?"],"items_purchased_type":[],"build_version":"2020-12-13","purchased_purges":0,"victory":false,"max_hp_per_floor":[66,66,66,66,66,66,66,66,76,76,76,76,76,76,76,76,76,76,76,76,53,53,53,53,53,53,53,53,53,53,53,53,53,53,53,53,53,53,53,53,53,53],"relic_stats":{"Centennial Puzzle":[48],"Regal Pillow":0,"Dream Catcher":0,"counters":[24,122],"StoneCalendar":[147],"Ectoplasm":703,"Black Star":4,"Art of War":[7],"Cursed Key":0,"obtain_stats":[{"Girya":40,"Regal Pillow":22,"Pear":9,"The Specimen":38,"StoneCalendar":28,"Cursed Key":34,"Du-Vu Doll":23,"Centennial Puzzle":7,"Dream Catcher":40,"Ectoplasm":0,"WingedGreaves":23,"Black Star":17,"Art of War":29,"Bottled Lightning":29,"Toxic Egg 2":28,"TungstenRod":26,"Ring of the Snake":0,"Meat on the Bone":10},{"Girya":23,"Regal Pillow":13,"Pear":5,"The Specimen":21,"StoneCalendar":15,"Cursed Key":18,"Du-Vu Doll":14,"Centennial Puzzle":4,"Dream Catcher":23,"Ectoplasm":0,"WingedGreaves":14,"Black Star":10,"Art of War":16,"Bottled Lightning":16,"Toxic Egg 2":15,"TungstenRod":14,"Ring of the Snake":0,"Meat on the Bone":6},{"Girya":119,"Regal Pillow":56,"Pear":18,"The Specimen":105,"StoneCalendar":71,"Cursed Key":90,"Du-Vu Doll":63,"Centennial Puzzle":16,"Dream Catcher":119,"Ectoplasm":0,"WingedGreaves":63,"Black Star":41,"Art of War":78,"Bottled Lightning":78,"Toxic Egg 2":71,"TungstenRod":63,"Ring of the Snake":0,"Meat on the Bone":26}],"TungstenRod":28,"Meat on the Bone":108},"card_choices":[{"not_picked":["Dodge and Roll","Underhanded Strike"],"picked":"Acrobatics","floor":1.0},{"not_picked":["Outmaneuver","Flying Knee"],"picked":"Deadly Poison","floor":3.0},{"not_picked":["Slice","Bane"],"picked":"Caltrops","floor":5.0},{"not_picked":["Accuracy","Crippling Poison"],"picked":"Riddle With Holes","floor":7.0},{"not_picked":["Caltrops","Backflip"],"picked":"Dagger Throw","floor":8.0},{"not_picked":["Concentrate","Underhanded Strike"],"picked":"Cloak And Dagger","floor":10.0},{"not_picked":["Underhanded Strike","Blade Dance"],"picked":"Dagger Spray","floor":12.0},{"not_picked":["Choke","Bane"],"picked":"Terror","floor":13.0},{"not_picked":["Flying Knee","Deadly Poison","Outmaneuver"],"picked":"SKIP","floor":14.0},{"not_picked":["Grand Finale","Die Die Die"],"picked":"After Image","floor":16.0},{"not_picked":["Outmaneuver","Dagger Spray"],"picked":"Backflip+1","floor":18.0},{"not_picked":["Infinite Blades","PiercingWail"],"picked":"Leg Sweep","floor":19.0},{"not_picked":["Backstab","Slice"],"picked":"Blade Dance+1","floor":20.0},{"not_picked":["Sucker Punch","Doppelganger"],"picked":"Backflip+1","floor":23.0},{"not_picked":["Skewer","Concentrate+1"],"picked":"Corpse Explosion+1","floor":28.0},{"not_picked":["Prepared+1","Sucker Punch"],"picked":"Deadly Poison+1","floor":29.0},{"not_picked":["Deadly Poison+1","Poisoned Stab"],"picked":"PiercingWail+1","floor":31.0},{"not_picked":["Corpse Explosion+1","Grand Finale"],"picked":"Night Terror+1","floor":33.0},{"not_picked":["Outmaneuver+1","Blade Dance+1"],"picked":"Dodge and Roll+1","floor":35},{"not_picked":["Deflect+1","Blade Dance+1","Backflip+1"],"picked":"SKIP","floor":36},{"not_picked":["Flash of Steel","Jack Of All Trades+1"],"picked":"Finesse+1","floor":37},{"not_picked":["Choke","Outmaneuver+1","Blade Dance+1"],"picked":"SKIP","floor":39},{"not_picked":["Backstab+1","Night Terror+1"],"picked":"Catalyst+1","floor":40}],"player_experience":952305,"relics_obtained":[{"floor":7.0,"key":"Centennial Puzzle"},{"floor":9.0,"key":"Pear"},{"floor":10.0,"key":"Meat on the Bone"},{"floor":22.0,"key":"Regal Pillow"},{"floor":23.0,"key":"Du-Vu Doll"},{"floor":23.0,"key":"WingedGreaves"},{"floor":26.0,"key":"TungstenRod"},{"floor":28.0,"key":"StoneCalendar"},{"floor":28.0,"key":"Toxic Egg 2"},{"floor":29.0,"key":"Art of War"},{"floor":29.0,"key":"Bottled Lightning"},{"floor":38,"key":"The Specimen"},{"floor":40,"key":"Girya"},{"floor":40,"key":"Dream Catcher"}],"event_choices":[{"damage_healed":0.0,"max_hp_gain":0.0,"max_hp_loss":0.0,"gold_gain":0.0,"event_name":"Golden Idol","player_choice":"Ignored","floor":2.0,"gold_loss":0.0,"damage_taken":0.0},{"damage_healed":0.0,"max_hp_gain":0.0,"max_hp_loss":0.0,"gold_gain":0.0,"event_name":"Living Wall","player_choice":"Grow","floor":4.0,"gold_loss":0.0,"damage_taken":0.0,"cards_upgraded":["Neutralize"]},{"damage_healed":0.0,"max_hp_gain":0.0,"max_hp_loss":23.0,"gold_gain":0.0,"event_name":"Vampires","player_choice":"Became a vampire","floor":21.0,"gold_loss":0.0,"damage_taken":0.0,"cards_obtained":["Bite","Bite","Bite","Bite","Bite"]},{"damage_healed":0.0,"max_hp_gain":0.0,"max_hp_loss":0.0,"gold_gain":0.0,"event_name":"Match and Keep!","player_choice":"1 cards matched","floor":25.0,"gold_loss":0.0,"damage_taken":0.0,"cards_obtained":["Malaise"]},{"damage_healed":0,"gold_gain":0,"player_choice":"Memory 1","damage_taken":0,"max_hp_gain":0,"max_hp_loss":0,"event_name":"SensoryStone","floor":37,"gold_loss":0},{"damage_healed":0,"gold_gain":0,"player_choice":"Fight","damage_taken":0,"max_hp_gain":0,"max_hp_loss":0,"event_name":"MindBloom","floor":38,"gold_loss":0},{"damage_healed":0,"gold_gain":0,"player_choice":"Fight","damage_taken":0,"max_hp_gain":0,"max_hp_loss":0,"event_name":"Mysterious Sphere","floor":41,"gold_loss":0}],"is_beta":false,"boss_relics":[{"not_picked":["WristBlade","Empty Cage"],"picked":"Black Star"},{"not_picked":["Astrolabe","Velvet Choker"],"picked":"Cursed Key"}],"items_purged_floors":[],"is_endless":false,"potions_floor_spawned":[5,7,12,23,28,29,33,38],"killed_by":"2 Orb Walkers","ascension_level":20}}