{"host":"yuhibl5o0ay6idau","time":1608188661,"event":{"mods":["Aspiration","BaseMod","Better Altar","Better Match","Better Note","Better Sensory Stone","Better Skull","Better Third Choice","Colored Map","Colored Powertips","Conspire","Highlight Path","Minty Spire (QoL Compilation)","Quick Restart","Replay The Spire","StSLib","SuperFastMode"],"gold_per_floor":[117,117,117,127,27,88,112,112,137,198,198,198,198,47,58,87,87,206,206,190,228,289,36,55,115,167,222,222,232,261,305,230,292,292,418,418,468,45,76,96,96,154,218,218,287,341,134,409,464,502,502,502,502,532],"floor_reached":55,"playtime":6697,"items_purged":["Regret","Dualcast","Defend_B"],"score":927,"play_id":"20d33700-3754-467f-b5f7-168cd67fdba4","local_time":"20201216230421","is_ascension_mode":true,"campfire_choices":[{"floor":8,"key":"REST"},{"data":"Storm","floor":44,"key":"SMITH"}],"circlet_count":0,"master_deck":["Defend_B","Self Repair","Predator","Poison Darts+1","Poisoned Stab","Chill","conspire:SpireCoStock","conspire:SpireCoStock","Defragment","Go for the Eyes+1","Chill","Storm+1","Crystallizer","FTL","Steam Power","Leap","Glacier","BootSequence","Aggregate","Stack","FTL+1","Beam Cell+1","Glacier+1","Hello World","Undo","Coolheaded+1","White Noise+1","Heatsinks","Storm","Hello World","FIFO Queue+1","ReplayTheSpireMod:Calculation Training","ReplayTheSpireMod:System Scan"],"relics":["Cracked Core","Pen Nib","Happy Flower","Anchor","HornCleat","aspiration:SecretTechniqueScroll","Prayer Wheel","Singing Bowl","aspiration:SneckoTail","Omamori","Replay:Ringing Soul","Molten Egg 2","Replay:Bottled Flurry","conspire:SeveredTorchhead","aspiration:MysteriousAuxiliaryCore","Blue Candle","Replay:Bottled Snecko"],"acts_visited":["Exordium","TheCity","TheBeyond"],"potions_floor_usage":[22,25,54,54,54],"damage_taken":[{"damage":4,"enemies":"Small Slimes","floor":1,"turns":3},{"damage":10,"enemies":"2 Louse","floor":4,"turns":2},{"damage":32,"enemies":"3 Sentries","floor":6,"turns":9},{"damage":8,"enemies":"Cultist","floor":7,"turns":3},{"damage":9,"enemies":"Replay:BlueRogue","floor":10,"turns":6},{"damage":1,"enemies":"Looter","floor":15,"turns":2},{"damage":5,"enemies":"Large Slime","floor":16,"turns":4},{"damage":30,"enemies":"The Guardian","floor":18,"turns":9},{"damage":12,"enemies":"2 Thieves","floor":20,"turns":4},{"damage":2,"enemies":"3 Byrds","floor":21,"turns":5},{"damage":4,"enemies":"Shelled Parasite and Fungi","floor":22,"turns":4},{"damage":0,"enemies":"Cultist and Chosen","floor":24,"turns":6},{"damage":19,"enemies":"Book of Stabbing","floor":25,"turns":5},{"damage":0,"enemies":"Centurion and Healer","floor":26,"turns":6},{"damage":9,"enemies":"Gremlin Leader","floor":27,"turns":7},{"damage":0,"enemies":"3 Cultists","floor":29,"turns":5},{"damage":13,"enemies":"Snecko","floor":30,"turns":8},{"damage":6,"enemies":"Book of Stabbing","floor":31,"turns":7},{"damage":13,"enemies":"Slavers","floor":33,"turns":7},{"damage":26,"enemies":"conspire:MysteriousRune","floor":35,"turns":10},{"damage":12,"enemies":"Orb Walker","floor":37,"turns":5},{"damage":2,"enemies":"3 Darklings","floor":39,"turns":5},{"damage":18,"enemies":"Writhing Mass","floor":40,"turns":7},{"damage":5,"enemies":"Nemesis","floor":42,"turns":9},{"damage":7,"enemies":"Spire Growth","floor":43,"turns":5},{"damage":7,"enemies":"Transient","floor":46,"turns":5},{"damage":0,"enemies":"Writhing Mass","floor":49,"turns":4},{"damage":2,"enemies":"Maw","floor":50,"turns":5},{"damage":92,"enemies":"conspire:OrnateMirror","floor":54,"turns":7}],"seed_played":"6380411990127596220","potions_obtained":[{"floor":4,"key":"Energy Potion"},{"floor":6,"key":"Explosive Potion"},{"floor":7,"key":"Fire Potion"},{"floor":10,"key":"Toxic Potion"},{"floor":22,"key":"AttackPotion"},{"floor":24,"key":"Adrenaline Potion"},{"floor":30,"key":"Elixir"},{"floor":31,"key":"FocusPotion"},{"floor":39,"key":"Dexterity Potion"}],"is_trial":false,"path_per_floor":["M","?","?","M","?","E","M","R","T","E","?","PTL","PTL","$","M","M","R_BF","B",null,"M","M","M","$","M","E","M","E","T","M","M","E","?","E","R_BF","B",null,"M","$","M","M","?","E","M","R","T","M","$","?","M","M","PTL","PTL","R_BF","B",null],"character_chosen":"DEFECT","items_purchased":["Storm","Singing Bowl","aspiration:MysteriousAuxiliaryCore","Hello World","Hello World"],"campfire_rested":1,"item_purchase_floors":[14,23,38,38,47],"current_hp_per_floor":[78,78,78,75,75,50,49,73,73,71,55,55,55,55,61,63,63,40,82,77,82,82,82,86,74,83,83,83,95,94,98,98,94,97,80,110,110,113,123,117,117,122,127,127,127,132,135,135,143,148,148,148,151,66],"gold":532,"neow_bonus":"TEN_PERCENT_HP_BONUS","is_daily":false,"chose_seed":false,"campfire_upgraded":1,"win_rate":0.0,"timestamp":1608188661,"path_taken":["M","?","?","M","?","E","M","R","T","E","?","PTL","PTL","?","M","M","R_BF","BOSS","M","?","M","$","M","E","M","E","T","M","M","E","?","E","R_BF","BOSS","M","$","M","M","?","E","M","R","T","M","$","?","?","M","PTL","PTL","R_BF","BOSS"],"items_purchased_type":["Card","Relic","Relic","Card","Card"],"build_version":"2020-12-13","purchased_purges":3,"victory":true,"max_hp_per_floor":[82,82,82,82,82,82,82,82,82,82,82,82,82,82,82,82,82,82,82,82,82,82,82,86,86,88,90,90,95,100,103,103,105,108,110,110,115,118,123,128,122,125,130,130,130,135,138,138,143,148,148,148,151,151],"card_choices":[{"not_picked":["BasicCrystalCard","Time Bomb"],"picked":"Self Repair","floor":1},{"not_picked":["BasicCrystalCard","Sweeping Beam"],"picked":"Chill","floor":4},{"not_picked":["White Noise","Ball Lightning"],"picked":"Defragment","floor":6},{"not_picked":["Redo","Biased Cognition"],"picked":"Go for the Eyes","floor":7},{"not_picked":["Hologram","Go for the Eyes"],"picked":"Chill","floor":10},{"not_picked":["Ball Lightning","Conserve Battery"],"picked":"Crystallizer","floor":15},{"not_picked":["Streamline","Panic Button","Steam"],"picked":"SKIP","floor":16},{"not_picked":["Echo Form","ReplayRNGCard"],"picked":"ReplayTheSpireMod:Fabricate Wheel","floor":18},{"not_picked":["Barrage","Turbo+1"],"picked":"Steam Power","floor":20},{"not_picked":["Hologram","Coolheaded","Rebound+1"],"picked":"SKIP","floor":20},{"not_picked":["Beam Cell+1","Lockon","Fusion"],"picked":"SKIP","floor":21},{"not_picked":["Sweeping Beam+1","Cold Snap","Rebound"],"picked":"SKIP","floor":21},{"not_picked":["Coolheaded","Tempest+1"],"picked":"Leap","floor":22},{"not_picked":["Cold Snap+1","Barrage+1","Hologram"],"picked":"SKIP","floor":22},{"not_picked":["Barrage+1","Darkness","Steam"],"picked":"Singing Bowl","floor":24},{"not_picked":["ReplayRNGCard","Redo","Rip and Tear"],"picked":"Singing Bowl","floor":24},{"not_picked":["Rebound","Leap"],"picked":"Glacier","floor":25},{"not_picked":["Redo+1","Skim"],"picked":"BootSequence","floor":26},{"not_picked":["Rebound+1","Redo+1","BasicCrystalCard"],"picked":"Singing Bowl","floor":26},{"not_picked":["Panic Button","Melter","Ball Lightning"],"picked":"Singing Bowl","floor":27},{"not_picked":["Gash","Coolheaded+1"],"picked":"Aggregate","floor":29},{"not_picked":["FIFO Queue","Hologram","Biased Cognition"],"picked":"Singing Bowl","floor":29},{"not_picked":["Chill","Panic Button","Sweeping Beam"],"picked":"Singing Bowl","floor":30},{"not_picked":["Ball Lightning","Biased Cognition"],"picked":"Stack","floor":30},{"not_picked":["ReplayTheSpireMod:Repulse","Glacier"],"picked":"FTL+1","floor":31},{"not_picked":["Barrage+1","Redo+1","Rebound+1"],"picked":"Singing Bowl","floor":33},{"not_picked":["Hyperbeam+1","Multi-Cast","Amplify"],"picked":"Singing Bowl","floor":35},{"not_picked":["Streamline+1","Scrape+1","Panic Button+1"],"picked":"Singing Bowl","floor":37},{"not_picked":["Scrape+1","Beam Cell+1"],"picked":"Glacier+1","floor":37},{"not_picked":["Glacier+1","Sweeping Beam+1","Genetic Algorithm+1"],"picked":"Singing Bowl","floor":39},{"not_picked":["Turbo+1","Chaos+1"],"picked":"Undo","floor":39},{"not_picked":["Sweeping Beam+1","Time Bomb"],"picked":"Coolheaded+1","floor":40},{"not_picked":["ReplayTheSpireMod:Repulse","Leap","ReplayTheSpireMod:Reroute Power"],"picked":"Singing Bowl","floor":40},{"not_picked":["Recycle","Machine Learning"],"picked":"White Noise+1","floor":42},{"not_picked":["Barrage+1","Go for the Eyes+1","Panic Button"],"picked":"Singing Bowl","floor":43},{"not_picked":["Turbo","Conserve Battery+1"],"picked":"Heatsinks","floor":43},{"not_picked":["Rebound+1","Loop"],"picked":"Storm","floor":46},{"not_picked":["Hologram","Coolheaded","Beam Cell+1"],"picked":"Singing Bowl","floor":46},{"not_picked":["Go for the Eyes+1","Gash+1"],"picked":"FIFO Queue+1","floor":49},{"not_picked":["Leap+1","Meteor Strike+1","Redo+1"],"picked":"Singing Bowl","floor":49},{"not_picked":["Gash+1","Conserve Battery+1","Panic Button"],"picked":"Singing Bowl","floor":50},{"not_picked":["Go for the Eyes+1","Darkness+1"],"picked":"ReplayTheSpireMod:Calculation Training","floor":50}],"player_experience":376374,"relics_obtained":[{"floor":6,"key":"Happy Flower"},{"floor":9,"key":"Anchor"},{"floor":10,"key":"HornCleat"},{"floor":25,"key":"aspiration:SneckoTail"},{"floor":27,"key":"Omamori"},{"floor":28,"key":"Replay:Ringing Soul"},{"floor":31,"key":"Molten Egg 2"},{"floor":33,"key":"Replay:Bottled Flurry"},{"floor":42,"key":"Blue Candle"},{"floor":45,"key":"Replay:Bottled Snecko"}],"event_choices":[{"damage_healed":0,"gold_gain":0,"player_choice":"Box","damage_taken":0,"relics_obtained":["Pen Nib"],"max_hp_gain":0,"max_hp_loss":0,"event_name":"Big Fish","floor":3,"gold_loss":0,"cards_obtained":["Regret"]},{"damage_healed":0,"gold_gain":0,"player_choice":"Invest 2","damage_taken":0,"max_hp_gain":0,"max_hp_loss":0,"event_name":"conspire:Investor","floor":5,"gold_loss":0},{"damage_healed":71,"gold_gain":0,"player_choice":"Upgrade","damage_taken":16,"max_hp_gain":0,"max_hp_loss":82,"event_name":"betterThird:BetterShining","floor":11,"gold_loss":0,"cards_upgraded":["Poison Darts","Go for the Eyes"]},{"cards_removed":["Strike_B"],"damage_healed":0,"gold_gain":0,"player_choice":"Gave Gold","damage_taken":0,"max_hp_gain":0,"max_hp_loss":0,"event_name":"Beggar","floor":32,"gold_loss":75},{"damage_healed":0,"gold_gain":0,"player_choice":"Max HP","damage_taken":0,"max_hp_gain":0,"max_hp_loss":6,"event_name":"Winding Halls","floor":41,"gold_loss":0},{"damage_healed":0,"gold_gain":275,"player_choice":"Desecrate","damage_taken":0,"max_hp_gain":0,"max_hp_loss":0,"event_name":"Golden Shrine","floor":48,"gold_loss":0,"cards_obtained":["Regret"]}],"is_beta":false,"boss_relics":[{"not_picked":["Ectoplasm","Philosopher\u0027s Stone"],"picked":"aspiration:SecretTechniqueScroll"},{"not_picked":["Runic Pyramid","FrozenCore"],"picked":"conspire:SeveredTorchhead"}],"items_purged_floors":[14,38,47],"is_endless":false,"potions_floor_spawned":[4,6,7,10,22,24,29,30,31,33,37,39,49],"ascension_level":3}}