{"host":"alk2ftu785mujiir","time":1608243297,"event":{"mods":["BaseMod","Colored Map","Downfall","Minty Spire (QoL Compilation)","StSLib"],"gold_per_floor":[99,116,116,116,15,26,75,0,32,32,32,46,60,75,95,191,191,191,225,225,235,235,245,245,278,278,306,326,326,326,326,342,441,441,366,379,379,395,395,423,446,446,466,391,407,421,18,35,48,48],"floor_reached":51,"playtime":2904,"items_purged":["hexamod:Strike"],"score":764,"play_id":"402652d0-34b6-4e6f-8ab7-a623c61dcbea","local_time":"20201217171457","is_ascension_mode":false,"campfire_choices":[{"floor":1.0,"key":"RECALL"},{"data":"hexamod:Again","floor":8.0,"key":"SMITH"},{"floor":10.0,"key":"REST"},{"data":"hexamod:SpectralSpark","floor":18.0,"key":"SMITH"},{"floor":26,"key":"REST"},{"data":"hexamod:EmpoweredFlame","floor":35,"key":"SMITH"},{"data":"hexamod:ThermalTransfer","floor":37,"key":"SMITH"},{"data":"hexamod:EmpoweredFlame","floor":44,"key":"SMITH"}],"circlet_count":0,"master_deck":["hexamod:Strike","hexamod:Strike+1","hexamod:Defend+1","hexamod:Defend+1","hexamod:Defend","hexamod:Defend+1","hexamod:Sear","hexamod:Float+1","hexamod:Firestarter+1","hexamod:FirstSeal","hexamod:RadiantFlame","expansioncontent:DecasProtection+1","hexamod:Again+1","hexamod:ThirdSeal","hexamod:FlamesFromBeyond","hexamod:EmpoweredFlame+1","hexamod:SpectralSpark+1","hexamod:BurningTouch","hexamod:ThermalTransfer+1","hexamod:VolcanoVisage+1","hexamod:FlamesFromBeyond+1","hexamod:GhostOfSpirePresent+1","hexamod:PowerFromBeyond+1","hexamod:HeatShield+1","hexamod:Hexaguard","hexamod:FastForward","hexamod:WildfireWeapon+1","hexamod:SkipABeat+1","hexamod:RainOfEmbers+1","Writhe","hexamod:NightmareGuise+1","hexamod:HauntingEcho+1","hexamod:TimeWarp","hexamod:SixthSeal","hexamod:Hexaguard+1","hexamod:EmpoweredFlame+1","hexamod:Incineration+1","hexamod:TurnItUp","hexamod:GhostOfSpireFuture+1"],"relics":["hexamod:SpiritBrand","downfall:HeartBlessingRed","Pen Nib","downfall:ShatteredFragment","Philosopher\u0027s Stone","Incense Burner","MutagenicStrength","Shuriken","Question Card","Bird Faced Urn","downfall:RedIOU","Dream Catcher","SlaversCollar","downfall:HeartBlessingGreen","Whetstone","downfall:HeartBlessingBlue","Calipers"],"acts_visited":["Exordium","TheCity","TheBeyond"],"potions_floor_usage":[25,27,33,50],"damage_taken":[{"damage":0.0,"enemies":"Small Slimes","floor":2.0,"turns":3.0},{"damage":0.0,"enemies":"downfall:FleeingMerchant","floor":5.0,"turns":4.0},{"damage":5.0,"enemies":"Jaw Worm","floor":6.0,"turns":4.0},{"damage":28.0,"enemies":"3 Sentries","floor":9.0,"turns":11.0},{"damage":0.0,"enemies":"2 Louse","floor":12.0,"turns":2.0},{"damage":0.0,"enemies":"Blue Slaver","floor":13.0,"turns":3.0},{"damage":0.0,"enemies":"3 Louse","floor":14.0,"turns":5.0},{"damage":0.0,"enemies":"2 Fungi Beasts","floor":15.0,"turns":3.0},{"damage":13.0,"enemies":"downfall:Watcher","floor":16.0,"turns":7.0},{"damage":37.0,"enemies":"Gremlin Leader","floor":19.0,"turns":7.0},{"damage":0.0,"enemies":"Chosen","floor":21.0,"turns":3.0},{"damage":10,"enemies":"3 Cultists","floor":23,"turns":4},{"damage":19,"enemies":"Slavers","floor":25,"turns":5},{"damage":35,"enemies":"Book of Stabbing","floor":27,"turns":6},{"damage":0,"enemies":"Snecko","floor":28,"turns":3},{"damage":7,"enemies":"Shelled Parasite and Fungi","floor":32,"turns":4},{"damage":16,"enemies":"downfall:Defect","floor":33,"turns":6},{"damage":10,"enemies":"Orb Walker","floor":36,"turns":3},{"damage":5,"enemies":"3 Shapes","floor":38,"turns":8},{"damage":18,"enemies":"Reptomancer","floor":40,"turns":7},{"damage":29,"enemies":"Transient","floor":43,"turns":5},{"damage":17,"enemies":"Maw","floor":45,"turns":7},{"damage":24,"enemies":"Sphere and 2 Shapes","floor":46,"turns":6},{"damage":0,"enemies":"downfall:FleeingMerchant","floor":47,"turns":4},{"damage":3,"enemies":"3 Darklings","floor":48,"turns":4},{"damage":9,"enemies":"4 Shapes","floor":49,"turns":4},{"damage":24,"enemies":"downfall:Silent","floor":50,"turns":7}],"seed_played":"5836830567576004982","potions_obtained":[{"floor":2.0,"key":"Weak Potion"},{"floor":6.0,"key":"Weak Potion"},{"floor":12.0,"key":"PowerPotion"},{"floor":13.0,"key":"Guardian:BlockOnCardUsePotion"},{"floor":19.0,"key":"PowerPotion"},{"floor":25,"key":"Block Potion"},{"floor":28,"key":"LiquidBronze"},{"floor":32,"key":"Dexterity Potion"},{"floor":33,"key":"champ:CounterPotion"},{"floor":42,"key":"downfall:CursedFountainPotion"}],"is_trial":false,"path_per_floor":["R","M","?","?","$","M","T","R","E","R","?","M","M","M","M","B",null,"R","E","?","M","?","M","T","E","R","E","M","?","?","?","M","B",null,"R","M","R","M","?","E","T","?","M","R","M","M","$","M","M","B",null],"character_chosen":"THE_SPIRIT","items_purchased":["expansioncontent:DecasProtection","Calipers"],"campfire_rested":2,"item_purchase_floors":[5,47],"current_hp_per_floor":[70,70,70,63,63,65,65,65,44,65,44,51,58,65,70,64,70,70,40,40,47,47,44,44,32,53,25,29,29,29,29,28,31,70,70,69,69,70,70,65,65,65,61,71,80,62,77,79,80,73],"gold":48,"neow_bonus":"UPGRADE_CARD","is_daily":false,"chose_seed":false,"campfire_upgraded":5,"win_rate":0.0,"timestamp":1608243297,"path_taken":["R","M","?","?","?","M","T","R","E","R","?","M","M","?","M","BOSS","R","E","?","M","?","M","T","E","R","E","M","?","?","?","M","BOSS","R","M","R","M","?","E","T","?","?","R","M","M","$","M","M","BOSS"],"items_purchased_type":["Card","Relic"],"build_version":"2020-12-13","purchased_purges":1,"victory":true,"max_hp_per_floor":[70,70,70,70,70,70,70,70,70,70,70,70,70,70,70,70,70,70,70,70,70,70,70,70,70,70,70,70,70,70,70,70,70,70,70,70,70,70,70,70,70,70,70,80,80,80,80,80,80,80],"card_choices":[{"not_picked":["hexamod:GhostLash","hexamod:GhostShield"],"picked":"hexamod:Firestarter","floor":2.0},{"not_picked":["hexamod:ChargedBarrage","hexamod:SwordOfDarkness"],"picked":"hexamod:RadiantFlame","floor":5.0},{"not_picked":["hexamod:Firestarter","hexamod:BacktrackSmack"],"picked":"hexamod:Again","floor":6.0},{"not_picked":["hexamod:SwordOfDarkness","hexamod:RainOfEmbers"],"picked":"hexamod:ThirdSeal","floor":9.0},{"not_picked":["hexamod:SpectersWail","hexamod:InspiringFlames"],"picked":"hexamod:FlamesFromBeyond","floor":12.0},{"not_picked":["hexamod:Haunt","hexamod:ShieldOfDarkness"],"picked":"hexamod:EmpoweredFlame","floor":13.0},{"not_picked":["hexamod:SwordOfDarkness","hexamod:ApocalypseNow"],"picked":"hexamod:SpectralSpark","floor":13.0},{"not_picked":["hexamod:AdvancingGuard","hexamod:GhostLash"],"picked":"hexamod:BurningTouch","floor":14.0},{"not_picked":["hexamod:InspiringFlames","hexamod:Rewind","hexamod:ShieldOfDarkness"],"picked":"SKIP","floor":14.0},{"not_picked":["hexamod:ShieldOfDarkness","hexamod:NightmareGuise"],"picked":"hexamod:ThermalTransfer","floor":15.0},{"not_picked":["hexamod:GhostflameInferno","hexamod:TurnItUp"],"picked":"hexamod:VolcanoVisage","floor":16.0},{"not_picked":["hexamod:BacktrackSmack","hexamod:InspiringFlames"],"picked":"hexamod:FlamesFromBeyond+1","floor":19.0},{"not_picked":["hexamod:ApocalypticArmor","hexamod:StepThrough"],"picked":"hexamod:GhostOfSpirePresent+1","floor":19.0},{"not_picked":["hexamod:GhostLash+1","hexamod:BurningTouch"],"picked":"hexamod:PowerFromBeyond+1","floor":21.0},{"not_picked":["hexamod:Incineration+1","hexamod:GhostOfSpirePast"],"picked":"hexamod:HeatShield+1","floor":21.0},{"not_picked":["hexamod:HauntingEcho","hexamod:HeatShield"],"picked":"hexamod:Hexaguard","floor":23},{"not_picked":["hexamod:AdvancingGuard","hexamod:ThermalTransfer","hexamod:GhostOfSpirePresent"],"picked":"SKIP","floor":23},{"not_picked":["hexamod:Firestarter","hexamod:SpectersWail+1"],"picked":"hexamod:FastForward","floor":25},{"not_picked":["hexamod:RainOfEmbers","hexamod:Again"],"picked":"hexamod:WildfireWeapon","floor":25},{"not_picked":["hexamod:VolcanoVisage","hexamod:NightmareStrike","hexamod:InspiringFlames+1"],"picked":"hexamod:SkipABeat+1","floor":27},{"not_picked":["hexamod:BacktrackSmack+1","hexamod:PhantomCloak","hexamod:UnleashSpirits"],"picked":"hexamod:RainOfEmbers+1","floor":27},{"not_picked":["hexamod:BacktrackSmack","hexamod:FirstSeal","hexamod:PhantomFireball","hexamod:HeatMetal+1"],"picked":"SKIP","floor":28},{"not_picked":["hexamod:FastForward","hexamod:BacktrackSmack","hexamod:SpectersWail"],"picked":"hexamod:NightmareGuise","floor":32},{"not_picked":["hexamod:NightmareGuise","hexamod:GhostLash","hexamod:TimeWarp"],"picked":"hexamod:HauntingEcho+1","floor":32},{"not_picked":["hexamod:VolcanoVisage","hexamod:GhostflameInferno","hexamod:GiftsFromTheDead"],"picked":"hexamod:TimeWarp","floor":33},{"not_picked":["hexamod:VolcanoVisage","hexamod:ApocalypticArmor","hexamod:GiftsFromTheDead"],"picked":"hexamod:SixthSeal","floor":33},{"not_picked":["hexamod:SpectersWail","hexamod:ShieldOfDarkness","hexamod:GhostOfSpirePast+1"],"picked":"hexamod:Hexaguard+1","floor":36},{"not_picked":["hexamod:GhostLash+1","hexamod:AdvancingGuard+1","hexamod:Rewind","hexamod:ExtraCrispy"],"picked":"SKIP","floor":38},{"not_picked":["hexamod:Hexaguard+1","hexamod:SpectralAdrenaline","hexamod:BacktrackSmack+1","hexamod:GhostflameBarrier"],"picked":"SKIP","floor":38},{"not_picked":["hexamod:HauntingEcho","hexamod:GhostShield","hexamod:FastForward"],"picked":"hexamod:EmpoweredFlame","floor":40},{"not_picked":["hexamod:NightmareStrike+1","hexamod:FirstSeal","hexamod:EmpoweringStance","hexamod:SpectersWail"],"picked":"SKIP","floor":40},{"not_picked":["hexamod:NightmareStrike","hexamod:SecondSeal","hexamod:Rewind+1"],"picked":"hexamod:Incineration+1","floor":43},{"not_picked":["hexamod:BurningTouch","hexamod:InspiringFlames","hexamod:RetreatToShadows","hexamod:BacktrackSmack+1"],"picked":"SKIP","floor":43},{"not_picked":["hexamod:GhostShield+1","hexamod:SpectersWail+1","hexamod:Firestarter","hexamod:FastForward+1"],"picked":"SKIP","floor":45},{"not_picked":["hexamod:ShieldOfDarkness+1","hexamod:RecurringNightmare+1","hexamod:RainOfEmbers","hexamod:GhostShield"],"picked":"SKIP","floor":45},{"not_picked":["hexamod:Again+1","hexamod:ThermalTransfer","hexamod:InspiringFlames"],"picked":"hexamod:TurnItUp","floor":46},{"not_picked":["hexamod:SecondSeal","hexamod:Rewind","hexamod:SuperheatedStrike","hexamod:FirstSeal"],"picked":"SKIP","floor":46},{"not_picked":["hexamod:PhantomFireball","hexamod:BurningTouch+1","hexamod:ThermalTransfer+1","hexamod:Hexaguard+1"],"picked":"SKIP","floor":47},{"not_picked":["hexamod:Again+1","hexamod:Rewind+1","hexamod:Hexaguard","hexamod:ShieldOfDarkness"],"picked":"SKIP","floor":48},{"not_picked":["hexamod:SpectralSpark+1","hexamod:Again+1","hexamod:NightmareStrike+1"],"picked":"hexamod:GhostOfSpireFuture+1","floor":49}],"player_experience":1710384,"relics_obtained":[{"floor":7.0,"key":"Anchor"},{"floor":9.0,"key":"Pen Nib"},{"floor":19.0,"key":"Incense Burner"},{"floor":24,"key":"Shuriken"},{"floor":25,"key":"Question Card"},{"floor":27,"key":"Bird Faced Urn"},{"floor":40,"key":"Whetstone"}],"event_choices":[{"damage_healed":0.0,"max_hp_gain":0.0,"max_hp_loss":0.0,"gold_gain":0.0,"event_name":"Drug Dealer","player_choice":"Inject Mutagens","floor":20.0,"gold_loss":0.0,"damage_taken":0.0,"relics_obtained":["MutagenicStrength"]},{"damage_healed":0,"gold_gain":0,"player_choice":"Ignored","damage_taken":0,"max_hp_gain":0,"max_hp_loss":0,"event_name":"Vampires","floor":30,"gold_loss":0}],"is_beta":false,"boss_relics":[{"not_picked":["hexamod:IceCube","expansioncontent:StudyCardRelic"],"picked":"Philosopher\u0027s Stone"},{"not_picked":["Sozu","Snecko Eye"],"picked":"SlaversCollar"}],"items_purged_floors":[47],"is_endless":false,"potions_floor_spawned":[2,6,12,13,15,19,25,28,32,33,38,40,48],"ascension_level":0}}