{"host":"Crutt","time":1608183895,"event":{"mods":["2.2 Compatiblity","Aspiration","Bard","BaseMod","Better Altar","Better Skull","Better Third Choice","Googly Eyes","Hermit","Jedi Mod","Jorbs\u0027s Wanderer Trilogy","Minty Spire (QoL Compilation)","Optimize The Spire","Potionbrewer","Spicy Shops","StSLib","The Construct","The Cursed","The Disciple","The Hierophant","The Runesmith","The Showman","The Witch","thorton","vexMod"],"gold_per_floor":[112,12,28,103,116,116,16,16,39,80,168,145,157,157],"floor_reached":13,"playtime":452,"items_purged":["stsjorbsmod:Amnesia"],"score":154,"play_id":"c6f66d58-0b09-445b-9913-22d8a599578c","local_time":"20201216234455","is_ascension_mode":true,"campfire_choices":[{"data":"TheCursedMod:Torture","floor":6,"key":"SMITH"},{"data":"TheCursedMod:Hemoplague","floor":8,"key":"SMITH"}],"circlet_count":0,"master_deck":["AscendersBane","TheCursedMod:Strike_TheCursed","TheCursedMod:Strike_TheCursed","TheCursedMod:Strike_TheCursed","TheCursedMod:Defend_TheCursed","TheCursedMod:Defend_TheCursed","TheCursedMod:Defend_TheCursed","TheCursedMod:CursedWand","TheCursedMod:CleanUpWorkshop","TheCursedMod:Dregs","TheCursedMod:Mangle","TheCursedMod:ReleasedStrength","TheCursedMod:CircleOfCorruption","TheCursedMod:Hemoplague+1","TheCursedMod:RavingStaff","TheCursedMod:CursedMace","TheCursedMod:Torture+1","TheCursedMod:CursedAmulet","TheCursedMod:CursedAmulet"],"relics":["TheCursedMod:BlackMagic101","MawBank","vexMod:RedPlottingStone"],"acts_visited":["Exordium"],"potions_floor_usage":[10],"damage_taken":[{"damage":2,"enemies":"Small Slimes","floor":1,"turns":4},{"damage":7,"enemies":"2 Louse","floor":3,"turns":3},{"damage":1,"enemies":"Cultist","floor":5,"turns":4},{"damage":41,"enemies":"3 Sentries","floor":10,"turns":8},{"damage":23,"enemies":"Gremlin Nob","floor":13,"turns":3}],"seed_played":"-908104059879352840","potions_obtained":[{"floor":3,"key":"Strength Potion"}],"is_trial":false,"path_per_floor":["M","$","M","?","M","R","$","R","T","E","?","?","E"],"character_chosen":"THE_CURSED","items_purchased":["TheCursedMod:Hemoplague","TheCursedMod:RavingStaff","TheCursedMod:CursedAmulet"],"campfire_rested":0,"item_purchase_floors":[2,2,7],"current_hp_per_floor":[62,62,55,44,43,43,43,43,43,2,2,19,0,0],"gold":157,"neow_bonus":"TRANSFORM_TWO_CARDS","is_daily":false,"chose_seed":false,"campfire_upgraded":2,"win_rate":0.0,"timestamp":1608183895,"path_taken":["M","$","M","?","M","R","$","R","T","E","?","?","E"],"items_purchased_type":["Card","Card","Card"],"build_version":"2020-12-07","purchased_purges":1,"victory":false,"max_hp_per_floor":[71,71,71,71,71,71,71,71,71,71,71,71,71,71],"card_choices":[{"not_picked":["TheCursedMod:ReleasedKnowledge","TheCursedMod:SpitefulPray"],"picked":"TheCursedMod:CircleOfCorruption","floor":1},{"not_picked":["TheCursedMod:SpitefulStrike","TheCursedMod:Stretching"],"picked":"TheCursedMod:CursedMace","floor":3},{"not_picked":["TheCursedMod:DarkBarrier","TheCursedMod:HellsGateOpen"],"picked":"TheCursedMod:Torture","floor":5},{"not_picked":["TheCursedMod:CursedShiv","TheCursedMod:Stretching"],"picked":"TheCursedMod:CursedAmulet","floor":10}],"player_experience":3582012,"relics_obtained":[{"floor":9,"key":"MawBank"},{"floor":10,"key":"vexMod:RedPlottingStone"}],"event_choices":[{"damage_healed":0,"gold_gain":75,"player_choice":"Gold","damage_taken":11,"max_hp_gain":0,"max_hp_loss":0,"event_name":"betterThird:BetterGoop","floor":4,"gold_loss":0},{"damage_healed":0,"gold_gain":76,"player_choice":"Gained Gold","damage_taken":0,"max_hp_gain":0,"max_hp_loss":0,"event_name":"Golden Wing","floor":11,"gold_loss":0},{"damage_healed":17,"gold_gain":0,"player_choice":"Healed","damage_taken":0,"max_hp_gain":0,"max_hp_loss":0,"event_name":"The Cleric","floor":12,"gold_loss":35}],"is_beta":true,"boss_relics":[],"items_purged_floors":[7],"is_endless":false,"potions_floor_spawned":[3],"killed_by":"Gremlin Nob","ascension_level":18}}