{"host":"h2kd9fh9k05klpg6","time":1608181580,"event":{"mods":["AchievementEnabler","Act Like it!","BaseMod","Better Third Choice","BetterRewards","Card Forge","Minty Spire (QoL Compilation)","Permanent Neow","Quick Restart","Replay The Spire","StSLib"],"gold_per_floor":[111,186,186,186,200,200,228,228,228,243,418,106,133,163,163,259,259,269,269,121,161,101,131,158,184,257,280,312,2,2,16,16,16,16],"floor_reached":33,"playtime":2265,"items_purged":[],"score":558,"play_id":"16e88a87-d5ea-4d05-a4ca-c991f716ba19","local_time":"20201217000620","is_ascension_mode":true,"campfire_choices":[{"floor":6,"key":"REST"},{"floor":15,"key":"RECALL"},{"floor":30,"key":"REST"},{"floor":32,"key":"REST"}],"circlet_count":0,"master_deck":["Entrench+1","Ghostly Armor+1","Iron Wave+1","Metallicize+1","Pummel+1","Thunderclap+1","Twin Strike+1","Pummel+1","ReplayTheSpireMod:Stacked+1","Metallicize+1","ReplayUltimateDefense+1"],"relics":["Hammer of Thor","Seething Fire","Anvil of the Gods","Busted Crown","InkBottle","MealTicket","Paper Frog","WingedGreaves","Juzu Bracelet","Incense Burner","Replay:Ancient Bell","Vajra","Replay:Bottled Flurry","Replay:Kaleidoscope","CultistMask","Pet Ghost","Replay:Bottled Steam","Anchor","Red Mask","Bird Faced Urn","Darkstone Periapt","Bag of Preparation","Blue Doll","Ice Cream"],"acts_visited":["Exordium","TheCity"],"potions_floor_usage":[16,24,33,33,33],"damage_taken":[{"damage":0,"enemies":"Small Slimes","floor":1,"turns":2},{"damage":0,"enemies":"Jaw Worm","floor":5,"turns":3},{"damage":2,"enemies":"3 Sentries","floor":7,"turns":10},{"damage":0,"enemies":"2 Louse","floor":10,"turns":2},{"damage":0,"enemies":"Lagavulin","floor":13,"turns":5},{"damage":0,"enemies":"3 Sentries","floor":14,"turns":7},{"damage":0,"enemies":"The Guardian","floor":16,"turns":10},{"damage":0,"enemies":"3 Byrds","floor":18,"turns":5},{"damage":2,"enemies":"Book of Stabbing","floor":23,"turns":5},{"damage":0,"enemies":"Masked Bandits","floor":24,"turns":5},{"damage":0,"enemies":"Replay:Snechameleon","floor":25,"turns":6},{"damage":0,"enemies":"Slavers","floor":28,"turns":7},{"damage":0,"enemies":"Chosen","floor":31,"turns":4},{"damage":17,"enemies":"Collector","floor":33,"turns":14}],"seed_played":"-6130392326925315168","potions_obtained":[{"floor":13,"key":"LiquidBronze"},{"floor":14,"key":"SpeedPotion"},{"floor":16,"key":"Dexterity Potion"},{"floor":21,"key":"Cursed Concoction"},{"floor":23,"key":"ColorlessPotion"},{"floor":28,"key":"Explosive Potion"},{"floor":31,"key":"EssenceOfSteel"}],"is_trial":false,"path_per_floor":["M","?","?","?","M","R","E","?","T","M","?","$","E","E","R","B",null,"M","?","$","?","?","E","?","E","T","T","E","$","R","M","R","B"],"character_chosen":"IRONCLAD","items_purchased":["WingedGreaves","Pet Ghost","Ice Cream"],"campfire_rested":3,"item_purchase_floors":[12,20,29],"current_hp_per_floor":[80,69,69,69,69,80,78,72,72,72,72,80,80,80,80,80,80,80,80,80,80,80,78,78,78,78,78,80,80,80,80,80,63,63],"gold":16,"neow_bonus":"BOSS_RELIC","is_daily":false,"chose_seed":false,"campfire_upgraded":0,"win_rate":0.0,"timestamp":1608181580,"path_taken":["M","?","?","?","M","R","E","?","T","?","?","$","E","E","R","BOSS","M","?","$","?","?","E","?","E","T","?","E","$","R","M","R","BOSS"],"items_purchased_type":["Relic","Relic","Relic"],"build_version":"2020-12-13","purchased_purges":0,"victory":false,"max_hp_per_floor":[80,80,80,80,80,80,80,80,80,80,80,80,80,80,80,80,80,80,80,80,80,80,80,80,80,80,80,80,80,80,80,80,80,80],"card_choices":[{"not_picked":["Cleave"],"picked":"SKIP","floor":1},{"not_picked":["Wild Strike"],"picked":"SKIP","floor":5},{"not_picked":["Cleave"],"picked":"SKIP","floor":7},{"not_picked":["True Grit"],"picked":"SKIP","floor":10},{"not_picked":["Anger"],"picked":"SKIP","floor":13},{"not_picked":["Feel No Pain"],"picked":"SKIP","floor":14},{"not_picked":[],"picked":"Normality","floor":17},{"not_picked":[],"picked":"CommonCold","floor":17},{"not_picked":[],"picked":"Shame","floor":17},{"not_picked":["True Grit+1"],"picked":"SKIP","floor":18},{"not_picked":["Reckless Charge+1"],"picked":"SKIP","floor":23},{"not_picked":["Armaments"],"picked":"SKIP","floor":25},{"not_picked":["ReplayTheSpireMod:Strike From Hell"],"picked":"SKIP","floor":28},{"not_picked":["Corruption"],"picked":"SKIP","floor":31}],"player_experience":432734,"relics_obtained":[{"floor":7,"key":"InkBottle"},{"floor":13,"key":"Juzu Bracelet"},{"floor":14,"key":"Incense Burner"},{"floor":21,"key":"Replay:Bottled Steam"},{"floor":23,"key":"Anchor"},{"floor":24,"key":"Red Mask"},{"floor":25,"key":"Bird Faced Urn"},{"floor":26,"key":"Darkstone Periapt"},{"floor":27,"key":"Bag of Preparation"},{"floor":28,"key":"Blue Doll"}],"event_choices":[{"damage_healed":0,"gold_gain":75,"player_choice":"Gold","damage_taken":11,"max_hp_gain":0,"max_hp_loss":0,"event_name":"betterThird:BetterGoop","floor":2,"gold_loss":0},{"damage_healed":0,"gold_gain":1,"player_choice":"Relic Relic ","damage_taken":6,"max_hp_gain":0,"max_hp_loss":0,"event_name":"betterThird:BetterScrap","floor":8,"gold_loss":0,"cards_obtained":["Fusion"]},{"damage_healed":0,"gold_gain":175,"player_choice":"AGREE","damage_taken":243,"max_hp_gain":0,"max_hp_loss":0,"event_name":"betterThird:BetterSerpent","floor":11,"gold_loss":0},{"damage_healed":0,"gold_gain":0,"player_choice":"Trade","damage_taken":0,"relics_obtained":["CultistMask"],"max_hp_gain":0,"max_hp_loss":0,"event_name":"FaceTrader","floor":19,"gold_loss":0},{"damage_healed":0,"gold_gain":0,"player_choice":"Fought Bandits","damage_taken":0,"max_hp_gain":0,"max_hp_loss":0,"event_name":"Masked Bandits","floor":24,"gold_loss":0}],"is_beta":false,"boss_relics":[{"not_picked":["Kintsugi","Ectoplasm"],"picked":"Replay:Ancient Bell"},{"not_picked":["Red Skull","Replay:Bandana"],"picked":"Vajra"},{"not_picked":["Question Card","Quantum Egg"],"picked":"Replay:Bottled Flurry"},{"not_picked":["Shovel","Pondfish Scales"],"picked":"Replay:Kaleidoscope"}],"items_purged_floors":[],"is_endless":false,"potions_floor_spawned":[13,14,16,23,28,31],"killed_by":"Collector","ascension_level":4}}