{"host":"syfd7bej9fmvsdy8","time":1608248725,"event":{"mods":["Act Like it!","BaseMod","BetterRewards","Colored Map","Colored Powertips","Downfall","Elementarium","Gensokyo","Hallownest","Hubris","Infinite Spire","Minty Spire (QoL Compilation)","Quick Restart","Rare Cards Sparkle","Replay The Spire","Shade Mod","Shop Mod","Spikes Relics","StSLib"],"gold_per_floor":[99,99,99,99,128,128,153,166,176,176,10,29,14,14,24,24,24],"floor_reached":16,"playtime":661,"items_purged":[],"score":123,"play_id":"beec0176-f209-4bbf-9841-3670e8e62f8a","local_time":"20201217234525","is_ascension_mode":false,"campfire_choices":[{"floor":1,"key":"RECALL"},{"data":"champ:Taunt","floor":3,"key":"SMITH"},{"data":"champ:TornadoPunch","floor":10,"key":"SMITH"}],"circlet_count":0,"master_deck":["champ:Strike","champ:Strike","champ:Strike","champ:Defend","champ:Defend","champ:Defend","champ:Execute","champ:Taunt+1","champ:BladeFlurry","champ:AdrenalArmor","champ:Lariat","champ:TornadoPunch+1","champ:FanOfKnives","champ:DefensiveShout","champ:FlashCut","champ:FaceSlap","champ:FocusedGladiator","champ:DeathBlow","champ:LastStand","champ:FaceSlap"],"relics":["champ:ChampionCrown","downfall:HeartsMalice","Bottled Flame"],"acts_visited":["Exordium"],"potions_floor_usage":[11,15,16],"damage_taken":[{"damage":0,"enemies":"Small Slimes","floor":2,"turns":1},{"damage":0,"enemies":"Cultist","floor":4,"turns":1},{"damage":0,"enemies":"3 Sentries","floor":5,"turns":1},{"damage":20,"enemies":"Jaw Worm","floor":8,"turns":6},{"damage":48,"enemies":"Exordium Thugs","floor":9,"turns":6},{"damage":2,"enemies":"downfall:FleeingMerchant","floor":11,"turns":4},{"damage":8,"enemies":"3 Louse","floor":12,"turns":3},{"damage":36,"enemies":"downfall:FleeingMerchant","floor":13,"turns":4},{"damage":0,"enemies":"Gremlin Gang","floor":15,"turns":1},{"damage":41,"enemies":"downfall:Defect","floor":16,"turns":3}],"seed_played":"-4284652405874128321","potions_obtained":[{"floor":5,"key":"LifebloodPotion"},{"floor":12,"key":"ColorlessPotion"},{"floor":15,"key":"infinitespire:BlackPotion"}],"is_trial":false,"path_per_floor":["R","M","R","M","E","?","T","M","M","R","$","M","$","?","M","B"],"character_chosen":"THE_CHAMP","items_purchased":["champ:FlashCut","champ:FaceSlap","champ:FocusedGladiator"],"campfire_rested":0,"item_purchase_floors":[11,11,11],"current_hp_per_floor":[90,90,90,90,90,90,90,84,49,49,54,48,39,39,39,0,0],"gold":24,"neow_bonus":"THREE_ENEMY_KILL","is_daily":false,"chose_seed":false,"campfire_upgraded":2,"win_rate":0.0,"timestamp":1608248725,"path_taken":["R","M","R","M","E","?","T","M","M","R","$","?","$","?","M","BOSS"],"items_purchased_type":["Card","Card","Card"],"build_version":"2020-12-13","purchased_purges":0,"victory":false,"max_hp_per_floor":[90,90,90,90,90,90,90,90,90,90,90,90,90,90,90,90,90],"card_choices":[{"not_picked":["champ:DefensiveShout","champ:BerserkersShout"],"picked":"champ:BladeFlurry","floor":2},{"not_picked":["champ:StanceDance","champ:FocusedGladiator"],"picked":"champ:AdrenalArmor","floor":4},{"not_picked":["champ:Backstep","champ:Devastate"],"picked":"champ:Lariat","floor":5},{"not_picked":["champ:BladeFlurry","champ:DefensiveShout"],"picked":"champ:TornadoPunch","floor":8},{"not_picked":["champ:GladiatorsShout","champ:PreciseThrust"],"picked":"champ:FanOfKnives","floor":9},{"not_picked":["champ:Devastate","champ:IronFortress"],"picked":"champ:DefensiveShout","floor":11},{"not_picked":["champ:FaceSlap","champ:GladiatorsShout"],"picked":"champ:DeathBlow","floor":12},{"not_picked":["champ:FalseCounter","champ:Lariat"],"picked":"champ:LastStand","floor":13},{"not_picked":["champ:BladeFlurry","champ:DeathBlow"],"picked":"champ:FaceSlap","floor":15}],"player_experience":171497,"relics_obtained":[{"floor":5,"key":"Bottled Flame"}],"event_choices":[{"cards_removed":["champ:Defend"],"damage_healed":0,"gold_gain":0,"player_choice":"Offered Basic","damage_taken":0,"max_hp_gain":0,"max_hp_loss":0,"event_name":"Bonfire Elementals","floor":6,"gold_loss":0},{"cards_removed":["champ:Strike"],"damage_healed":0,"gold_gain":0,"player_choice":"Card Removal","damage_taken":0,"max_hp_gain":0,"max_hp_loss":0,"event_name":"The Cleric","floor":14,"gold_loss":0}],"is_beta":false,"boss_relics":[],"items_purged_floors":[],"is_endless":false,"potions_floor_spawned":[5,12,15],"killed_by":"downfall:Defect","ascension_level":0}}