{"host":"3qkmyeoym75lj4wn","time":1608229895,"event":{"mods":["2.2 Compatiblity","BaseMod","Block Reminder","Colored Powertips","Downfall","Highlight Path","Minty Spire (QoL Compilation)","Permanent Neow","Potion Indicator Mod","Rare Cards Sparkle","Relic Stats","StSLib"],"gold_per_floor":[99,59,59,88,106,31,31,31,44,73,92,267,105,123,123,225,225,150,150,168,168,178,197,197,211,223,223,22,7,7,0,19,118,118,118,135,94,94,24,40,40,40,69,69,83,103,114,114,131,131],"floor_reached":51,"playtime":5577,"items_purged":["Doubt","Guardian:Strike_Guardian"],"score":689,"play_id":"e76a2b38-8e50-48fc-a07d-84aad111fcf1","local_time":"20201217183135","is_ascension_mode":false,"campfire_choices":[{"floor":1,"key":"RECALL"},{"data":"Guardian:SentryBeam","floor":6,"key":"SMITH"},{"data":"Guardian:PiercingHide","floor":8,"key":"SMITH"},{"data":"Guardian:Repulse","floor":18,"key":"SMITH"},{"data":"Guardian:BaubleBeam","floor":21,"key":"SMITH"},{"floor":27,"key":"REST"},{"data":"Guardian:BronzeArmor","floor":35,"key":"SMITH"},{"data":"Guardian:ExploitGems","floor":42,"key":"SMITH"},{"data":"1","floor":44,"key":"LIFT"}],"circlet_count":0,"master_deck":["Guardian:Strike_Guardian","Guardian:Strike_Guardian","Guardian:Defend_Guardian","Guardian:Defend_Guardian","Guardian:Defend_Guardian","Guardian:Defend_Guardian","Guardian:CurlUp","Guardian:SentryBeam+1","Guardian:PiercingHide+1","Guardian:TemporalStrike","Guardian:BaubleBeam","Guardian:Repulse+1","Guardian:DecasProtection","Guardian:ExploitGems+1","Guardian:SpikerProtocol","Guardian:BaubleBeam+1","Injury","Guardian:ShieldSpikes","Guardian:BronzeArmor+1","Guardian:TemporalShield+1","Guardian:ExploitGems","Guardian:SpikerProtocol+1","Guardian:PrismaticBarrier+1","hexamod:Haunted","Guardian:DecasProtection+1","Parasite","Guardian:BronzeArmor+1","expansioncontent:DefensiveStance","Guardian:SpikerProtocol"],"relics":["Guardian:ModeShifter","Regal Pillow","downfall:HeartBlessingRed","Gremlin Horn","Strawberry","Orrery","Cursed Key","downfall:HeartBlessingGreen","The Courier","Vajra","Guardian:StasisSlotReductionRelic","MealTicket","Girya"],"acts_visited":["Exordium","TheCity","TheBeyond"],"potions_floor_usage":[15,33,43,50],"damage_taken":[{"damage":8,"enemies":"downfall:FleeingMerchant","floor":2,"turns":4},{"damage":10,"enemies":"Lagavulin","floor":4,"turns":9},{"damage":9,"enemies":"Cultist","floor":5,"turns":5},{"damage":0,"enemies":"Jaw Worm","floor":9,"turns":2},{"damage":20,"enemies":"Gremlin Nob","floor":10,"turns":5},{"damage":0,"enemies":"2 Louse","floor":11,"turns":2},{"damage":10,"enemies":"downfall:FleeingMerchant","floor":13,"turns":4},{"damage":0,"enemies":"2 Fungi Beasts","floor":14,"turns":1},{"damage":0,"enemies":"Red Slaver","floor":15,"turns":1},{"damage":10,"enemies":"downfall:Watcher","floor":16,"turns":10},{"damage":4,"enemies":"3 Byrds","floor":20,"turns":3},{"damage":14,"enemies":"Centurion and Healer","floor":22,"turns":7},{"damage":9,"enemies":"Snake Plant","floor":23,"turns":3},{"damage":11,"enemies":"Snecko","floor":25,"turns":6},{"damage":10,"enemies":"Shelled Parasite and Fungi","floor":26,"turns":3},{"damage":11,"enemies":"downfall:FleeingMerchant","floor":28,"turns":4},{"damage":0,"enemies":"downfall:FleeingMerchant","floor":29,"turns":4},{"damage":14,"enemies":"downfall:FleeingMerchant","floor":31,"turns":4},{"damage":0,"enemies":"Cultist and Chosen","floor":32,"turns":7},{"damage":5,"enemies":"downfall:Defect","floor":33,"turns":9},{"damage":2,"enemies":"Orb Walker","floor":36,"turns":4},{"damage":0,"enemies":"downfall:FleeingMerchant","floor":37,"turns":2},{"damage":17,"enemies":"3 Darklings","floor":40,"turns":6},{"damage":0,"enemies":"Giant Head","floor":43,"turns":8},{"damage":0,"enemies":"Maw","floor":45,"turns":7},{"damage":10,"enemies":"Spire Growth","floor":46,"turns":5},{"damage":7,"enemies":"Writhing Mass","floor":47,"turns":5},{"damage":0,"enemies":"Jaw Worm Horde","floor":49,"turns":5},{"damage":10,"enemies":"downfall:Ironclad","floor":50,"turns":16}],"seed_played":"8239903277550085196","potions_obtained":[{"floor":4,"key":"SmokeBomb"},{"floor":16,"key":"CultistPotion"},{"floor":22,"key":"sneckomod:MuddlingPotion"},{"floor":26,"key":"FairyPotion"},{"floor":30,"key":"downfall:CursedFountainPotion"},{"floor":40,"key":"PowerPotion"},{"floor":46,"key":"SkillPotion"}],"is_trial":false,"path_per_floor":["R","$","?","E","M","R","T","R","M","E","M","?","$","M","M","B",null,"R","?","M","R","M","M","T","M","M","R","$","$","?","$","M","B",null,"R","M","$","?","$","M","T","R","E","R","M","M","M","?","M","B",null],"character_chosen":"GUARDIAN","items_purchased":["Guardian:PiercingHide","Orrery","Vajra","Guardian:Gem_Red","Guardian:Gem_Synthetic","Guardian:Gem_Red","MealTicket","Guardian:Gem_Blue","PowerPotion"],"campfire_rested":1,"item_purchase_floors":[2,13,28,37,37,37,37,39,39],"current_hp_per_floor":[80,72,72,62,53,53,53,53,53,40,40,40,30,30,30,20,87,87,87,83,83,69,60,60,49,39,80,69,69,69,55,55,50,87,87,85,85,85,87,70,70,70,70,70,70,60,53,53,53,43],"gold":131,"neow_bonus":"ONE_RANDOM_RARE_CARD","is_daily":false,"chose_seed":false,"campfire_upgraded":6,"win_rate":0.0,"timestamp":1608229895,"path_taken":["R","?","?","E","M","R","T","R","M","E","?","?","$","M","M","BOSS","R","?","M","R","M","M","T","M","M","R","$","$","?","$","M","BOSS","R","M","$","?","$","M","T","R","E","R","M","M","M","?","M","BOSS"],"items_purchased_type":["Card","Relic","Relic","Card","Card","Card","Relic","Card","Potion"],"build_version":"2020-12-13","purchased_purges":2,"victory":true,"max_hp_per_floor":[80,80,80,80,80,80,80,80,80,87,87,87,87,87,87,87,87,87,87,87,87,87,87,87,87,87,87,87,87,87,87,87,87,87,87,87,87,87,87,87,87,87,87,87,87,87,87,87,87,87],"relic_stats":{"Regal Pillow":15,"Gremlin Horn":[9,9],"counters":[29,151],"MealTicket":2,"Cursed Key":2,"obtain_stats":[{"Girya":43,"Regal Pillow":4,"Guardian:StasisSlotReductionRelic":34,"downfall:HeartBlessingRed":6,"Gremlin Horn":7,"Guardian:ModeShifter":0,"Vajra":28,"downfall:HeartBlessingGreen":18,"The Courier":24,"Cursed Key":17,"Strawberry":10,"Orrery":13,"MealTicket":37},{"Girya":24,"Regal Pillow":2,"Guardian:StasisSlotReductionRelic":20,"downfall:HeartBlessingRed":3,"Gremlin Horn":3,"Guardian:ModeShifter":0,"Vajra":16,"downfall:HeartBlessingGreen":10,"The Courier":13,"Cursed Key":10,"Strawberry":5,"Orrery":7,"MealTicket":22},{"Girya":113,"Regal Pillow":13,"Guardian:StasisSlotReductionRelic":93,"downfall:HeartBlessingRed":18,"Gremlin Horn":18,"Guardian:ModeShifter":0,"Vajra":69,"downfall:HeartBlessingGreen":43,"The Courier":56,"Cursed Key":43,"Strawberry":25,"Orrery":31,"MealTicket":99}]},"card_choices":[{"not_picked":["Guardian:ShieldSpikes","Guardian:TemporalShield"],"picked":"Guardian:SentryBeam","floor":2},{"not_picked":["Guardian:ChargeUp","Guardian:TemporalStrike"],"picked":"Guardian:Gem_Lightblue","floor":4},{"not_picked":["Guardian:SentryBeam","Guardian:RollAttack"],"picked":"Guardian:Gem_Green","floor":5},{"not_picked":["Guardian:Emergency","Guardian:Suspension"],"picked":"Guardian:TemporalStrike","floor":9},{"not_picked":["Guardian:PiercingHide","Guardian:Gem_Orange"],"picked":"Guardian:BaubleBeam","floor":10},{"not_picked":["Guardian:Recover","Guardian:Suspension"],"picked":"Guardian:Gem_Purple","floor":11},{"not_picked":["Guardian:PrismaticBarrier","Guardian:GuardianWhirl","Guardian:WalkerClaw"],"picked":"SKIP","floor":13},{"not_picked":["Guardian:RollAttack","Guardian:TemporalStrike"],"picked":"Guardian:Repulse","floor":13},{"not_picked":["Guardian:StasisStrike","Guardian:TimeCapacitor"],"picked":"Guardian:Gem_Cyan","floor":13},{"not_picked":["Guardian:BronzeArmor","Guardian:TimeSifter"],"picked":"Guardian:Gem_Red","floor":13},{"not_picked":["Guardian:Reroute","Guardian:Incinerate"],"picked":"Guardian:DecasProtection","floor":13},{"not_picked":["Guardian:TemporalStrike","Guardian:Repulse"],"picked":"Guardian:ExploitGems","floor":13},{"not_picked":["Guardian:Recover","Guardian:DecasProtection"],"picked":"Guardian:SpikerProtocol","floor":14},{"not_picked":["Guardian:StasisField","Guardian:TimeSifter"],"picked":"Guardian:BaubleBeam","floor":16},{"not_picked":["Guardian:Harden","Guardian:Planning"],"picked":"Guardian:Gem_Lightblue","floor":20},{"not_picked":["Guardian:PrimingBeam","Guardian:Preprogram"],"picked":"Guardian:Gem_Crimson","floor":22},{"not_picked":["Guardian:PrismaticBarrier","Guardian:Planning"],"picked":"Guardian:Gem_Lightblue","floor":23},{"not_picked":["Guardian:RollAttack","Guardian:Planning+1","Guardian:EvasiveProtocol+1"],"picked":"SKIP","floor":25},{"not_picked":["Guardian:ChargeCore","Guardian:GuardianWhirl","Guardian:Preprogram"],"picked":"SKIP","floor":26},{"not_picked":["Guardian:Gem_Cyan","Guardian:MultiBeam"],"picked":"Guardian:ShieldSpikes","floor":28},{"not_picked":["Guardian:TemporalShield","Guardian:Gem_Orange"],"picked":"Guardian:BronzeArmor","floor":29},{"not_picked":["Guardian:PiercingHide","Guardian:Harden"],"picked":"Guardian:TemporalShield+1","floor":31},{"not_picked":["Guardian:TemporalStrike+1","Guardian:ShieldSpikes","Guardian:Gem_Crimson"],"picked":"SKIP","floor":32},{"not_picked":["Guardian:TimeSifter","Guardian:Gem_Orange"],"picked":"Guardian:ExploitGems","floor":33},{"not_picked":["Guardian:Incinerate","Guardian:WalkerClaw+1"],"picked":"Guardian:SpikerProtocol+1","floor":36},{"not_picked":["Guardian:Gem_Red","Guardian:PrimingBeam+1"],"picked":"Guardian:PrismaticBarrier+1","floor":37},{"not_picked":["Guardian:RollAttack","Guardian:VentSteam"],"picked":"Guardian:Gem_Lightblue","floor":40},{"not_picked":["Guardian:TemporalStrike+1","Guardian:BronzeOrb+1"],"picked":"Guardian:DecasProtection+1","floor":43},{"not_picked":["Guardian:GuardianWhirl+1","Guardian:Preprogram+1","Guardian:Gem_Purple"],"picked":"SKIP","floor":45},{"not_picked":["Guardian:SpikerProtocol+1","Guardian:ChargeUp+1","Guardian:Preprogram"],"picked":"SKIP","floor":46},{"not_picked":["Guardian:ExploitGems","Guardian:Gem_Green"],"picked":"Guardian:BronzeArmor+1","floor":47},{"not_picked":["expansioncontent:GoopSpray","expansioncontent:HyperBeam"],"picked":"expansioncontent:DefensiveStance","floor":48},{"not_picked":["Guardian:Gem_Red","Guardian:Incinerate+1"],"picked":"Guardian:SpikerProtocol","floor":49}],"player_experience":1598439,"relics_obtained":[{"floor":4,"key":"Regal Pillow"},{"floor":7,"key":"Gremlin Horn"},{"floor":10,"key":"Strawberry"},{"floor":24,"key":"The Courier"},{"floor":43,"key":"Girya"}],"event_choices":[{"damage_healed":0,"gold_gain":0,"player_choice":"Ignored","damage_taken":0,"max_hp_gain":0,"max_hp_loss":0,"event_name":"NoteForYourself","floor":3,"gold_loss":0},{"cards_removed":["Guardian:HyperBeam_Guardian"],"damage_healed":0,"gold_gain":0,"player_choice":"Removed Attack","damage_taken":0,"max_hp_gain":0,"max_hp_loss":0,"event_name":"Falling","floor":38,"gold_loss":0}],"is_beta":false,"boss_relics":[{"not_picked":["Sozu","Snecko Eye"],"picked":"Cursed Key"},{"not_picked":["Black Star","Guardian:ModeShifterPlus"],"picked":"Guardian:StasisSlotReductionRelic"}],"items_purged_floors":[28,37],"is_endless":false,"potions_floor_spawned":[4,15,16,22,26,32,40,46,49],"ascension_level":0}}