{"host":"k5dhp0bkccqfauyu","time":1608180929,"event":{"mods":["BaseMod","Better Note","Better Skull","Better Vampires","Colored Map","Colored Powertips","DeckTracker","Minty Spire (QoL Compilation)","Permanent Neow","StSLib","SuperFastMode"],"gold_per_floor":[112,128,144,164,177,177,206,206,206,240,258,258,271,299,299,377,377,387,387,46,65,65,65,93,93,93,105,105,137,155,186,186,186,186],"floor_reached":33,"playtime":815,"items_purged":["Perfected Strike"],"score":804,"play_id":"3ab91aa9-a11d-402f-b6c8-8da3913a6678","local_time":"20201217155529","is_ascension_mode":true,"campfire_choices":[{"data":"Whirlwind","floor":6,"key":"SMITH"},{"data":"Uppercut","floor":12,"key":"SMITH"},{"data":"Armaments","floor":15,"key":"SMITH"},{"floor":23,"key":"REST"},{"data":"Offering","floor":25,"key":"SMITH"},{"floor":28,"key":"REST"},{"data":"Corruption","floor":32,"key":"SMITH"}],"circlet_count":0,"master_deck":["AscendersBane","Bash","Whirlwind+1","Shrug It Off","Headbutt","Seeing Red","Double Tap","Uppercut+1","Ghostly Armor","Armaments+1","Offering+1","Demon Form","Dropkick","Fiend Fire","Searing Blow","Double Tap","Spot Weakness","Whirlwind","Double Tap","Shockwave+1","Spot Weakness","Corruption+1","Shrug It Off"],"relics":["Burning Blood","Whetstone","Blue Candle","InkBottle","Self Forming Clay","Juzu Bracelet","Pandora\u0027s Box","Gremlin Horn","The Courier","Sundial","Girya","Anchor"],"acts_visited":["Exordium","TheCity"],"potions_floor_usage":[5,7,13,24,33],"damage_taken":[{"damage":3,"enemies":"Small Slimes","floor":1,"turns":4},{"damage":2,"enemies":"2 Louse","floor":2,"turns":3},{"damage":7,"enemies":"Jaw Worm","floor":3,"turns":3},{"damage":10,"enemies":"3 Louse","floor":4,"turns":2},{"damage":26,"enemies":"Exordium Thugs","floor":5,"turns":4},{"damage":0,"enemies":"Gremlin Nob","floor":7,"turns":2},{"damage":32,"enemies":"Lagavulin","floor":10,"turns":5},{"damage":7,"enemies":"2 Fungi Beasts","floor":11,"turns":3},{"damage":11,"enemies":"Exordium Wildlife","floor":13,"turns":3},{"damage":14,"enemies":"3 Sentries","floor":14,"turns":5},{"damage":27,"enemies":"The Guardian","floor":16,"turns":14},{"damage":22,"enemies":"2 Thieves","floor":18,"turns":2},{"damage":6,"enemies":"3 Byrds","floor":21,"turns":2},{"damage":25,"enemies":"Book of Stabbing","floor":24,"turns":4},{"damage":52,"enemies":"Cultist and Chosen","floor":27,"turns":6},{"damage":6,"enemies":"Gremlin Leader","floor":29,"turns":2},{"damage":21,"enemies":"Snake Plant","floor":30,"turns":5},{"damage":6,"enemies":"Slavers","floor":31,"turns":1},{"damage":35,"enemies":"Champ","floor":33,"turns":3}],"seed_played":"-7492072005600814499","potions_obtained":[{"floor":1,"key":"FairyPotion"},{"floor":4,"key":"BloodPotion"},{"floor":5,"key":"DistilledChaos"},{"floor":11,"key":"GamblersBrew"},{"floor":16,"key":"BlessingOfTheForge"},{"floor":30,"key":"CultistPotion"}],"is_trial":false,"path_per_floor":["M","M","M","M","M","R","E","?","T","E","M","R","M","E","R","B",null,"M","?","$","M","?","R","E","R","T","M","R","E","M","E","R","B"],"character_chosen":"IRONCLAD","items_purchased":["Gremlin Horn"],"campfire_rested":2,"item_purchase_floors":[20],"current_hp_per_floor":[71,75,74,70,65,65,71,71,71,45,44,44,39,31,31,10,59,43,43,43,43,22,46,27,27,27,10,34,34,19,19,19,0,0],"gold":186,"neow_bonus":"RANDOM_COMMON_RELIC","is_daily":false,"chose_seed":false,"campfire_upgraded":5,"win_rate":0.0,"timestamp":1608180929,"path_taken":["M","M","M","M","M","R","E","?","T","E","M","R","M","E","R","BOSS","M","?","$","M","?","R","E","R","T","M","R","E","M","E","R","BOSS"],"items_purchased_type":["Relic"],"build_version":"2020-12-13","purchased_purges":1,"victory":false,"max_hp_per_floor":[75,75,75,75,75,75,75,75,75,75,75,75,75,75,75,75,75,75,75,75,75,80,80,80,80,80,80,80,80,80,80,80,80,80],"card_choices":[{"not_picked":["Body Slam","Armaments"],"picked":"Whirlwind","floor":1},{"not_picked":["Clash","Dual Wield","Rage"],"picked":"SKIP","floor":2},{"not_picked":["Wild Strike","Flex"],"picked":"Shrug It Off","floor":3},{"not_picked":["Twin Strike","Iron Wave"],"picked":"Headbutt","floor":4},{"not_picked":["Flex","Feel No Pain"],"picked":"Seeing Red","floor":5},{"not_picked":["Headbutt","Blood for Blood"],"picked":"Double Tap","floor":7},{"not_picked":["Second Wind","Clash"],"picked":"Uppercut","floor":10},{"not_picked":["Anger","Perfected Strike"],"picked":"Ghostly Armor","floor":11},{"not_picked":["Heavy Blade","Clothesline"],"picked":"Armaments","floor":13},{"not_picked":["Body Slam","Thunderclap"],"picked":"Offering","floor":14},{"not_picked":["Double Tap","Brutality"],"picked":"Demon Form","floor":16},{"not_picked":["Feel No Pain","Perfected Strike"],"picked":"Shockwave+1","floor":18},{"not_picked":["Thunderclap+1","Pommel Strike"],"picked":"Spot Weakness","floor":21},{"not_picked":["Cleave","Twin Strike","Body Slam+1"],"picked":"SKIP","floor":24},{"not_picked":["Thunderclap","Pommel Strike"],"picked":"Corruption","floor":27},{"not_picked":["Anger","Corruption","Metallicize"],"picked":"SKIP","floor":29},{"not_picked":["Headbutt","Clothesline"],"picked":"Shrug It Off","floor":30},{"not_picked":["Dropkick","Second Wind","Havoc"],"picked":"SKIP","floor":31}],"player_experience":1762616,"relics_obtained":[{"floor":7,"key":"Blue Candle"},{"floor":9,"key":"InkBottle"},{"floor":10,"key":"Self Forming Clay"},{"floor":14,"key":"Juzu Bracelet"},{"floor":24,"key":"The Courier"},{"floor":26,"key":"Sundial"},{"floor":29,"key":"Girya"},{"floor":31,"key":"Anchor"}],"event_choices":[{"damage_healed":0,"gold_gain":0,"player_choice":"Ignored","damage_taken":0,"max_hp_gain":0,"max_hp_loss":0,"event_name":"Liars Game","floor":8,"gold_loss":0},{"cards_removed":["Perfected Strike"],"damage_healed":0,"gold_gain":0,"player_choice":"Elegance","damage_taken":0,"max_hp_gain":0,"max_hp_loss":0,"event_name":"Back to Basics","floor":19,"gold_loss":0},{"damage_healed":0,"gold_gain":0,"player_choice":"Shed Blood","damage_taken":26,"max_hp_gain":5,"max_hp_loss":0,"event_name":"Forgotten Altar","floor":22,"gold_loss":0}],"is_beta":false,"boss_relics":[{"not_picked":["SacredBark","Runic Dome"],"picked":"Pandora\u0027s Box"}],"items_purged_floors":[20],"is_endless":false,"potions_floor_spawned":[1,4,5,11,16,18,21,30],"killed_by":"Champ","ascension_level":20}}