{"host":"fgcur8dz703a7uwp","time":1608188402,"event":{"mods":["BaseMod","Minty Spire (QoL Compilation)","StSLib","slay the spire mod where everything is the same but ironclad has a cowboy hat"],"gold_per_floor":[110,185,202,218,73,102,113,148,148,148,160,125,125,150,150,273,273,292,292,316,66,66,100,100,100,100],"floor_reached":25,"playtime":860,"items_purged":[],"score":254,"play_id":"f8980a18-196a-4c02-900d-ec65662bf297","local_time":"20201217020002","is_ascension_mode":true,"campfire_choices":[{"floor":10,"key":"REST"},{"floor":15,"key":"REST"},{"floor":24,"key":"REST"}],"circlet_count":0,"master_deck":["Strike_B","Strike_B","Strike_B","Strike_B","Defend_B","Defend_B","Defend_B","Defend_B","Zap","Dualcast","Sweeping Beam","Go for the Eyes","Gash","BootSequence","Streamline","All For One","Gash","Leap","Buffer","Streamline","Gash","Defragment+1","Self Repair+1"],"relics":["Cracked Core","NeowsBlessing","Pen Nib","White Beast Statue","Boot","PreservedInsect","Golden Idol","SacredBark","Bottled Flame","Bottled Tornado"],"acts_visited":["Exordium","TheCity"],"potions_floor_usage":[8,8,20,23,23,25],"damage_taken":[{"damage":0,"enemies":"Jaw Worm","floor":1,"turns":1},{"damage":0,"enemies":"Cultist","floor":3,"turns":1},{"damage":0,"enemies":"2 Louse","floor":4,"turns":1},{"damage":34,"enemies":"Gremlin Nob","floor":6,"turns":4},{"damage":5,"enemies":"Blue Slaver","floor":7,"turns":4},{"damage":11,"enemies":"Lagavulin","floor":8,"turns":6},{"damage":0,"enemies":"2 Fungi Beasts","floor":11,"turns":2},{"damage":1,"enemies":"Gremlin Gang","floor":14,"turns":2},{"damage":30,"enemies":"The Guardian","floor":16,"turns":11},{"damage":5,"enemies":"3 Byrds","floor":18,"turns":4},{"damage":11,"enemies":"2 Thieves","floor":20,"turns":3},{"damage":32,"enemies":"Slavers","floor":23,"turns":5},{"damage":60,"enemies":"Gremlin Leader","floor":25,"turns":8}],"seed_played":"-7985352512394127787","potions_obtained":[{"floor":6,"key":"Weak Potion"},{"floor":7,"key":"SkillPotion"},{"floor":8,"key":"SpeedPotion"},{"floor":11,"key":"Ancient Potion"},{"floor":14,"key":"SpeedPotion"},{"floor":16,"key":"Block Potion"},{"floor":20,"key":"PowerPotion"},{"floor":23,"key":"Dexterity Potion"}],"is_trial":false,"path_per_floor":["M","?","M","M","$","E","M","E","T","R","M","?","?","M","R","B",null,"M","?","M","$","?","E","R","E"],"character_chosen":"DEFECT","items_purchased":["Pen Nib","Bottled Flame"],"campfire_rested":3,"item_purchase_floors":[5,21],"current_hp_per_floor":[75,68,68,68,68,34,29,18,18,40,40,58,40,39,61,31,75,70,70,59,59,59,27,49,0,0],"gold":100,"neow_bonus":"THREE_ENEMY_KILL","is_daily":false,"chose_seed":false,"campfire_upgraded":0,"win_rate":0.0,"timestamp":1608188402,"path_taken":["M","?","M","M","$","E","?","E","T","R","M","?","?","M","R","BOSS","M","?","?","$","?","E","R","E"],"items_purchased_type":["Relic","Relic"],"build_version":"2020-12-13","purchased_purges":0,"victory":false,"max_hp_per_floor":[75,75,75,75,75,75,75,75,75,75,75,75,75,75,75,75,75,75,75,75,75,75,75,75,75,75],"card_choices":[{"not_picked":["Leap","Cold Snap"],"picked":"Sweeping Beam","floor":1},{"not_picked":["Scrape","Barrage"],"picked":"Go for the Eyes","floor":3},{"not_picked":["Leap","Conserve Battery"],"picked":"Gash","floor":4},{"not_picked":["Stack","Leap"],"picked":"BootSequence","floor":6},{"not_picked":["Storm","Stack"],"picked":"Streamline","floor":7},{"not_picked":["Barrage","Darkness"],"picked":"All For One","floor":8},{"not_picked":["Redo","Steam"],"picked":"Gash","floor":11},{"not_picked":["Ball Lightning","Coolheaded"],"picked":"Leap","floor":14},{"not_picked":["Fission","Amplify"],"picked":"Buffer","floor":16},{"not_picked":["Barrage","Cold Snap"],"picked":"Streamline","floor":18},{"not_picked":["Rip and Tear","Streamline"],"picked":"Defragment+1","floor":20},{"not_picked":["Redo","Barrage+1"],"picked":"Self Repair+1","floor":23}],"player_experience":64507,"relics_obtained":[{"floor":6,"key":"White Beast Statue"},{"floor":8,"key":"Boot"},{"floor":9,"key":"PreservedInsect"},{"floor":23,"key":"Bottled Tornado"}],"event_choices":[{"damage_healed":0,"gold_gain":75,"player_choice":"Touch","damage_taken":7,"max_hp_gain":0,"max_hp_loss":0,"event_name":"FaceTrader","floor":2,"gold_loss":0},{"damage_healed":18,"gold_gain":0,"player_choice":"Healed","damage_taken":0,"max_hp_gain":0,"max_hp_loss":0,"event_name":"The Cleric","floor":12,"gold_loss":35},{"damage_healed":0,"gold_gain":0,"player_choice":"Take Damage","damage_taken":18,"relics_obtained":["Golden Idol"],"max_hp_gain":0,"max_hp_loss":0,"event_name":"Golden Idol","floor":13,"gold_loss":0},{"damage_healed":0,"gold_gain":0,"player_choice":"Copied","damage_taken":0,"max_hp_gain":0,"max_hp_loss":0,"event_name":"Duplicator","floor":19,"gold_loss":0,"cards_obtained":["Gash"]},{"damage_healed":0,"gold_gain":0,"player_choice":"Ignored","damage_taken":0,"max_hp_gain":0,"max_hp_loss":0,"event_name":"Cursed Tome","floor":22,"gold_loss":0}],"is_beta":false,"boss_relics":[{"not_picked":["Philosopher\u0027s Stone","Calling Bell"],"picked":"SacredBark"}],"items_purged_floors":[],"is_endless":false,"potions_floor_spawned":[6,7,8,11,14,16,18,20,23],"killed_by":"Gremlin Leader","ascension_level":2}}