{"host":"0tiuc76yumknr6qf","time":1608171684,"event":{"mods":["BaseMod","Highlight Path","Jedi Mod","Minty Spire (QoL Compilation)","StSLib"],"gold_per_floor":[111,123,123,134,134,134,169,182,229,243,124,174,174,208,208,280,280,295,53,71,84,0,0,50,77,77,27,2,2,22,42,42,42,42],"floor_reached":33,"playtime":2103,"items_purged":[],"score":550,"play_id":"eae7966c-2b23-4cdf-aeb3-815379e15282","local_time":"20201216202124","is_ascension_mode":true,"campfire_choices":[{"data":"Eviscerate","floor":6.0,"key":"SMITH"},{"data":"Crippling Poison","floor":13.0,"key":"SMITH"},{"data":"Night Terror","floor":15.0,"key":"SMITH"},{"data":"Catalyst","floor":23.0,"key":"SMITH"},{"data":"Bouncing Flask","floor":29,"key":"SMITH"},{"floor":32,"key":"REST"}],"circlet_count":0,"master_deck":["AscendersBane","Strike_G","Strike_G+1","Strike_G","Strike_G","Defend_G","Defend_G","Defend_G","Defend_G","Defend_G","Survivor","Neutralize","Deadly Poison","Eviscerate+1","Night Terror+1","Bane","Backstab","Dagger Throw","Footwork","Footwork","Crippling Poison+1","Acrobatics+1","Venomology","Leg Sweep","Bouncing Flask+1","jedi:poisonivy","Deflect","Catalyst+1","Catalyst","Acrobatics","Escape Plan"],"relics":["Ring of the Snake","jedi:shrinkray","Darkstone Periapt","Potion Belt","Orichalcum","HoveringKite","Happy Flower","MealTicket","Juzu Bracelet"],"acts_visited":["Exordium","TheCity"],"potions_floor_usage":[25,30,31,31,33,33],"damage_taken":[{"damage":0.0,"enemies":"Cultist","floor":1.0,"turns":3.0},{"damage":1.0,"enemies":"Small Slimes","floor":2.0,"turns":3.0},{"damage":1.0,"enemies":"2 Louse","floor":4.0,"turns":4.0},{"damage":26.0,"enemies":"Gremlin Nob","floor":7.0,"turns":4.0},{"damage":0.0,"enemies":"Gremlin Gang","floor":8.0,"turns":5.0},{"damage":3.0,"enemies":"Exordium Thugs","floor":10.0,"turns":2.0},{"damage":4.0,"enemies":"Lagavulin","floor":14.0,"turns":6.0},{"damage":15.0,"enemies":"The Guardian","floor":16.0,"turns":15.0},{"damage":6.0,"enemies":"3 Byrds","floor":18.0,"turns":6.0},{"damage":5.0,"enemies":"Spheric Guardian","floor":20.0,"turns":6.0},{"damage":7.0,"enemies":"Centurion and Healer","floor":21.0,"turns":8.0},{"damage":25,"enemies":"Gremlin Leader","floor":25,"turns":6},{"damage":9,"enemies":"Snake Plant","floor":30,"turns":5},{"damage":18,"enemies":"Sentry and Sphere","floor":31,"turns":5},{"damage":31,"enemies":"Automaton","floor":33,"turns":6}],"seed_played":"7506722245130325736","potions_obtained":[{"floor":1.0,"key":"SmokeBomb"},{"floor":7.0,"key":"Fire Potion"},{"floor":10.0,"key":"Swift Potion"},{"floor":14.0,"key":"FearPotion"},{"floor":20.0,"key":"SteroidPotion"},{"floor":25,"key":"Block Potion"},{"floor":30,"key":"Weak Potion"}],"is_trial":false,"path_per_floor":["M","M","?","M","?","R","E","M","T","M","$","?","R","E","R","B",null,"M","$","M","M","$","R","?","E","T","?","$","R","M","M","R","B"],"character_chosen":"THE_SILENT","items_purchased":["Footwork","Crippling Poison","Happy Flower","Bouncing Flask","Catalyst","Acrobatics"],"campfire_rested":1,"item_purchase_floors":[11,11,19,19,22,28],"current_hp_per_floor":[59,58,58,57,62,62,36,36,36,33,33,33,33,29,29,14,57,51,51,46,39,39,39,39,14,14,14,29,29,20,2,23,0,0],"gold":42,"neow_bonus":"RANDOM_COMMON_RELIC","is_daily":false,"chose_seed":false,"campfire_upgraded":5,"win_rate":0.0,"timestamp":1608171684,"path_taken":["M","M","?","M","?","R","E","M","T","M","$","?","R","E","R","BOSS","M","$","M","?","?","R","?","E","T","?","?","R","M","M","R","BOSS"],"items_purchased_type":["Card","Card","Relic","Card","Card","Card"],"build_version":"2020-12-13","purchased_purges":0,"victory":false,"max_hp_per_floor":[66,66,66,66,71,71,71,71,71,71,71,71,71,71,71,71,71,71,71,71,71,71,71,71,71,71,71,71,71,71,71,71,71,71],"card_choices":[{"not_picked":["Caltrops","Deflect"],"picked":"Deadly Poison","floor":1.0},{"not_picked":["Dagger Spray","Bane"],"picked":"Eviscerate","floor":2.0},{"not_picked":["Dagger Spray","Dagger Throw"],"picked":"Bane","floor":4.0},{"not_picked":["Expertise","Accuracy"],"picked":"Backstab","floor":7.0},{"not_picked":["Prepared","Endless Agony"],"picked":"Dagger Throw","floor":8.0},{"not_picked":["Bouncing Flask","Underhanded Strike"],"picked":"Footwork","floor":10.0},{"not_picked":["Underhanded Strike","jedi:unstablefumes"],"picked":"Acrobatics","floor":14.0},{"not_picked":["Malaise","Phantasmal Killer"],"picked":"Venomology","floor":16.0},{"not_picked":["Cloak And Dagger","Deadly Poison"],"picked":"Leg Sweep","floor":18.0},{"not_picked":["Acrobatics","Expertise"],"picked":"jedi:poisonivy","floor":20.0},{"not_picked":["Skewer+1","Dagger Spray"],"picked":"Deflect","floor":21.0},{"not_picked":["Dagger Spray","Expertise"],"picked":"Catalyst","floor":25},{"not_picked":["Deadly Poison","Poisoned Stab","Quick Slash+1"],"picked":"SKIP","floor":30},{"not_picked":["Reflex","jedi:collectorvenom+1"],"picked":"Escape Plan","floor":31}],"player_experience":1809409,"relics_obtained":[{"floor":7.0,"key":"Darkstone Periapt"},{"floor":9.0,"key":"Potion Belt"},{"floor":14.0,"key":"Orichalcum"},{"floor":25,"key":"MealTicket"},{"floor":26,"key":"Juzu Bracelet"}],"event_choices":[{"damage_healed":0.0,"max_hp_gain":0.0,"max_hp_loss":0.0,"gold_gain":0.0,"cards_transformed":["Strike_G"],"event_name":"Living Wall","player_choice":"Change","floor":3.0,"gold_loss":0.0,"damage_taken":0.0,"cards_obtained":["Night Terror"]},{"damage_healed":0.0,"max_hp_gain":5.0,"max_hp_loss":0.0,"gold_gain":0.0,"event_name":"Big Fish","player_choice":"Donut","floor":5.0,"gold_loss":0.0,"damage_taken":0.0},{"damage_healed":0.0,"max_hp_gain":0.0,"max_hp_loss":0.0,"gold_gain":50.0,"event_name":"Golden Shrine","player_choice":"Pray","floor":12.0,"gold_loss":0.0,"damage_taken":0.0},{"damage_healed":0.0,"max_hp_gain":0.0,"max_hp_loss":0.0,"gold_gain":50.0,"event_name":"Golden Shrine","player_choice":"Pray","floor":24.0,"gold_loss":0.0,"damage_taken":0.0},{"damage_healed":0,"gold_gain":0,"player_choice":"Upgraded Two","damage_taken":0,"max_hp_gain":0,"max_hp_loss":0,"event_name":"Designer","floor":27,"gold_loss":50,"cards_upgraded":["Strike_G","Acrobatics"]}],"is_beta":false,"boss_relics":[{"not_picked":["Pandora\u0027s Box","Snecko Eye"],"picked":"HoveringKite"}],"items_purged_floors":[],"is_endless":false,"potions_floor_spawned":[1,7,10,14,20,25,30],"killed_by":"Automaton","ascension_level":20}}