{"host":"0uumfqrc8aynrssa","time":1608201740,"event":{"mods":["AchievementEnabler","Act Like it!","AlwaysNeverKeys","Aspiration","Astrologer","BaseMod","Better Altar","Better Match","Better Note","Better Sensory Stone","Better Skull","Better Third Choice","Better Vampires","CapriCore","Colored Map","Colored Powertips","Conspire","Downfall","Energized Spire","Gensokyo","GifTheSpireLib","Hallownest","Hermit","Highlight Path","Infinite Spire","Jorbs\u0027s Wanderer Trilogy","Koishi","Marisa????????","Marked Mod","Minty Spire (QoL Compilation)","Pale of the Ancients","Permanent Neow","RNG Fix","Random Character Button","Rare Cards Sparkle","Reimu??????","Relic Sorter","Remilia??????","Robot Space Explorer","Shop Mod","Spikes Relics","StSLib","Stuff the Spire","The Animator","The Awakened One except there are too many feathers","The Bug Knight","The Cursed","The Hierophant","The Immortal","The IronCluck","The Mystic","The Runesmith","TheBandit","TheFirefly","Trackpad","egg","everything is the same but u backflip on backflip","slay the spire mod where everything is the same but ironclad has a cowboy hat","vexMod"],"gold_per_floor":[115,128,6,19,34,48,48,80,80,93,93,109,109,109,109,207,207,221,241,253,353,388,402,427,110,120,138,150,164,174,209,59,156,156,171,187,187,237,237,308,358,358,370,397,393,411,411,411,336,336,336,370,71,71,71],"floor_reached":56,"playtime":6652,"items_purged":["Doubt","expansioncontent:Hexaburn","Slimebound:Tackle"],"score":1225,"play_id":"6e2f54dc-c5d6-499e-8d44-302a6a28f495","local_time":"20201217054220","is_ascension_mode":false,"campfire_choices":[{"data":"Slimebound:Grow","floor":9,"key":"SMITH"},{"data":"Slimebound:CorrosiveSpit","floor":11,"key":"SMITH"},{"data":"Slimebound:Defend_Slimebound","floor":15,"key":"SMITH"},{"data":"Slimebound:Schlurp","floor":32,"key":"SMITH"},{"floor":47,"key":"RECALL"},{"data":"Slimebound:MegaLick","floor":49,"key":"SMITH"},{"floor":54,"key":"REST"}],"circlet_count":0,"master_deck":["Slimebound:Defend_Slimebound+1","Slimebound:Defend_Slimebound","Slimebound:Defend_Slimebound","Slimebound:Split","Slimebound:CorrosiveSpit+1","Slimebound:FirmFortitude","Slimebound:Schlurp+1","Slimebound:TongueLash","Slimebound:MegaLick+1","Slimebound:Dissolve","Slimebound:Grow+1","Slimebound:TongueLash","Slimebound:GrowthPunch","Slimebound:Nibble","Slimebound:Gluttony","Slimebound:SamplingLick","Slimebound:SlimeSlap+1","Slimebound:SplitMire","Slimebound:DisruptingSlam+1","Slimebound:AcidTongue","Slimebound:SelfFormingGoo+1","Slimebound:Prepare","Slimebound:RollThrough","Slimebound:Split","Slimebound:SplitMire","Slimebound:RejuvenatingLick","Slimebound:ItLooksTasty","Slimebound:Equalize","Slimebound:SpikyOuterGoop","Slimebound:LeechingTouch","Slimebound:Schlurp+1","Slimebound:DisruptingSlam+1","Slimebound:MassFeed","Slimebound:HauntingLick+1","Slimebound:LeadByExample","Slimebound:SpikyOuterGoop+1","Slimebound:Darklings","Slimebound:ViciousTackle","Slimebound:SlimeSpikes"],"relics":["Slimebound:AbsorbEndCombat","Shuriken","LugNut","downfall:ShatteredFragment","trackpad:StolenKidneys","downfall:GremlinSack","conspire:BottledYoYo","vexMod:PaidLearning","Question Card","downfall:HeartBlessingGreen","downfall:HeartBlessingBlue","StuffTheSpire:SapphireSignet","StuffTheSpire:HeavyRock","Juzu Bracelet","MerchantsRug","HandDrill","downfall:HeartBlessingRed","Mastiff:ReiMu","conspire:Dentures"],"acts_visited":["Exordium","TheCity","TheBeyond","TheEnding"],"potions_floor_usage":[16,16,20,20,20,22,28,30,33,33,36,45,55],"damage_taken":[{"damage":4,"enemies":"Cultist","floor":1,"turns":4},{"damage":3,"enemies":"Jaw Worm","floor":2,"turns":3},{"damage":9,"enemies":"downfall:FleeingMerchant","floor":3,"turns":4},{"damage":9,"enemies":"Small Slimes","floor":4,"turns":3},{"damage":11,"enemies":"3 Louse","floor":5,"turns":3},{"damage":14,"enemies":"2 Fungi Beasts","floor":6,"turns":3},{"damage":26,"enemies":"Gremlin Nob","floor":8,"turns":4},{"damage":0,"enemies":"Large Slime","floor":10,"turns":4},{"damage":1,"enemies":"2 Fungi Beasts","floor":12,"turns":2},{"damage":41,"enemies":"downfall:Defect","floor":16,"turns":5},{"damage":6,"enemies":"Spheric Guardian","floor":18,"turns":4},{"damage":24,"enemies":"conspire:HollyBat","floor":19,"turns":5},{"damage":28,"enemies":"Centurion and Healer","floor":20,"turns":3},{"damage":18,"enemies":"Centurion and Healer","floor":21,"turns":3},{"damage":28,"enemies":"HollowMod:Nosk","floor":22,"turns":5},{"damage":27,"enemies":"Snake Plant","floor":23,"turns":3},{"damage":21,"enemies":"downfall:FleeingMerchant","floor":25,"turns":4},{"damage":18,"enemies":"Snecko","floor":26,"turns":4},{"damage":24,"enemies":"Cultist and Chosen","floor":27,"turns":4},{"damage":17,"enemies":"Centurion and Healer","floor":28,"turns":5},{"damage":13,"enemies":"3 Cultists","floor":29,"turns":4},{"damage":32,"enemies":"Snake Plant","floor":30,"turns":4},{"damage":11,"enemies":"Gremlin Leader","floor":31,"turns":6},{"damage":58,"enemies":"downfall:Silent","floor":33,"turns":6},{"damage":24,"enemies":"3 Shapes","floor":35,"turns":3},{"damage":32,"enemies":"3 Darklings","floor":36,"turns":3},{"damage":4,"enemies":"Mind Bloom Boss Battle","floor":38,"turns":4},{"damage":34,"enemies":"Jaw Worm Horde","floor":43,"turns":3},{"damage":66,"enemies":"HollowMod:StalkingDevout","floor":44,"turns":5},{"damage":27,"enemies":"downfall:FleeingMerchant","floor":45,"turns":4},{"damage":14,"enemies":"Writhing Mass","floor":46,"turns":3},{"damage":72,"enemies":"downfall:Ironclad","floor":50,"turns":10},{"damage":65,"enemies":"downfall:CharBossMerchant","floor":52,"turns":7},{"damage":43,"enemies":"downfall:NeowBoss","floor":55,"turns":25}],"seed_played":"2261714400792151116","potions_obtained":[{"floor":2,"key":"Swift Potion"},{"floor":8,"key":"AttackPotion"},{"floor":10,"key":"Regen Potion"},{"floor":16,"key":"EssenceOfSteel"},{"floor":19,"key":"MagicPotion:ReiMu"},{"floor":20,"key":"ColorlessPotion"},{"floor":23,"key":"Weak Potion"},{"floor":26,"key":"FearPotion"},{"floor":27,"key":"ColorlessPotion"},{"floor":29,"key":"hexamod:EctoCoolerPotion"},{"floor":30,"key":"Explosive Potion"},{"floor":36,"key":"FearPotion"},{"floor":38,"key":"DuplicationPotion"},{"floor":46,"key":"Slimebound:SpawnSlimePotion"}],"is_trial":false,"path_per_floor":["M","M","$","M","M","M","T","E","R","M","R","M","?","?","R","B",null,"M","M","M","?","E","M","T","$","M","M","M","M","M","E","R","B",null,"M","M","AVR","?","?","T","T","?","M","E","$","M","R","?","R","B",null,"E","$","R","B",null],"character_chosen":"SLIMEBOUND","items_purchased":["Slimebound:MegaLick","Slimebound:Dissolve","vexMod:PaidLearning","Slimebound:Equalize","MerchantsRug","Slimebound:ViciousTackle","HandDrill","conspire:Dentures","Slimebound:SlimedPotion"],"campfire_rested":1,"item_purchase_floors":[3,3,25,25,45,45,45,53,53],"current_hp_per_floor":[54,54,54,53,51,45,45,29,29,43,43,48,30,30,30,20,54,50,44,40,32,38,33,33,44,48,50,52,54,48,53,63,48,64,51,50,50,64,64,64,64,64,48,36,65,67,67,67,67,43,67,48,48,67,67],"gold":71,"neow_bonus":"REMOVE_TWO","is_daily":false,"chose_seed":false,"campfire_upgraded":5,"win_rate":0.0,"timestamp":1608201740,"path_taken":["M","M","?","M","M","M","T","E","R","M","R","M","?","?","R","BOSS","M","M","M","?","E","?","T","?","M","M","M","M","M","E","R","BOSS","M","M","AVR","?","?","?","T","?","M","E","$","M","R","?","R","BOSS","E","$","R","BOSS"],"items_purchased_type":["Card","Card","Relic","Card","Relic","Card","Relic","Relic","Potion"],"build_version":"2020-12-13","purchased_purges":3,"victory":true,"max_hp_per_floor":[54,54,54,54,54,54,54,54,54,54,54,54,54,54,54,54,54,54,54,54,54,54,54,54,54,54,54,54,54,54,54,64,64,64,64,67,67,67,67,67,67,67,67,67,67,67,67,67,67,67,67,67,67,67,67],"card_choices":[{"not_picked":["Slimebound:SplitLeeching","Slimebound:FinishingTackle"],"picked":"Slimebound:FirmFortitude","floor":1},{"not_picked":["Slimebound:LivingWall","Slimebound:FinishingTackle"],"picked":"Slimebound:Schlurp","floor":2},{"not_picked":["Slimebound:ComboTackle","Slimebound:SlimeSpikes"],"picked":"Slimebound:TongueLash","floor":3},{"not_picked":["Slimebound:FormOfPuddle","Slimebound:ViciousTackle"],"picked":"Slimebound:Grow","floor":4},{"not_picked":["Slimebound:SplitBruiser","Slimebound:FinishingTackle"],"picked":"Slimebound:TongueLash","floor":5},{"not_picked":["Slimebound:LivingWall","Slimebound:LeechingTouch"],"picked":"Slimebound:GrowthPunch","floor":6},{"not_picked":["Slimebound:SlimeBrawl","Slimebound:GoopSpray"],"picked":"Slimebound:Nibble","floor":8},{"not_picked":["Slimebound:DivideAndConquer","Slimebound:SlimeTap"],"picked":"Slimebound:Gluttony","floor":10},{"not_picked":["Slimebound:DivideAndConquer","Slimebound:Teamwork"],"picked":"Slimebound:SamplingLick","floor":12},{"not_picked":["Slimebound:MinionMaster","Slimebound:SelfFormingGoo"],"picked":"Slimebound:SlimeSlap","floor":16},{"not_picked":["Slimebound:SlimeBrawl","Slimebound:Prepare"],"picked":"Slimebound:SplitMire","floor":18},{"not_picked":["Slimebound:SplitBruiser","Slimebound:Nibble"],"picked":"Slimebound:DisruptingSlam+1","floor":19},{"not_picked":["Slimebound:SamplingLick","Slimebound:SlimeBrawl"],"picked":"Slimebound:AcidTongue","floor":20},{"not_picked":["Slimebound:FormOfPuddle","Slimebound:FinishingTackle"],"picked":"Slimebound:SplitMire","floor":21},{"not_picked":["Slimebound:FinishingTackle","Slimebound:SplitBruiser","Slimebound:LeechingTouch"],"picked":"SKIP","floor":22},{"not_picked":["Slimebound:Schlurp+1","Slimebound:SplitBruiser"],"picked":"Slimebound:RejuvenatingLick","floor":23},{"not_picked":["Slimebound:LeechEnergy","Slimebound:RollThrough+1"],"picked":"Slimebound:ItLooksTasty","floor":25},{"not_picked":["Slimebound:Schlurp","Slimebound:SplitBruiser"],"picked":"Slimebound:SpikyOuterGoop","floor":26},{"not_picked":["Slimebound:SelfFormingGoo","Slimebound:ServeAndProtect"],"picked":"Slimebound:LeechingTouch","floor":27},{"not_picked":["Slimebound:PressTheAttack+1","Slimebound:DisruptingSlam"],"picked":"Slimebound:Schlurp+1","floor":28},{"not_picked":["Slimebound:Schlurp+1","Slimebound:AcidTongue+1","Slimebound:ComboTackle+1"],"picked":"SKIP","floor":29},{"not_picked":["Slimebound:ItLooksTasty","Slimebound:Equalize","Slimebound:RollThrough"],"picked":"SKIP","floor":30},{"not_picked":["Slimebound:ItLooksTasty","Slimebound:RainOfGoop"],"picked":"Slimebound:DisruptingSlam+1","floor":31},{"not_picked":["Slimebound:DouseInSlime","Slimebound:PrepareCrush","Slimebound:DuplicatedForm"],"picked":"Slimebound:MassFeed","floor":33},{"not_picked":["Slimebound:PressTheAttack","Slimebound:DivideAndConquer","Slimebound:LeechEnergy"],"picked":"Slimebound:HauntingLick+1","floor":35},{"not_picked":["Slimebound:ComboTackle+1","Slimebound:GoopSpray","Slimebound:DivideAndConquer+1"],"picked":"Slimebound:LeadByExample","floor":36},{"not_picked":["Slimebound:Prepare+1","Slimebound:ComboTackle+1","Slimebound:SlimeBrawl"],"picked":"Slimebound:SpikyOuterGoop+1","floor":38},{"not_picked":["Slimebound:RollThrough","Slimebound:SplitMire","Slimebound:Replication+1","Slimebound:SplitBruiser+1"],"picked":"SKIP","floor":43},{"not_picked":["Slimebound:Grow+1","Slimebound:FirmFortitude","Slimebound:RollThrough","Slimebound:SplitLeeching+1"],"picked":"SKIP","floor":44},{"not_picked":["Slimebound:ServeAndProtect+1","Slimebound:MassFeed","Slimebound:GoopSpray","Slimebound:ComboTackle+1"],"picked":"SKIP","floor":45},{"not_picked":["Slimebound:PressTheAttack","Slimebound:DivideAndConquer","Slimebound:SplitMire+1","Slimebound:Prepare"],"picked":"SKIP","floor":46},{"not_picked":["Slimebound:Schlurp+1","Slimebound:Equalize+1","Slimebound:GoopSpray+1"],"picked":"Slimebound:SlimeSpikes","floor":52}],"player_experience":796432,"relics_obtained":[{"floor":7,"key":"Shuriken"},{"floor":8,"key":"LugNut"},{"floor":21,"key":"downfall:GremlinSack"},{"floor":22,"key":"conspire:BottledYoYo"},{"floor":31,"key":"Question Card"},{"floor":38,"key":"vexMod:RetaliationKit"},{"floor":40,"key":"StuffTheSpire:SapphireSignet"},{"floor":41,"key":"StuffTheSpire:HeavyRock"},{"floor":44,"key":"Juzu Bracelet"},{"floor":52,"key":"Mastiff:ReiMu"}],"event_choices":[{"cards_removed":["Slimebound:Strike_Slimebound"],"damage_healed":0,"gold_gain":0,"player_choice":"Offered Basic","damage_taken":0,"max_hp_gain":0,"max_hp_loss":0,"event_name":"Bonfire Elementals","floor":14,"gold_loss":0}],"is_beta":false,"boss_relics":[{"not_picked":["energizedSpire:NeverEndingSparkler","energizedSpire:SpiderWeb"],"picked":"trackpad:StolenKidneys"},{"not_picked":["Coffee Dripper","vexMod:TanglingVine","CosmicIsotope"]}],"items_purged_floors":[25,37,45],"is_endless":false,"potions_floor_spawned":[2,8,10,16,19,20,23,26,27,29,30,31,36,38,46],"ascension_level":0}}