{"host":"l4kdldlios54gl54","time":1608167579,"event":{"mods":["AchievementEnabler","BaseMod","Colored Map","Colored Powertips","Minty Spire (QoL Compilation)","Random Character Button"],"gold_per_floor":[119,64,79,154,3,28,28,28,28,28,45,45,45,62,62,139,139,157,176,187,203,27,27,27,27,27,27,38,53,53,53,53,53,53],"floor_reached":33,"playtime":1172,"items_purged":["Strike_G","Strike_G"],"score":653,"play_id":"30008c3c-17c3-4b53-977c-62fdca8f14ac","local_time":"20201217021259","is_ascension_mode":true,"campfire_choices":[{"data":"Dash","floor":7,"key":"SMITH"},{"data":"All Out Attack","floor":10,"key":"SMITH"},{"data":"Corpse Explosion","floor":13,"key":"SMITH"},{"data":"Leg Sweep","floor":15,"key":"SMITH"},{"data":"Well Laid Plans","floor":23,"key":"SMITH"},{"data":"Noxious Fumes","floor":25,"key":"SMITH"},{"floor":27,"key":"REST"},{"floor":32,"key":"REST"}],"circlet_count":0,"master_deck":["AscendersBane","Strike_G","Strike_G","Defend_G","Defend_G","Defend_G","Defend_G","Defend_G","Survivor","Neutralize","Dash+1","Blade Dance","PiercingWail","All Out Attack+1","Corpse Explosion+1","Leg Sweep+1","Adrenaline","PiercingWail","Well Laid Plans+1","Noxious Fumes+1"],"relics":["Ring of the Snake","NeowsBlessing","Sundial","Orichalcum","Philosopher\u0027s Stone","Bag of Preparation"],"acts_visited":["Exordium","TheCity"],"potions_floor_usage":[11,16,24,31,33],"damage_taken":[{"damage":0,"enemies":"Cultist","floor":1,"turns":1},{"damage":0,"enemies":"2 Louse","floor":3,"turns":1},{"damage":0,"enemies":"Gremlin Nob","floor":6,"turns":1},{"damage":0,"enemies":"Jaw Worm","floor":11,"turns":1},{"damage":0,"enemies":"Looter","floor":14,"turns":3},{"damage":24,"enemies":"Hexaghost","floor":16,"turns":13},{"damage":12,"enemies":"Chosen","floor":18,"turns":6},{"damage":11,"enemies":"2 Thieves","floor":19,"turns":3},{"damage":2,"enemies":"Snecko","floor":20,"turns":7},{"damage":3,"enemies":"Snake Plant","floor":21,"turns":5},{"damage":0,"enemies":"Gremlin Leader","floor":24,"turns":4},{"damage":0,"enemies":"Centurion and Healer","floor":28,"turns":6},{"damage":6,"enemies":"Snecko","floor":29,"turns":5},{"damage":0,"enemies":"Slavers","floor":31,"turns":1},{"damage":61,"enemies":"Collector","floor":33,"turns":9}],"seed_played":"-3113590424650378382","potions_obtained":[{"floor":6,"key":"Fire Potion"},{"floor":11,"key":"Poison Potion"},{"floor":16,"key":"SmokeBomb"},{"floor":18,"key":"SmokeBomb"},{"floor":28,"key":"SteroidPotion"},{"floor":29,"key":"Swift Potion"}],"is_trial":false,"path_per_floor":["M","$","M","?","$","E","R","?","T","R","M","$","R","M","R","B",null,"M","M","M","M","$","R","E","R","T","R","M","M","?","E","R","B"],"character_chosen":"THE_SILENT","items_purchased":["Blade Dance","All Out Attack","Noxious Fumes"],"campfire_rested":2,"item_purchase_floors":[2,5,22],"current_hp_per_floor":[59,59,59,48,48,48,48,48,48,48,48,48,48,48,48,24,56,44,33,31,28,28,28,28,28,28,47,47,41,32,32,51,0,0],"gold":53,"neow_bonus":"THREE_ENEMY_KILL","is_daily":false,"chose_seed":false,"campfire_upgraded":6,"win_rate":0.0,"timestamp":1608167579,"path_taken":["M","$","?","?","?","E","R","?","T","R","M","$","R","M","R","BOSS","M","?","M","M","?","R","E","R","T","R","M","?","?","E","R","BOSS"],"items_purchased_type":["Card","Card","Card"],"build_version":"2020-12-13","purchased_purges":2,"victory":false,"max_hp_per_floor":[66,66,66,66,66,66,66,66,66,66,66,66,66,66,66,66,66,66,66,66,66,66,66,66,66,66,66,66,66,66,66,66,66,66],"card_choices":[{"not_picked":["Prepared","Deflect"],"picked":"Dash","floor":1},{"not_picked":["Bane","Sucker Punch"],"picked":"PiercingWail","floor":3},{"not_picked":["Quick Slash","All Out Attack"],"picked":"Corpse Explosion","floor":6},{"not_picked":["Endless Agony","Dagger Throw"],"picked":"Leg Sweep","floor":11},{"not_picked":["Quick Slash","Flying Knee","Dagger Throw"],"picked":"SKIP","floor":14},{"not_picked":["Night Terror","Malaise"],"picked":"Adrenaline","floor":16},{"not_picked":["Acrobatics","Dash"],"picked":"PiercingWail","floor":18},{"not_picked":["Dagger Throw","Tactician","PiercingWail"],"picked":"SKIP","floor":19},{"not_picked":["Slice","Sucker Punch"],"picked":"Well Laid Plans","floor":20},{"not_picked":["Sucker Punch","Underhanded Strike","Quick Slash"],"picked":"SKIP","floor":21},{"not_picked":["Dagger Throw","Reflex","Poisoned Stab"],"picked":"SKIP","floor":28},{"not_picked":["Distraction","Tools of the Trade","Underhanded Strike"],"picked":"SKIP","floor":29}],"player_experience":836443,"relics_obtained":[{"floor":6,"key":"Sundial"},{"floor":9,"key":"Orichalcum"},{"floor":26,"key":"Bag of Preparation"}],"event_choices":[{"damage_healed":0,"gold_gain":75,"player_choice":"Gather Gold","damage_taken":11,"max_hp_gain":0,"max_hp_loss":0,"event_name":"World of Goop","floor":4,"gold_loss":0},{"cards_removed":["Strike_G"],"damage_healed":0,"gold_gain":0,"player_choice":"Offered Basic","damage_taken":0,"max_hp_gain":0,"max_hp_loss":0,"event_name":"Bonfire Elementals","floor":8,"gold_loss":0},{"damage_healed":0,"gold_gain":0,"player_choice":"Damaged","damage_taken":9,"max_hp_gain":0,"max_hp_loss":0,"event_name":"Wheel of Change","floor":30,"gold_loss":0}],"is_beta":false,"boss_relics":[{"not_picked":["Ectoplasm","Velvet Choker"],"picked":"Philosopher\u0027s Stone"}],"items_purged_floors":[5,22],"is_endless":false,"potions_floor_spawned":[6,11,16,18,21,28,29,31],"killed_by":"Collector","ascension_level":19}}