{"host":"08z5bj28eube4vug","time":1608191661,"event":{"mods":["2.2 Compatiblity","Abigail Mod","Act Like it!","BaseMod","Beaked The Cultist","Bestiary","Friendly Minions","Gensokyo","GungeonMod","Hallownest","Kiyohime????","Koishi","Lobotomy","Marisa????????","Minty Spire (QoL Compilation)","Prisma Mod","Remilia??????","Replay The Spire","StSLib","Td1madao Mod","The Alterego","The Bug Knight","The Jungle","The Sage","The Senshi","The Servant 0.9.4","Waifu the Spire","WarShipGirlsR/????R mod","Yuri Mod"],"gold_per_floor":[210,225,225,225,238,238,203,215,215,25,39,3,21,56,56,155,155,125,125,112,112,122,156,156,156,183,38,38,58,58,70,70,166,166,179,74,74,374,385,410,380,380,458,444,519,489,500,109,109,109],"floor_reached":51,"playtime":5472,"items_purged":["Delirium"],"score":848,"play_id":"96f4ccf3-15e3-460c-a28e-ddfd396f96e5","local_time":"20201217105421","is_ascension_mode":false,"campfire_choices":[{"data":"alterego_mod:BigMeatyClaws","floor":6,"key":"SMITH"},{"data":"alterego_mod:BrynhildrsRune","floor":15,"key":"SMITH"},{"data":"alterego_mod:Impale","floor":25,"key":"SMITH"},{"data":"alterego_mod:ChallengeComplete","floor":28,"key":"SMITH"},{"data":"alterego_mod:BiFurious","floor":30,"key":"SMITH"},{"data":"alterego_mod:Undulate","floor":32,"key":"SMITH"},{"data":"alterego_mod:Complex","floor":49,"key":"SMITH"}],"circlet_count":0,"master_deck":["alterego_mod:Strike","alterego_mod:Strike","alterego_mod:Strike","alterego_mod:Strike","alterego_mod:Defend","alterego_mod:Defend","alterego_mod:Defend","alterego_mod:Defend","alterego_mod:Impale+1","alterego_mod:BigMeatyClaws+1","alterego_mod:BrynhildrsRune+1","alterego_mod:Rip","alterego_mod:Pet+1","alterego_mod:BiFurious+1","alterego_mod:Exercise","alterego_mod:Rip","alterego_mod:Undulate+1","alterego_mod:Cushion+1","alterego_mod:ChallengeComplete+1","alterego_mod:MagicResistance+1","alterego_mod:InsideBaseball","alterego_mod:Rip","alterego_mod:Mirror+1","alterego_mod:Pet+1","alterego_mod:BreastValley+1","alterego_mod:Undulate+1","alterego_mod:Rake","alterego_mod:Support+1","alterego_mod:GachaTicket+1","alterego_mod:IndependentAction+1","alterego_mod:Birthday","alterego_mod:RocketPunch","alterego_mod:RocketPunch+1","alterego_mod:DeftHands","alterego_mod:ClassAdvantage","alterego_mod:RocketPunch+1","alterego_mod:DiscoLights","alterego_mod:Complex+1","alterego_mod:Stockings+1","alterego_mod:Undulate"],"relics":["alterego_mod:MasochisticConstitution","Blue Candle","Letter Opener","DemoMod:ClearGuonStone","Snack Pack","Philosopher\u0027s Stone","HollowMod:PaleOreRelic","War Paint","Pet Ghost","Black Star","beaked:ShinyBauble","Simple Rune","Shovel","Orichalcum","Replay:Bottled Eggs","Strawberry","ReplayTheSpireMod:CursedCoin","FossilizedHelix"],"acts_visited":["Exordium","TheCity","TheBeyond"],"potions_floor_usage":[11,13,16,23,33,47,50,50,50],"damage_taken":[{"damage":17,"enemies":"Jaw Worm","floor":1,"turns":5},{"damage":5,"enemies":"Cultist","floor":2,"turns":4},{"damage":2,"enemies":"2 Louse","floor":5,"turns":4},{"damage":2,"enemies":"Large Slime","floor":8,"turns":6},{"damage":7,"enemies":"3 Louse","floor":11,"turns":4},{"damage":0,"enemies":"Exordium Thugs","floor":13,"turns":3},{"damage":6,"enemies":"HollowMod:MossKnight","floor":14,"turns":6},{"damage":10,"enemies":"Hexaghost","floor":16,"turns":8},{"damage":4,"enemies":"Shell Parasite","floor":18,"turns":1},{"damage":18,"enemies":"Shelled Parasite and Fungi","floor":20,"turns":3},{"damage":0,"enemies":"Snake Plant","floor":22,"turns":8},{"damage":29,"enemies":"Gremlin Leader","floor":23,"turns":7},{"damage":6,"enemies":"3 Cultists","floor":29,"turns":4},{"damage":9,"enemies":"Chosen and Byrds","floor":31,"turns":4},{"damage":0,"enemies":"Automaton","floor":33,"turns":10},{"damage":2,"enemies":"3 Darklings","floor":35,"turns":6},{"damage":20,"enemies":"3 Shapes","floor":39,"turns":3},{"damage":9,"enemies":"Giant Head","floor":40,"turns":8},{"damage":10,"enemies":"Writhing Mass","floor":41,"turns":2},{"damage":0,"enemies":"Nemesis","floor":42,"turns":4},{"damage":11,"enemies":"Jaw Worm Horde","floor":44,"turns":4},{"damage":0,"enemies":"Spire Growth","floor":46,"turns":4},{"damage":0,"enemies":"3 Darklings","floor":47,"turns":6},{"damage":14,"enemies":"Donu and Deca","floor":50,"turns":10}],"seed_played":"-8859487837309999604","potions_obtained":[{"floor":8,"key":"EntropicBrew"},{"floor":11,"key":"ColorlessPotion"},{"floor":14,"key":"Elixir"},{"floor":16,"key":"Adrenaline Potion"},{"floor":20,"key":"FearPotion"},{"floor":23,"key":"DemoMod:BlankPotion"},{"floor":44,"key":"PowerPotion"},{"floor":47,"key":"Strength Potion"}],"is_trial":false,"path_per_floor":["M","M","?","T","M","R","$","M","T","$","M","$","M","E","R","B",null,"M","$","M","?","M","E","?","R","T","$","R","M","R","M","R","B",null,"M","$","?","?","M","E","M","E","T","M","?","M","M","$","R","B",null],"character_chosen":"The_Alterego","items_purchased":["alterego_mod:Exercise","DemoMod:ClearGuonStone","alterego_mod:Undulate+1","alterego_mod:ChallengeComplete","Pet Ghost","AttackPotion","alterego_mod:GachaTicket+1","ReplayTheSpireMod:CursedCoin","FossilizedHelix","alterego_mod:Complex","alterego_mod:Stockings+1","alterego_mod:Undulate"],"campfire_rested":0,"item_purchase_floors":[7,10,10,12,27,36,36,48,48,48,48,48],"current_hp_per_floor":[54,50,50,50,56,56,56,55,55,55,56,56,56,51,51,52,77,74,74,61,61,77,62,62,62,62,62,62,72,72,74,74,82,82,83,83,79,79,64,79,70,72,72,72,46,64,78,78,78,81],"gold":109,"neow_bonus":"HUNDRED_GOLD","is_daily":false,"chose_seed":false,"campfire_upgraded":7,"win_rate":0.0,"timestamp":1608191661,"path_taken":["M","M","?","?","M","R","$","?","T","$","M","?","?","E","R","BOSS","M","$","M","?","M","E","?","R","T","$","R","M","R","M","R","BOSS","M","$","?","?","M","E","?","E","T","M","?","M","M","$","R","BOSS"],"items_purchased_type":["Card","Relic","Card","Card","Relic","Potion","Card","Relic","Relic","Card","Card","Card"],"build_version":"2020-12-13","purchased_purges":1,"victory":true,"max_hp_per_floor":[71,72,72,72,73,73,73,74,74,74,75,75,75,76,76,77,77,78,78,79,79,79,80,80,80,80,80,80,81,81,82,82,82,82,83,83,79,79,80,81,82,82,82,83,90,90,90,90,90,91],"card_choices":[{"not_picked":["alterego_mod:PerceptionDisorder","alterego_mod:MagicResistance"],"picked":"alterego_mod:Rip","floor":1},{"not_picked":["alterego_mod:Undulate","alterego_mod:Cooking"],"picked":"alterego_mod:Pet","floor":2},{"not_picked":["alterego_mod:Valentines","alterego_mod:Collar"],"picked":"alterego_mod:BiFurious","floor":5},{"not_picked":["alterego_mod:Maid","alterego_mod:SakuraLabyrinth"],"picked":"alterego_mod:Rip","floor":8},{"not_picked":["alterego_mod:Maid","alterego_mod:Santa"],"picked":"alterego_mod:Cushion","floor":11},{"not_picked":["alterego_mod:Bloomers","alterego_mod:Pet"],"picked":"alterego_mod:MagicResistance","floor":13},{"not_picked":["alterego_mod:TrashNCrash","alterego_mod:Valkyrie","alterego_mod:Cycle"],"picked":"SKIP","floor":14},{"not_picked":["alterego_mod:GIGAMILK","alterego_mod:VirginLaserPalladion"],"picked":"alterego_mod:InsideBaseball","floor":16},{"not_picked":["alterego_mod:TrashNCrash","alterego_mod:Cycle","alterego_mod:RidiculouslyBig"],"picked":"SKIP","floor":18},{"not_picked":["alterego_mod:1TonWallop","alterego_mod:Rip","alterego_mod:Skirt"],"picked":"SKIP","floor":20},{"not_picked":["alterego_mod:1TonWallop","alterego_mod:Skirt"],"picked":"alterego_mod:Rip","floor":20},{"not_picked":["alterego_mod:Valentines","alterego_mod:1TonWallop"],"picked":"alterego_mod:Mirror+1","floor":22},{"not_picked":["alterego_mod:MagicResistance","alterego_mod:TrashNCrash"],"picked":"alterego_mod:Pet","floor":23},{"not_picked":["alterego_mod:SakuraPetals","alterego_mod:Cycle"],"picked":"alterego_mod:BreastValley+1","floor":29},{"not_picked":["alterego_mod:GoddessCore","alterego_mod:Rip"],"picked":"alterego_mod:Undulate","floor":31},{"not_picked":["alterego_mod:InsideBaseball","alterego_mod:Tantrum"],"picked":"alterego_mod:Rake","floor":33},{"not_picked":["alterego_mod:Punishment","alterego_mod:IndependentAction+1"],"picked":"alterego_mod:Support+1","floor":35},{"not_picked":["alterego_mod:Santa","alterego_mod:TrashNCrash"],"picked":"alterego_mod:IndependentAction+1","floor":39},{"not_picked":["alterego_mod:Undulate+1","alterego_mod:Mirror+1"],"picked":"alterego_mod:Birthday","floor":40},{"not_picked":["alterego_mod:Skirt","alterego_mod:Punishment","alterego_mod:BoobPocket"],"picked":"SKIP","floor":41},{"not_picked":["alterego_mod:Jiggle+1","alterego_mod:Smother+1"],"picked":"alterego_mod:RocketPunch","floor":42},{"not_picked":["alterego_mod:Santa","alterego_mod:DustData+1"],"picked":"alterego_mod:RocketPunch+1","floor":44},{"not_picked":["alterego_mod:Collar","alterego_mod:Stockings+1"],"picked":"alterego_mod:DeftHands","floor":45},{"not_picked":["alterego_mod:1TonWallop+1","alterego_mod:Collar+1"],"picked":"alterego_mod:ClassAdvantage","floor":45},{"not_picked":["alterego_mod:GoddessCore","alterego_mod:Mirror+1"],"picked":"alterego_mod:RocketPunch+1","floor":46},{"not_picked":["alterego_mod:MagicResistance+1","alterego_mod:TrashNCrash"],"picked":"alterego_mod:DiscoLights","floor":47}],"player_experience":693111,"relics_obtained":[{"floor":4,"key":"Blue Candle"},{"floor":9,"key":"Letter Opener"},{"floor":14,"key":"Snack Pack"},{"floor":23,"key":"HollowMod:PaleOreRelic"},{"floor":26,"key":"War Paint"},{"floor":40,"key":"beaked:ShinyBauble"},{"floor":40,"key":"Simple Rune"},{"floor":42,"key":"Shovel"},{"floor":42,"key":"Orichalcum"},{"floor":43,"key":"Replay:Bottled Eggs"},{"floor":45,"key":"Strawberry"}],"event_choices":[{"damage_healed":0,"gold_gain":0,"player_choice":"Simplicity","damage_taken":0,"max_hp_gain":0,"max_hp_loss":0,"event_name":"Back to Basics","floor":21,"gold_loss":0,"cards_upgraded":["alterego_mod:Strike","alterego_mod:Strike","alterego_mod:Strike","alterego_mod:Defend","alterego_mod:Defend","alterego_mod:Defend","alterego_mod:Defend"]},{"damage_healed":0,"gold_gain":0,"player_choice":"Max HP","damage_taken":0,"max_hp_gain":0,"max_hp_loss":4,"event_name":"Winding Halls","floor":37,"gold_loss":0},{"damage_healed":0,"gold_gain":300,"player_choice":"Gold","damage_taken":0,"max_hp_gain":0,"max_hp_loss":0,"event_name":"Wheel of Change","floor":38,"gold_loss":0}],"is_beta":false,"boss_relics":[{"not_picked":["Calling Bell","SlaversCollar"],"picked":"Philosopher\u0027s Stone"},{"not_picked":["Replay:Bronze Core","Velvet Choker"],"picked":"Black Star"}],"items_purged_floors":[48],"is_endless":false,"potions_floor_spawned":[8,11,14,16,20,23,44,47],"ascension_level":0}}