{"host":"e4hse1vg61zltgzv","time":1608212764,"event":{"mods":["AchievementEnabler","BaseMod","Block Reminder","Colored Map","DeckTracker","GifTheSpireLib","Minty Spire (QoL Compilation)","Rare Cards Sparkle","StSLib","SuperFastMode","everything is the same but u backflip on backflip"],"gold_per_floor":[119,2,2,17,17,17,17,17,17,33,48,48,68,84,84,157,157,174,174,190,240,240,240,257,157,209,232,38,57,68,88,88,163,163,180,30,47,47,58,58,77,77,77,37,37,66,82,102,102,102,102],"floor_reached":52,"playtime":3773,"items_purged":["Strike_G","Strike_G","Strike_G","Defend_G"],"score":1956,"play_id":"f94a6c58-c53c-42f5-b331-7d45f4f33c3f","local_time":"20201217224604","is_ascension_mode":true,"campfire_choices":[{"data":"Masterful Stab","floor":6.0,"key":"SMITH"},{"data":"Noxious Fumes","floor":12.0,"key":"SMITH"},{"data":"Wraith Form v2","floor":15.0,"key":"SMITH"},{"data":"Malaise","floor":23.0,"key":"SMITH"},{"data":"Tactician","floor":32.0,"key":"SMITH"},{"data":"Reflex","floor":40.0,"key":"SMITH"},{"data":"Acrobatics","floor":42.0,"key":"SMITH"},{"data":"Well Laid Plans","floor":45.0,"key":"SMITH"},{"data":"Ghostly","floor":49,"key":"SMITH"}],"circlet_count":0,"master_deck":["AscendersBane","Defend_G","Defend_G","Survivor","Noxious Fumes+1","Masterful Stab+1","Acrobatics+1","Deadly Poison","Wraith Form v2+1","Malaise+1","Escape Plan","Ghostly+1","Ghostly","Ghostly","Backflip+1","Tactician+1","Well Laid Plans+1","Grand Finale","Reflex+1"],"relics":["Ring of the Serpent","Ornamental Fan","Bronze Scales","Boot","StrikeDummy","MawBank","Empty Cage","Ice Cream"],"acts_visited":["Exordium","TheCity","TheBeyond"],"potions_floor_usage":[51],"damage_taken":[{"damage":3.0,"enemies":"2 Louse","floor":1.0,"turns":3.0},{"damage":0.0,"enemies":"Cultist","floor":4.0,"turns":3.0},{"damage":0.0,"enemies":"Small Slimes","floor":10.0,"turns":2.0},{"damage":1.0,"enemies":"Exordium Wildlife","floor":11.0,"turns":3.0},{"damage":0.0,"enemies":"Blue Slaver","floor":13.0,"turns":2.0},{"damage":0.0,"enemies":"Red Slaver","floor":14.0,"turns":3.0},{"damage":26.0,"enemies":"Hexaghost","floor":16.0,"turns":9.0},{"damage":21.0,"enemies":"Spheric Guardian","floor":18.0,"turns":5.0},{"damage":6.0,"enemies":"Chosen","floor":20.0,"turns":6.0},{"damage":5.0,"enemies":"Shelled Parasite and Fungi","floor":24.0,"turns":7.0},{"damage":0.0,"enemies":"Centurion and Healer","floor":27.0,"turns":7.0},{"damage":0.0,"enemies":"Snecko","floor":29.0,"turns":7.0},{"damage":1.0,"enemies":"Shelled Parasite and Fungi","floor":30.0,"turns":6.0},{"damage":0.0,"enemies":"Snake Plant","floor":31.0,"turns":5.0},{"damage":2.0,"enemies":"Champ","floor":33.0,"turns":14.0},{"damage":0.0,"enemies":"3 Darklings","floor":35.0,"turns":4.0},{"damage":14.0,"enemies":"3 Shapes","floor":37.0,"turns":6.0},{"damage":0.0,"enemies":"Spire Growth","floor":39.0,"turns":4.0},{"damage":5.0,"enemies":"Sphere and 2 Shapes","floor":41.0,"turns":5.0},{"damage":0.0,"enemies":"Reptomancer","floor":46.0,"turns":4.0},{"damage":0,"enemies":"Jaw Worm Horde","floor":47,"turns":3},{"damage":0,"enemies":"Writhing Mass","floor":48,"turns":5},{"damage":0,"enemies":"Awakened One","floor":50,"turns":5},{"damage":0,"enemies":"Time Eater","floor":51,"turns":7}],"seed_played":"-4707768722043341136","potions_obtained":[{"floor":1.0,"key":"BlessingOfTheForge"},{"floor":8.0,"key":"LiquidMemories"},{"floor":8.0,"key":"SpeedPotion"},{"floor":20.0,"key":"DuplicationPotion"},{"floor":37.0,"key":"LiquidBronze"},{"floor":39.0,"key":"PowerPotion"},{"floor":44.0,"key":"Dexterity Potion"}],"is_trial":false,"path_per_floor":["M","$","?","M","$","R","?","?","T","M","M","R","M","M","R","B",null,"M","?","M","?","T","R","M","$","T","M","$","M","M","M","R","B",null,"M","$","M","?","M","R","M","R","T","?","R","E","M","M","R","B","B",null],"character_chosen":"THE_SILENT","items_purchased":["Masterful Stab","Tactician"],"campfire_rested":0,"item_purchase_floors":[2,28],"current_hp_per_floor":[41,41,41,41,41,41,36,36,36,36,35,35,35,35,35,9,52,31,31,25,25,25,25,20,20,20,20,20,20,19,19,19,17,29,29,29,15,15,15,15,10,10,10,10,10,10,10,10,10,10,10],"gold":102,"neow_bonus":"REMOVE_TWO","is_daily":false,"chose_seed":false,"campfire_upgraded":9,"win_rate":0.0,"timestamp":1608212764,"path_taken":["M","$","?","M","?","R","?","?","T","?","M","R","M","M","R","BOSS","M","?","M","?","?","R","M","$","T","?","$","M","M","M","R","BOSS","M","$","M","?","M","R","M","R","T","?","R","E","M","M","R","BOSS","BOSS"],"items_purchased_type":["Card","Card"],"build_version":"2020-12-13","purchased_purges":4,"victory":true,"max_hp_per_floor":[66,66,66,66,66,66,66,66,66,66,66,66,66,66,66,66,66,66,33,33,33,33,33,33,33,33,33,33,33,33,33,33,33,33,33,33,33,33,33,33,33,33,33,33,33,33,33,33,33,33,33],"card_choices":[{"not_picked":["Terror","Deadly Poison"],"picked":"Noxious Fumes","floor":1.0},{"not_picked":["Flechettes","Backflip"],"picked":"Acrobatics","floor":4.0},{"not_picked":["Underhanded Strike","Dodge and Roll"],"picked":"Deadly Poison","floor":10.0},{"not_picked":["Underhanded Strike","Dagger Throw","Slice"],"picked":"SKIP","floor":11.0},{"not_picked":["Blade Dance","Acrobatics","Dodge and Roll"],"picked":"SKIP","floor":13.0},{"not_picked":["Riddle With Holes","Wraith Form v2","Poisoned Stab"],"picked":"SKIP","floor":14.0},{"not_picked":["Riddle With Holes","Poisoned Stab"],"picked":"Wraith Form v2","floor":14.0},{"not_picked":["Night Terror","Envenom"],"picked":"Malaise","floor":16.0},{"not_picked":["Footwork","Acrobatics"],"picked":"Escape Plan","floor":18.0},{"not_picked":["Deadly Poison","Flying Knee","Leg Sweep"],"picked":"SKIP","floor":20.0},{"not_picked":["Sucker Punch","Bane","Blade Dance"],"picked":"SKIP","floor":24.0},{"not_picked":["Flying Knee","Backstab"],"picked":"Backflip+1","floor":27.0},{"not_picked":["All Out Attack","Caltrops"],"picked":"Well Laid Plans","floor":29.0},{"not_picked":["Tactician","Outmaneuver","Slice"],"picked":"SKIP","floor":30.0},{"not_picked":["Slice","Bane","All Out Attack"],"picked":"SKIP","floor":31.0},{"not_picked":["Storm of Steel","Malaise"],"picked":"Grand Finale","floor":33.0},{"not_picked":["Endless Agony","PiercingWail","Terror"],"picked":"SKIP","floor":35.0},{"not_picked":["Expertise+1","Infinite Blades","PiercingWail"],"picked":"SKIP","floor":37.0},{"not_picked":["Sucker Punch+1","Flying Knee"],"picked":"Reflex","floor":39.0},{"not_picked":["Accuracy","Distraction","Slice"],"picked":"SKIP","floor":41.0},{"not_picked":["Slice","Dodge and Roll","Poisoned Stab+1"],"picked":"SKIP","floor":46},{"not_picked":["Slice","Dodge and Roll","Poisoned Stab+1"],"picked":"SKIP","floor":46},{"not_picked":["Riddle With Holes","Infinite Blades","All Out Attack+1"],"picked":"SKIP","floor":47},{"not_picked":["Tools of the Trade","Poisoned Stab","Bane+1"],"picked":"SKIP","floor":48}],"player_experience":741373,"relics_obtained":[{"floor":9.0,"key":"Boot"},{"floor":22.0,"key":"StrikeDummy"},{"floor":26.0,"key":"MawBank"},{"floor":46,"key":"Ice Cream"}],"event_choices":[{"damage_healed":0.0,"max_hp_gain":0.0,"max_hp_loss":0.0,"gold_gain":0.0,"event_name":"WeMeetAgain","player_choice":"Gave Potion","floor":3.0,"gold_loss":0.0,"damage_taken":0.0,"relics_obtained":["Ornamental Fan"]},{"damage_healed":0.0,"max_hp_gain":0.0,"max_hp_loss":0.0,"gold_gain":0.0,"event_name":"Scrap Ooze","player_choice":"Success","floor":7.0,"gold_loss":0.0,"damage_taken":5.0,"relics_obtained":["Bronze Scales"]},{"damage_healed":0.0,"max_hp_gain":0.0,"max_hp_loss":0.0,"gold_gain":0.0,"event_name":"Lab","player_choice":"Got Potions","floor":8.0,"gold_loss":0.0,"damage_taken":0.0},{"damage_healed":0.0,"max_hp_gain":0.0,"max_hp_loss":33.0,"gold_gain":0.0,"event_name":"Ghosts","player_choice":"Became a Ghost","floor":19.0,"gold_loss":0.0,"damage_taken":0.0,"cards_obtained":["Ghostly","Ghostly","Ghostly"]},{"damage_healed":0.0,"max_hp_gain":0.0,"max_hp_loss":0.0,"gold_gain":50.0,"event_name":"Nest","player_choice":"Stole From Cult","floor":21.0,"gold_loss":0.0,"damage_taken":0.0},{"cards_removed":["Neutralize"],"damage_healed":0.0,"max_hp_gain":0.0,"max_hp_loss":0.0,"gold_gain":0.0,"event_name":"Falling","player_choice":"Removed Attack","floor":38.0,"gold_loss":0.0,"damage_taken":0.0},{"damage_healed":0.0,"max_hp_gain":0.0,"max_hp_loss":0.0,"gold_gain":0.0,"event_name":"The Woman in Blue","player_choice":"Bought 3 Potions","floor":44.0,"gold_loss":0.0,"damage_taken":0.0}],"is_beta":false,"boss_relics":[{"not_picked":["Cursed Key","Snecko Eye"],"picked":"Ring of the Serpent"},{"not_picked":["Black Star","Coffee Dripper"],"picked":"Empty Cage"}],"items_purged_floors":[2,25,28,36],"is_endless":false,"potions_floor_spawned":[1,10,20,27,30,31,37,39],"ascension_level":20}}