{"host":"kyy1kus4tsuq869y","time":1608208121,"event":{"mods":["BaseMod","Downfall","GifTheSpireLib","HololiveMod","Hubris","Jorbs\u0027s Wanderer Trilogy","Marisa£®ÏF”Í°°ƒß¿Ì…≥£©","Minty Spire (QoL Compilation)","Quick Restart","READ ME - Guardian Mod","READ ME - Snecko Mod","Reimu£®≤©¿ˆ¡È√Œ£©","Remilia£®¿Ÿ√◊¿Ú—«£©","Replay The Spire","StSLib","Td1madao Mod","The Administrix","The Animator","The Bug Knight","The Construct","The Cursed","The Hierophant","The Runesmith","The Senshi","The Servant 0.9.4","Youmu£®ªÍ∆«—˝√Œ£©"],"gold_per_floor":[110,124,124,124,30,30,30,57,57,74,108,108,122,155,155,155,155],"floor_reached":16,"playtime":529,"items_purged":[],"score":236,"play_id":"9ae7b9c6-5e57-4b3e-8284-2d49b2848260","local_time":"20201217202841","is_ascension_mode":true,"campfire_choices":[{"data":"Corruption","floor":6,"key":"SMITH"},{"data":"Fire Breathing","floor":12,"key":"SMITH"},{"data":"Limit Break","floor":15,"key":"SMITH"}],"circlet_count":0,"master_deck":["AscendersBane","Strike_R","Strike_R","Strike_R","Strike_R","Strike_R","Defend_R","Defend_R","Defend_R","Defend_R+1","Bash","Corruption+1","Replay:Undeath\u0027s Touch","Limit Break+1","Spreading Infection","Fire Breathing+1","Shrug It Off","Infernal Blade","Intimidate","Shrug It Off"],"relics":["Burning Blood","Ring of Searing","Ring of Misfortune","HollowMod:PaleOreRelic","Smiling Mask","Pen Nib","Strawberry","Blue Candle"],"acts_visited":["Exordium"],"potions_floor_usage":[14],"damage_taken":[{"damage":11,"enemies":"Jaw Worm","floor":1,"turns":4},{"damage":8,"enemies":"2 Louse","floor":2,"turns":2},{"damage":27,"enemies":"Lagavulin","floor":8,"turns":6},{"damage":4,"enemies":"Small Slimes","floor":10,"turns":4},{"damage":11,"enemies":"3 Sentries","floor":11,"turns":5},{"damage":2,"enemies":"Exordium Thugs","floor":13,"turns":4},{"damage":19,"enemies":"Lagavulin","floor":14,"turns":4},{"damage":14,"enemies":"The Guardian","floor":16,"turns":5}],"seed_played":"-4736100769690012552","potions_obtained":[{"floor":8,"key":"ColorlessPotion"},{"floor":11,"key":"Languid Potion"}],"is_trial":false,"path_per_floor":["M","M","?","?","$","R","?","E","T","M","E","R","M","E","R","B"],"character_chosen":"IRONCLAD","items_purchased":["Fire Breathing","Shrug It Off"],"campfire_rested":0,"item_purchase_floors":[5,5],"current_hp_per_floor":[63,61,61,61,61,61,61,40,40,42,44,44,48,35,35,21,21],"gold":155,"neow_bonus":"ONE_RANDOM_RARE_CARD","is_daily":false,"chose_seed":false,"campfire_upgraded":3,"win_rate":0.0,"timestamp":1608208121,"path_taken":["M","M","?","?","$","R","?","E","T","M","E","R","?","E","R","BOSS"],"items_purchased_type":["Card","Card"],"build_version":"2020-12-13","purchased_purges":0,"victory":false,"max_hp_per_floor":[75,75,75,75,75,75,75,75,75,75,82,82,82,82,82,82,82],"card_choices":[{"not_picked":["True Grit","Pommel Strike"],"picked":"Replay:Undeath\u0027s Touch","floor":1},{"not_picked":["Headbutt","Wild Strike"],"picked":"Limit Break","floor":2},{"not_picked":["ReplayTheSpireMod:LeadingStrike","Corruption","Headbutt"],"picked":"SKIP","floor":8},{"not_picked":["Body Slam","Thunderclap","Life Link"],"picked":"SKIP","floor":10},{"not_picked":["Warcry","Iron Wave"],"picked":"Infernal Blade","floor":11},{"not_picked":["True Grit","Pommel Strike"],"picked":"Intimidate","floor":13},{"not_picked":["Warcry","Thunderclap"],"picked":"Shrug It Off","floor":14}],"player_experience":461813,"relics_obtained":[{"floor":4,"key":"Ring of Searing"},{"floor":4,"key":"Ring of Misfortune"},{"floor":8,"key":"Smiling Mask"},{"floor":9,"key":"Pen Nib"},{"floor":11,"key":"Strawberry"},{"floor":14,"key":"Blue Candle"}],"event_choices":[{"damage_healed":0,"gold_gain":0,"player_choice":"Searched \u00272\u0027 times","damage_taken":0,"relics_obtained":["HollowMod:PaleOreRelic"],"max_hp_gain":0,"max_hp_loss":0,"event_name":"Dead Adventurer","floor":7,"gold_loss":0}],"is_beta":false,"boss_relics":[],"items_purged_floors":[],"is_endless":false,"potions_floor_spawned":[8,11,13],"killed_by":"The Guardian","ascension_level":20}}