{"host":"hvwa7s69zr612rn1","time":1608207667,"event":{"mods":["BaseMod","Colored Map","Colored Powertips","Koishi","Minty Spire (QoL Compilation)","StSLib"],"gold_per_floor":[109,123,140,110,129,129,163,174,174,204,204,216,141,166,166,265,265,280,294,12,12,63,96,96,107,107,107,125,175,50,50,50,150,200,218,263,313,313,329,367,367,405,485,189,189,14,14,62,62,62,62,62,35,65,65],"floor_reached":56,"playtime":3781,"items_purged":["Koishi:BasicDefend","Koishi:BasicDefend","Koishi:BasicDefend","Koishi:BasicDefend","Koishi:BasicStrike"],"score":1322,"play_id":"c266f15e-fedc-4d3d-8c8c-1329e515431f","local_time":"20201217232107","is_ascension_mode":true,"campfire_choices":[{"data":"Koishi:PhantomBarrier","floor":6.0,"key":"SMITH"},{"data":"Koishi:SprinkleStarAndHeart","floor":11.0,"key":"SMITH"},{"data":"Koishi:HauntingSlash","floor":15.0,"key":"SMITH"},{"data":"Mayhem","floor":24.0,"key":"SMITH"},{"data":"Koishi:SubconsciousSweep","floor":27,"key":"SMITH"},{"data":"Koishi:SubterraneanRose","floor":32,"key":"SMITH"},{"data":"Mayhem","floor":41,"key":"SMITH"},{"data":"Koishi:RoseHell","floor":45,"key":"SMITH"},{"floor":47,"key":"RECALL"},{"data":"Koishi:BramblyRoseGarden","floor":49,"key":"SMITH"},{"data":"Koishi:Provoke","floor":52,"key":"SMITH"}],"circlet_count":0,"master_deck":["Koishi:Provoke+1","Koishi:HauntingSlash+1","Koishi:PhantomBarrier+1","Koishi:Ego","Koishi:Untouchable","Koishi:SprinkleStarAndHeart+1","Koishi:MentalBreakdown","Koishi:Possession+1","Mayhem+1","Koishi:Ego","Koishi:SubconsciousSweep+1","Koishi:SubterraneanRose+1","Koishi:Bloodlust","Koishi:RacingHeart","Koishi:RoseHell+1","Koishi:FreudianInstinct+1","Koishi:MassHysteria+1","Mayhem+1","Koishi:Untouchable","Koishi:PredatoryInstincts+1","Koishi:BramblyRoseGarden+1","Koishi:PredatoryInstincts","Koishi:HeartAttack"],"relics":["Koishi:ImaginaryFriend","Singing Bowl","Eternal Feather","Lizard Tail","Regal Pillow","Koishi:ColorfulDays","Boot","White Beast Statue","Tiny House","Bird Faced Urn","Pocketwatch","CeramicFish","Ancient Tea Set","Pear","ClockworkSouvenir","Bronze Scales"],"acts_visited":["Exordium","TheCity","TheBeyond","TheEnding"],"potions_floor_usage":[36,37,40,40,48,50,50,55,55],"damage_taken":[{"damage":1.0,"enemies":"Cultist","floor":1.0,"turns":3.0},{"damage":0.0,"enemies":"2 Louse","floor":2.0,"turns":5.0},{"damage":6.0,"enemies":"Jaw Worm","floor":3.0,"turns":8.0},{"damage":8.0,"enemies":"Exordium Thugs","floor":5.0,"turns":6.0},{"damage":3.0,"enemies":"Gremlin Nob","floor":7.0,"turns":8.0},{"damage":3.0,"enemies":"Large Slime","floor":8.0,"turns":7.0},{"damage":8.0,"enemies":"Lagavulin","floor":10.0,"turns":12.0},{"damage":1.0,"enemies":"Blue Slaver","floor":12.0,"turns":5.0},{"damage":33.0,"enemies":"Slime Boss","floor":16.0,"turns":20.0},{"damage":12.0,"enemies":"2 Thieves","floor":18.0,"turns":5.0},{"damage":0.0,"enemies":"Chosen","floor":19.0,"turns":6.0},{"damage":12.0,"enemies":"Gremlin Leader","floor":23.0,"turns":10.0},{"damage":12.0,"enemies":"Snecko","floor":25.0,"turns":8.0},{"damage":10,"enemies":"Centurion and Healer","floor":28,"turns":6},{"damage":9,"enemies":"Collector","floor":33,"turns":9},{"damage":8,"enemies":"Orb Walker","floor":35,"turns":4},{"damage":23,"enemies":"2 Orb Walkers","floor":36,"turns":4},{"damage":0,"enemies":"Mind Bloom Boss Battle","floor":37,"turns":7},{"damage":19,"enemies":"3 Darklings","floor":39,"turns":3},{"damage":56,"enemies":"Reptomancer","floor":40,"turns":5},{"damage":11,"enemies":"Nemesis","floor":42,"turns":10},{"damage":5,"enemies":"4 Shapes","floor":48,"turns":2},{"damage":50,"enemies":"Time Eater","floor":50,"turns":6},{"damage":65,"enemies":"Shield and Spear","floor":54,"turns":5},{"damage":59,"enemies":"The Heart","floor":55,"turns":6}],"seed_played":"1952377443073224854","potions_obtained":[{"floor":3.0,"key":"LiquidBronze"},{"floor":4.0,"key":"Energy Potion"},{"floor":4.0,"key":"Energy Potion"},{"floor":5.0,"key":"BlessingOfTheForge"},{"floor":10.0,"key":"Fire Potion"},{"floor":16.0,"key":"FearPotion"},{"floor":18.0,"key":"Fire Potion"},{"floor":23.0,"key":"Fire Potion"},{"floor":25,"key":"SneckoOil"},{"floor":28,"key":"Ancient Potion"},{"floor":35,"key":"Ancient Potion"},{"floor":36,"key":"Regen Potion"},{"floor":37,"key":"AttackPotion"},{"floor":39,"key":"Strength Potion"},{"floor":40,"key":"ColorlessPotion"},{"floor":42,"key":"Energy Potion"},{"floor":48,"key":"Energy Potion"},{"floor":54,"key":"Strength Potion"}],"is_trial":false,"path_per_floor":["M","M","M","?","M","R","E","M","T","E","R","M","$","T","R","B",null,"M","M","$","?","T","E","R","M","T","R","M","?","$","?","R","B",null,"M","?","?","?","M","E","R","E","T","$","R","$","R","M","R","B",null,"R","$","E","B",null],"character_chosen":"KOISHI","items_purchased":["Mayhem","ClockworkSouvenir","Koishi:HeartAttack"],"campfire_rested":0,"item_purchase_floors":[20,44,53],"current_hp_per_floor":[66,66,63,63,57,57,60,60,60,60,66,68,68,68,72,43,72,64,70,70,70,70,66,74,64,64,73,74,74,74,74,74,74,79,73,54,83,83,76,40,52,73,83,83,93,93,93,90,93,93,93,93,93,50,19],"gold":65,"neow_bonus":"TEN_PERCENT_HP_BONUS","is_daily":false,"chose_seed":false,"campfire_upgraded":10,"win_rate":0.0,"timestamp":1608207667,"path_taken":["M","M","M","?","M","R","E","M","T","E","R","?","$","?","R","BOSS","M","M","$","?","?","E","R","?","T","R","M","?","?","?","R","BOSS","M","?","?","?","M","E","R","E","T","$","R","?","R","?","R","BOSS","R","$","E","BOSS"],"items_purchased_type":["Card","Relic","Card"],"build_version":"2020-12-13","purchased_purges":5,"victory":true,"max_hp_per_floor":[66,66,66,66,66,66,66,68,68,70,70,72,72,72,72,72,72,72,74,74,74,74,74,74,74,74,74,74,74,74,74,74,74,79,79,81,83,83,83,83,83,83,93,93,93,93,93,93,93,93,93,93,93,95,95],"card_choices":[{"not_picked":["Koishi:EmbryosDream","Koishi:UnansweredLove"],"picked":"Koishi:PhantomBarrier","floor":1.0},{"not_picked":["Koishi:Vanish","Koishi:DNAsFlaw"],"picked":"Koishi:Ego","floor":2.0},{"not_picked":["Koishi:UnansweredLove","Koishi:RacingHeart","Koishi:PhantomBarrier"],"picked":"SKIP","floor":3.0},{"not_picked":["Koishi:Vanish","Koishi:FidgetySnatcher"],"picked":"Koishi:Untouchable","floor":5.0},{"not_picked":["Koishi:RorschachInDanmaku","Koishi:ReleaseOfTheId"],"picked":"Koishi:SprinkleStarAndHeart","floor":7.0},{"not_picked":["Koishi:SubterraneanRose","Koishi:SpiritedAway","Koishi:HeartfeltFancy"],"picked":"Singing Bowl","floor":8.0},{"not_picked":["Koishi:EmbryosDream","Koishi:RorschachInDanmaku","Koishi:EmbersOfLove"],"picked":"Singing Bowl","floor":10.0},{"not_picked":["Koishi:RacingHeart","Koishi:IdleWhim","Koishi:UnconsciousUprising"],"picked":"Singing Bowl","floor":12.0},{"not_picked":["Koishi:TerrifyingSpectre","Koishi:MindStellarRelief"],"picked":"Koishi:MentalBreakdown","floor":16.0},{"not_picked":["Koishi:ReflexRadar","Koishi:HeartfeltFancy+1"],"picked":"Koishi:Possession","floor":18.0},{"not_picked":["Koishi:DreadfulBlow+1","Koishi:EmbryosDream+1","Koishi:UnansweredLove"],"picked":"Singing Bowl","floor":19.0},{"not_picked":["Koishi:TremblingHands","Koishi:PhantomStrike"],"picked":"Koishi:Ego","floor":23.0},{"not_picked":["Koishi:ReleaseOfTheId","Koishi:UnconsciousUprising+1"],"picked":"Koishi:SubconsciousSweep","floor":25},{"not_picked":["Koishi:DNAsFlaw","Koishi:UnansweredLove"],"picked":"Koishi:SubterraneanRose","floor":28},{"not_picked":["Koishi:SuperEgo","Koishi:ImGoingToCallYouNow"],"picked":"Koishi:RoseHell","floor":33},{"not_picked":["Koishi:Prune+1","Koishi:SubterraneanRose"],"picked":"Koishi:FreudianInstinct+1","floor":34},{"not_picked":["Koishi:SpiritedAway+1","Koishi:SubterraneanRose+1"],"picked":"Koishi:MassHysteria+1","floor":35},{"not_picked":["Koishi:DreadfulBlow","Koishi:FleetingPhantom","Koishi:UnseenTerror+1"],"picked":"Singing Bowl","floor":36},{"not_picked":["Koishi:EmbryosDream+1","Koishi:BloodcurdlingScream","Koishi:SpiritedAway+1"],"picked":"Singing Bowl","floor":37},{"not_picked":["Secret Technique","Thinking Ahead"],"picked":"Mayhem","floor":38},{"not_picked":["Koishi:UnansweredLove+1","Koishi:SubterraneanRose+1"],"picked":"Koishi:Untouchable","floor":39},{"not_picked":["Koishi:RorschachInDanmaku","Koishi:ReflexRadar+1"],"picked":"Koishi:PredatoryInstincts+1","floor":40},{"not_picked":["Koishi:SubconsciousSweep","Koishi:EmbryosDream"],"picked":"Koishi:BramblyRoseGarden","floor":42},{"not_picked":["Koishi:ParalyzingFear","Koishi:FleetingPhantom"],"picked":"Koishi:PredatoryInstincts","floor":48},{"not_picked":["Koishi:StingingMind","Koishi:StrangeCloudFist+1","Koishi:UnconsciousUprising"],"picked":"Singing Bowl","floor":54}],"player_experience":323935,"relics_obtained":[{"floor":7.0,"key":"Singing Bowl"},{"floor":9.0,"key":"Eternal Feather"},{"floor":10.0,"key":"Lizard Tail"},{"floor":14.0,"key":"Regal Pillow"},{"floor":22.0,"key":"Boot"},{"floor":23.0,"key":"White Beast Statue"},{"floor":36,"key":"Bird Faced Urn"},{"floor":37,"key":"Pocketwatch"},{"floor":40,"key":"CeramicFish"},{"floor":42,"key":"Ancient Tea Set"},{"floor":43,"key":"Pear"},{"floor":54,"key":"Bronze Scales"}],"event_choices":[{"damage_healed":0.0,"max_hp_gain":0.0,"max_hp_loss":0.0,"gold_gain":0.0,"event_name":"The Woman in Blue","player_choice":"Bought 2 Potions","floor":4.0,"gold_loss":0.0,"damage_taken":0.0},{"cards_removed":["Koishi:BasicStrike"],"damage_healed":0.0,"max_hp_gain":0.0,"max_hp_loss":0.0,"gold_gain":0.0,"event_name":"Back to Basics","player_choice":"Elegance","floor":21.0,"gold_loss":0.0,"damage_taken":0.0},{"damage_healed":0,"gold_gain":100,"player_choice":"Bet on Murderer","damage_taken":0,"max_hp_gain":0,"max_hp_loss":0,"event_name":"The Joust","floor":29,"gold_loss":50},{"damage_healed":0,"gold_gain":0,"cards_transformed":["Koishi:BasicStrike","Koishi:BasicStrike"],"player_choice":"Became Test Subject","damage_taken":0,"max_hp_gain":0,"max_hp_loss":0,"event_name":"Drug Dealer","floor":31,"gold_loss":0,"cards_obtained":["Koishi:Bloodlust","Koishi:RacingHeart"]},{"damage_healed":0,"gold_gain":0,"player_choice":"Fight","damage_taken":0,"max_hp_gain":0,"max_hp_loss":0,"event_name":"Mysterious Sphere","floor":36,"gold_loss":0},{"damage_healed":0,"gold_gain":0,"player_choice":"Fight","damage_taken":0,"max_hp_gain":0,"max_hp_loss":0,"event_name":"MindBloom","floor":37,"gold_loss":0},{"damage_healed":0,"gold_gain":0,"player_choice":"Memory 1","damage_taken":0,"max_hp_gain":0,"max_hp_loss":0,"event_name":"SensoryStone","floor":38,"gold_loss":0}],"is_beta":false,"boss_relics":[{"not_picked":["Pandora\u0027s Box","Runic Pyramid"],"picked":"Koishi:ColorfulDays"},{"not_picked":["Busted Crown","Snecko Eye"],"picked":"Tiny House"}],"items_purged_floors":[13,20,30,44,46],"is_endless":false,"potions_floor_spawned":[3,5,10,16,18,23,25,28,33,35,36,37,39,40,42,48,54],"ascension_level":2}}