{"host":"ixbvfs3so5a39bhe","time":1608199624,"event":{"mods":["BaseMod","Minty Spire (QoL Compilation)","Quick Restart","StSLib"],"gold_per_floor":[113,188,188,188,206,241,241,277,346,346,367,383,397,397,397,397,397],"floor_reached":16,"playtime":577,"items_purged":[],"score":160,"play_id":"7df66d56-cb01-4d2f-9696-fca2ac71572c","local_time":"20201217180704","is_ascension_mode":false,"campfire_choices":[{"data":"Heavy Blade","floor":7,"key":"SMITH"},{"data":"Iron Wave","floor":10,"key":"SMITH"},{"floor":15,"key":"RECALL"}],"circlet_count":0,"master_deck":["Strike_R","Strike_R","Strike_R","Strike_R","Strike_R","Defend_R","Defend_R","Defend_R","Defend_R","Bash","Iron Wave+1","Heavy Blade+1"],"relics":["Burning Blood","NeowsBlessing","Golden Idol","Strawberry","Singing Bowl","FaceOfCleric"],"acts_visited":["Exordium"],"potions_floor_usage":[13,16],"damage_taken":[{"damage":0,"enemies":"2 Louse","floor":1,"turns":1},{"damage":0,"enemies":"Small Slimes","floor":5,"turns":1},{"damage":0,"enemies":"Lagavulin","floor":6,"turns":1},{"damage":52,"enemies":"Gremlin Nob","floor":8,"turns":6},{"damage":1,"enemies":"Cultist","floor":11,"turns":4},{"damage":4,"enemies":"Red Slaver","floor":12,"turns":4},{"damage":4,"enemies":"Lots of Slimes","floor":13,"turns":5},{"damage":50,"enemies":"Slime Boss","floor":16,"turns":9}],"seed_played":"-3412637345803841869","potions_obtained":[{"floor":1,"key":"Dexterity Potion"},{"floor":8,"key":"EssenceOfSteel"},{"floor":13,"key":"Fire Potion"}],"is_trial":false,"path_per_floor":["M","?","?","?","M","E","R","E","T","R","M","M","M","?","R","B"],"character_chosen":"IRONCLAD","items_purchased":[],"campfire_rested":0,"item_purchase_floors":[],"current_hp_per_floor":[80,69,69,62,68,81,81,37,37,37,44,48,52,52,52,2,2],"gold":397,"neow_bonus":"THREE_ENEMY_KILL","is_daily":false,"chose_seed":false,"campfire_upgraded":2,"win_rate":0.0,"timestamp":1608199624,"path_taken":["M","?","?","?","M","E","R","E","T","R","M","M","M","?","R","BOSS"],"items_purchased_type":[],"build_version":"2020-12-13","purchased_purges":0,"victory":false,"max_hp_per_floor":[80,80,80,80,80,87,87,89,89,89,91,93,95,95,95,95,95],"card_choices":[{"not_picked":["Pummel","Pommel Strike"],"picked":"Iron Wave","floor":1},{"not_picked":["Fire Breathing","Havoc"],"picked":"Heavy Blade","floor":5},{"not_picked":["Havoc","Spot Weakness","Hemokinesis"],"picked":"SKIP","floor":6},{"not_picked":["Sword Boomerang","Clash","True Grit"],"picked":"Singing Bowl","floor":8},{"not_picked":["Exhume","Anger","Pommel Strike"],"picked":"Singing Bowl","floor":11},{"not_picked":["Clash","Armaments","Anger"],"picked":"Singing Bowl","floor":12},{"not_picked":["Burning Pact","Sword Boomerang","Infernal Blade"],"picked":"Singing Bowl","floor":13}],"player_experience":219713,"relics_obtained":[{"floor":6,"key":"Strawberry"},{"floor":8,"key":"Singing Bowl"}],"event_choices":[{"damage_healed":0,"gold_gain":75,"player_choice":"Gather Gold","damage_taken":11,"max_hp_gain":0,"max_hp_loss":0,"event_name":"World of Goop","floor":2,"gold_loss":0},{"damage_healed":0,"gold_gain":0,"player_choice":"Take Wound","damage_taken":0,"relics_obtained":["Golden Idol"],"max_hp_gain":0,"max_hp_loss":0,"event_name":"Golden Idol","floor":3,"gold_loss":0,"cards_obtained":["Injury"]},{"cards_removed":["Injury"],"damage_healed":0,"gold_gain":0,"player_choice":"Card Removal","damage_taken":7,"max_hp_gain":0,"max_hp_loss":0,"event_name":"Golden Wing","floor":4,"gold_loss":0},{"damage_healed":0,"gold_gain":0,"player_choice":"Trade","damage_taken":0,"relics_obtained":["FaceOfCleric"],"max_hp_gain":0,"max_hp_loss":0,"event_name":"FaceTrader","floor":14,"gold_loss":0}],"is_beta":false,"boss_relics":[],"items_purged_floors":[],"is_endless":false,"potions_floor_spawned":[1,8,13],"killed_by":"Slime Boss","ascension_level":0}}