{"host":"egyxg9lnjq7g2hmw","time":1608196175,"event":{"mods":["AchievementEnabler","BaseMod","Block Reminder","Colored Map","Colored Powertips","Highlight Path","Minty Spire (QoL Compilation)","Rare Cards Sparkle","StSLib"],"gold_per_floor":[117,117,132,132,144,144,175,175,224,224,30,53,87,87,87,180,180,194,194,119,139,158,158,158],"floor_reached":23,"playtime":1135,"items_purged":["Strike_G"],"score":378,"play_id":"9c3d6588-266b-44b2-a84a-e8d86d573173","local_time":"20201217010935","is_ascension_mode":true,"campfire_choices":[{"data":"Wraith Form v2","floor":6.0,"key":"SMITH"},{"data":"Well Laid Plans","floor":8.0,"key":"SMITH"},{"data":"1","floor":15.0,"key":"LIFT"}],"circlet_count":0,"master_deck":["AscendersBane","Strike_G","Strike_G","Strike_G","Defend_G","Defend_G","Defend_G","Defend_G","Defend_G","Survivor","Neutralize","Swift Strike","Well Laid Plans+1","Eviscerate","Wraith Form v2+1","Dagger Throw","Setup","Glass Knife","Flying Knee","Terror","Die Die Die","CurseOfTheBell","Glass Knife"],"relics":["Ring of the Snake","Centennial Puzzle","Oddly Smooth Stone","Golden Idol","Girya","Calling Bell","Potion Belt","Matryoshka","Lizard Tail"],"acts_visited":["Exordium","TheCity"],"potions_floor_usage":[23],"damage_taken":[{"damage":0.0,"enemies":"Small Slimes","floor":1.0,"turns":4.0},{"damage":1.0,"enemies":"2 Louse","floor":3.0,"turns":3.0},{"damage":1.0,"enemies":"Jaw Worm","floor":5.0,"turns":4.0},{"damage":26.0,"enemies":"Gremlin Nob","floor":7.0,"turns":4.0},{"damage":7.0,"enemies":"Blue Slaver","floor":12.0,"turns":2.0},{"damage":20.0,"enemies":"Lagavulin","floor":13.0,"turns":8.0},{"damage":2.0,"enemies":"Hexaghost","floor":16.0,"turns":9.0},{"damage":13,"enemies":"2 Thieves","floor":18,"turns":4},{"damage":0,"enemies":"Chosen","floor":21,"turns":3},{"damage":28,"enemies":"3 Cultists","floor":22,"turns":6},{"damage":5,"enemies":"Cultist and Chosen","floor":23,"turns":4}],"seed_played":"-1903082287228923101","potions_obtained":[{"floor":5.0,"key":"ColorlessPotion"},{"floor":7.0,"key":"GhostInAJar"},{"floor":12.0,"key":"Poison Potion"},{"floor":16.0,"key":"LiquidBronze"},{"floor":21,"key":"DuplicationPotion"}],"is_trial":false,"path_per_floor":["M","?","M","?","M","R","E","R","T","?","$","M","E","?","R","B",null,"M","?","$","M","M","M"],"character_chosen":"THE_SILENT","items_purchased":["Glass Knife","Flying Knee"],"campfire_rested":0,"item_purchase_floors":[11,11],"current_hp_per_floor":[59,59,58,58,57,57,31,31,31,31,31,24,4,4,4,2,46,33,33,33,33,5,30,30],"gold":158,"neow_bonus":"RANDOM_COLORLESS","is_daily":false,"chose_seed":false,"campfire_upgraded":2,"win_rate":0.0,"timestamp":1608196175,"path_taken":["M","?","M","?","M","R","E","R","T","?","?","?","E","?","R","BOSS","M","?","?","M","M","M"],"items_purchased_type":["Card","Card"],"build_version":"2020-12-13","purchased_purges":1,"victory":false,"max_hp_per_floor":[66,66,66,66,66,66,66,66,66,60,60,60,60,60,60,60,60,60,60,60,60,60,60,60],"card_choices":[{"not_picked":["Impatience","Jack Of All Trades"],"picked":"Swift Strike","floor":0.0},{"not_picked":["Infinite Blades","Cloak And Dagger"],"picked":"Well Laid Plans","floor":1.0},{"not_picked":["Poisoned Stab","Dodge and Roll"],"picked":"Eviscerate","floor":3.0},{"not_picked":["Slice","Deadly Poison"],"picked":"Dagger Throw","floor":5.0},{"not_picked":["Footwork","Dodge and Roll"],"picked":"Setup","floor":7.0},{"not_picked":["Dagger Throw","Deflect","Poisoned Stab"],"picked":"SKIP","floor":12.0},{"not_picked":["Infinite Blades","A Thousand Cuts"],"picked":"Terror","floor":13.0},{"not_picked":["Unload","Wraith Form v2"],"picked":"Die Die Die","floor":16.0},{"not_picked":["Riddle With Holes","Deflect","Crippling Poison"],"picked":"SKIP","floor":18},{"not_picked":["Deflect","Underhanded Strike","Slice"],"picked":"SKIP","floor":21},{"not_picked":["Deflect","Underhanded Strike","Slice"],"picked":"SKIP","floor":21},{"not_picked":["Deadly Poison","Flying Knee","Dagger Spray"],"picked":"SKIP","floor":22}],"player_experience":492720,"relics_obtained":[{"floor":7.0,"key":"Centennial Puzzle"},{"floor":9.0,"key":"Oddly Smooth Stone"},{"floor":13.0,"key":"Girya"},{"floor":17.0,"key":"Potion Belt"},{"floor":17.0,"key":"Matryoshka"},{"floor":17.0,"key":"Lizard Tail"}],"event_choices":[{"damage_healed":0.0,"max_hp_gain":0.0,"max_hp_loss":0.0,"gold_gain":0.0,"event_name":"Liars Game","player_choice":"Ignored","floor":2.0,"gold_loss":0.0,"damage_taken":0.0},{"damage_healed":0.0,"max_hp_gain":0.0,"max_hp_loss":0.0,"gold_gain":0.0,"cards_transformed":["Strike_G"],"event_name":"Living Wall","player_choice":"Change","floor":4.0,"gold_loss":0.0,"damage_taken":0.0,"cards_obtained":["Wraith Form v2"]},{"damage_healed":0.0,"max_hp_gain":0.0,"max_hp_loss":6.0,"gold_gain":0.0,"event_name":"Golden Idol","player_choice":"Lose Max HP","floor":10.0,"gold_loss":0.0,"damage_taken":0.0,"relics_obtained":["Golden Idol"]},{"damage_healed":0.0,"max_hp_gain":0.0,"max_hp_loss":0.0,"gold_gain":0.0,"event_name":"Shining Light","player_choice":"Ignored","floor":14.0,"gold_loss":0.0,"damage_taken":0.0},{"damage_healed":0,"gold_gain":0,"player_choice":"Copied","damage_taken":0,"max_hp_gain":0,"max_hp_loss":0,"event_name":"Duplicator","floor":19,"gold_loss":0,"cards_obtained":["Glass Knife"]}],"is_beta":false,"boss_relics":[{"not_picked":["SacredBark","Fusion Hammer"],"picked":"Calling Bell"}],"items_purged_floors":[20],"is_endless":false,"potions_floor_spawned":[5,7,12,16,21],"killed_by":"Cultist and Chosen","ascension_level":18}}