{"host":"kos1s9q8ffr8fqos","time":1608182222,"event":{"mods":["2.2 Compatiblity","AchievementEnabler","AlwaysNeverKeys","BaseMod","Bestiary","Better Altar","Better Match","Better Note","Better Sensory Stone","Better Skull","Better Third Choice","Better Vampires","Colored Map","Colored Powertips","Curses Come First","Hermit","Infinite Spire","Jorbs\u0027s Wanderer Trilogy","Minty Spire (QoL Compilation)","Quick Restart","Random Character Button","Relic Stats","Replay The Spire","Shop Mod","StSLib","The Blue Laboratory","The Disciple","The Hierophant"],"gold_per_floor":[112,112,126,68,81,109,125,143,143,168,168,168,185,200,200,298,298,308,308,308,308,325,360,360,376,376,376,376,376,391,418,418,516,516,516,563,343,392,411,411,428,428,428,441,441,431,451,451,451,451],"floor_reached":51,"playtime":19862,"items_purged":["Strike_Br","Defend_Br"],"score":1046,"play_id":"5888b7a1-7ed6-4e8f-8f59-020ee8db2efa","local_time":"20201216231702","is_ascension_mode":true,"campfire_choices":[{"data":"LockedWarPaint","floor":11.0,"key":"SMITH"},{"floor":15.0,"key":"REST"},{"data":"Sospirando","floor":24.0,"key":"SMITH"},{"data":"TiringSlam","floor":27.0,"key":"SMITH"},{"floor":32.0,"key":"REST"},{"data":"LockedPlans","floor":32.0,"key":"SMITH"},{"floor":40.0,"key":"REST"},{"data":"WakeUpCall","floor":40.0,"key":"SMITH"},{"floor":42.0,"key":"REST"},{"data":"ReplayTheSpireMod:??????????????????????","floor":42.0,"key":"SMITH"},{"floor":45.0,"key":"REST"},{"data":"Flay","floor":45.0,"key":"SMITH"},{"floor":49.0,"key":"REST"},{"data":"ResonantCall","floor":49.0,"key":"SMITH"}],"circlet_count":0,"master_deck":["Strike_Br+1","Strike_Br+1","Defend_Br","Defend_Br","SecondHand","PatternShift+1","LockedPlans+1","Engulf","Keepsakes+1","Allegro","Flay","LockedMercury","Analog","LockedWarPaint+1","Engulf","WindUp","Misterioso","Pendulum","BlueShift","Sospirando+1","ResonantCall+1","Facsimile","TiringSlam+1","infinitespire:Menacing","Parity+1","ExoVibe","Flay+1","Injury","BackFourSeconds","Purity","ReplayTheSpireMod:??????????????????????+1","hierophant:ChurchCoffers","Parity+1","HandsUpB+1","Stagnate","Looming Evil","WakeUpCall+1","Cuckoo+1","Recurrance","RageCommand","Recurrance+1","WindUp+1"],"relics":["Chronometer","Incense Burner","Thread and Needle","infinitespire:Broken Mirror","Replay:Bronze Core","Garlic","infinitespire:CursedDice","infinitespire:Magic Flask","Bag of Marbles","Strange Spoon","Nunchaku","MerchantsRug","ReplayTheSpireMod:CursedCoin","infinitespire:Lucky Rock","Gambling Chip","infinitespire:Satchel","Replay:Bottled Eggs","Prayer Wheel"],"acts_visited":["Exordium","TheCity","TheBeyond"],"potions_floor_usage":[50,50,50,50,50],"damage_taken":[{"damage":2.0,"enemies":"2 Louse","floor":1.0,"turns":3.0},{"damage":0.0,"enemies":"Cultist","floor":3.0,"turns":7.0},{"damage":2.0,"enemies":"Jaw Worm","floor":5.0,"turns":3.0},{"damage":39.0,"enemies":"3 Sentries","floor":6.0,"turns":11.0},{"damage":3.0,"enemies":"Blue Slaver","floor":7.0,"turns":4.0},{"damage":3.0,"enemies":"Looter","floor":8.0,"turns":3.0},{"damage":0.0,"enemies":"Lagavulin","floor":10.0,"turns":6.0},{"damage":0.0,"enemies":"Large Slime","floor":13.0,"turns":5.0},{"damage":9.0,"enemies":"Blue Slaver","floor":14.0,"turns":3.0},{"damage":0.0,"enemies":"Slime Boss","floor":16.0,"turns":10.0},{"damage":12.0,"enemies":"3 Byrds","floor":18.0,"turns":4.0},{"damage":3.0,"enemies":"2 Thieves","floor":22.0,"turns":5.0},{"damage":0.0,"enemies":"Book of Stabbing","floor":23.0,"turns":6.0},{"damage":2.0,"enemies":"Centurion and Healer","floor":25.0,"turns":7.0},{"damage":4.0,"enemies":"Colosseum Slavers","floor":29.0,"turns":6.0},{"damage":0.0,"enemies":"3 Cultists","floor":30.0,"turns":6.0},{"damage":27.0,"enemies":"Gremlin Leader","floor":31.0,"turns":6.0},{"damage":0.0,"enemies":"Champ","floor":33.0,"turns":18.0},{"damage":0.0,"enemies":"Orb Walker","floor":35.0,"turns":4.0},{"damage":18.0,"enemies":"2 Orb Walkers","floor":38.0,"turns":4.0},{"damage":0.0,"enemies":"3 Shapes","floor":39.0,"turns":4.0},{"damage":0.0,"enemies":"3 Darklings","floor":41.0,"turns":6.0},{"damage":0.0,"enemies":"Reptomancer","floor":44.0,"turns":6.0},{"damage":7.0,"enemies":"Nemesis","floor":46.0,"turns":8.0},{"damage":10.0,"enemies":"Sphere and 2 Shapes","floor":47.0,"turns":5.0},{"damage":23,"enemies":"Awakened One","floor":50,"turns":9}],"seed_played":"287287490060674718","potions_obtained":[{"floor":1.0,"key":"DistilledChaos"},{"floor":10.0,"key":"blueLaboratory:NullPotion"},{"floor":14.0,"key":"Flashbang"},{"floor":16.0,"key":"LifebloodPotion"},{"floor":22.0,"key":"HastePotion"},{"floor":25.0,"key":"blueLaboratory:HummingbirdPotion"},{"floor":30.0,"key":"blueLaboratory:BottleOfRum"},{"floor":36.0,"key":"blueLaboratory:EmptyBottle"},{"floor":38.0,"key":"blueLaboratory:HorrorPotion"},{"floor":41.0,"key":"Strength Potion"},{"floor":46.0,"key":"Venom Potion"},{"floor":47.0,"key":"SteroidPotion"}],"is_trial":false,"path_per_floor":["M","?","M","$","M","E","M","M","T","E","R","?","M","M","R","B",null,"M","T","?","T","M","E","R","M","T","R","AVR","?","M","E","R","B",null,"M","?","$","?","M","R","M","R","T","E","R","E","M","?","R","B",null],"character_chosen":"CHRONO_CLASS","items_purchased":["Keepsakes+1","MerchantsRug","ReplayTheSpireMod:CursedCoin","WakeUpCall","infinitespire:Lucky Rock","SteroidPotion"],"campfire_rested":6,"item_purchase_floors":[4,37,37,37,37,37],"current_hp_per_floor":[63,63,63,63,61,22,19,16,16,16,16,16,16,7,26,26,65,53,53,53,53,50,50,50,48,48,48,48,44,44,17,36,36,65,65,39,39,21,21,40,40,59,59,59,65,63,53,53,65,42],"gold":451,"neow_bonus":"REMOVE_CARD","is_daily":false,"chose_seed":false,"campfire_upgraded":8,"win_rate":0.0,"timestamp":1608182222,"path_taken":["M","?","M","$","M","E","M","M","T","E","R","?","?","M","R","BOSS","M","?","?","?","M","E","R","M","T","R","AVR","?","M","E","R","BOSS","M","?","$","?","M","R","M","R","T","E","R","E","M","?","R","BOSS"],"items_purchased_type":["Card","Relic","Relic","Card","Relic","Potion"],"build_version":"2020-12-13","purchased_purges":2,"victory":true,"max_hp_per_floor":[65,65,65,65,65,65,65,65,65,65,65,65,65,65,65,65,65,65,65,65,65,65,65,65,65,65,65,65,65,65,65,65,65,65,65,65,65,65,65,65,65,65,65,65,65,65,65,65,65,65],"relic_stats":{"Strange Spoon":[43],"Nunchaku":[9],"counters":[26,159],"Gambling Chip":[10],"Prayer Wheel":1,"obtain_stats":[{"Potion Belt":31,"MerchantsRug":37,"infinitespire:CursedDice":21,"ReplayTheSpireMod:CursedCoin":37,"Thread and Needle":9,"ReplayTheSpireMod:SealedPack":34,"Incense Burner":6,"infinitespire:Magic Flask":23,"infinitespire:Lucky Rock":37,"Strange Spoon":28,"Nunchaku":36,"Chronometer":0,"infinitespire:Broken Mirror":10,"Replay:Bronze Core":17,"Gambling Chip":38,"infinitespire:Satchel":43,"Prayer Wheel":46,"Garlic":19,"Bag of Marbles":26,"Replay:Bottled Eggs":44},{"Potion Belt":17,"MerchantsRug":19,"infinitespire:CursedDice":11,"ReplayTheSpireMod:CursedCoin":19,"Thread and Needle":6,"ReplayTheSpireMod:SealedPack":18,"Incense Burner":4,"infinitespire:Magic Flask":13,"infinitespire:Lucky Rock":19,"Strange Spoon":14,"Nunchaku":19,"Chronometer":0,"infinitespire:Broken Mirror":7,"Replay:Bronze Core":10,"Gambling Chip":20,"infinitespire:Satchel":22,"Prayer Wheel":24,"Garlic":11,"Bag of Marbles":14,"Replay:Bottled Eggs":23},{"Potion Belt":95,"MerchantsRug":117,"infinitespire:CursedDice":59,"ReplayTheSpireMod:CursedCoin":117,"Thread and Needle":31,"ReplayTheSpireMod:SealedPack":113,"Incense Burner":24,"infinitespire:Magic Flask":70,"infinitespire:Lucky Rock":117,"Strange Spoon":77,"Nunchaku":117,"Chronometer":0,"infinitespire:Broken Mirror":37,"Replay:Bronze Core":55,"Gambling Chip":121,"infinitespire:Satchel":131,"Prayer Wheel":145,"Garlic":59,"Bag of Marbles":77,"Replay:Bottled Eggs":137}]},"card_choices":[{"not_picked":["LockedTurtyl","BiteCommand"],"picked":"LockedPlans","floor":1.0},{"not_picked":["HandsUpC","ExoVibe"],"picked":"Engulf","floor":3.0},{"not_picked":["EscortCommand","WakeUpCall"],"picked":"Tempo","floor":5.0},{"not_picked":["Engulf","Echoward"],"picked":"Flay","floor":6.0},{"not_picked":["LockedTornado","VestedLegacy"],"picked":"LockedMercury","floor":7.0},{"not_picked":["LockedTornado","LockedMawBank"],"picked":"Analog","floor":8.0},{"not_picked":["EscortCommand","LockedScales"],"picked":"LockedWarPaint","floor":10.0},{"not_picked":["LockedScales","TiringSlam"],"picked":"Engulf","floor":13.0},{"not_picked":["Engulf","LockedScales"],"picked":"WindUp","floor":14.0},{"not_picked":["Chronoelasticity","LockedCalendar"],"picked":"Pendulum","floor":16.0},{"not_picked":["ExoVibe","LockedAnchor"],"picked":"BlueShift","floor":18.0},{"not_picked":["AlternateTimeline","LockedFlame"],"picked":"ResonantCall","floor":22.0},{"not_picked":["Tempo","AlternateTimeline"],"picked":"Facsimile","floor":23.0},{"not_picked":["ReapSow","HandsUpC"],"picked":"TiringSlam","floor":25.0},{"not_picked":["LockedUrn+1","LockedWhetstone"],"picked":"Parity+1","floor":30.0},{"not_picked":["LockedBlood","LockedMedicine"],"picked":"ExoVibe","floor":31.0},{"not_picked":["MasterKey","OldTimer"],"picked":"Flay","floor":33.0},{"not_picked":["OverTime","OracleForm"],"picked":"BackFourSeconds","floor":34.0},{"not_picked":["Blind","Forethought"],"picked":"Purity","floor":34.0},{"not_picked":["infinitespire:NeuralNetwork","infinitespire:DeathsTouch"],"picked":"ReplayTheSpireMod:??????????????????????","floor":34.0},{"not_picked":["stsjorbsmod:FreshAdventure","hierophant:Punish"],"picked":"hierophant:ChurchCoffers","floor":34.0},{"not_picked":["CrunchTime+1","ResonantCall"],"picked":"Parity+1","floor":35.0},{"not_picked":["AlternateTimeline+1","WatchCommand+1"],"picked":"HandsUpB+1","floor":36.0},{"not_picked":["LockedScales","WindUp+1"],"picked":"Stagnate","floor":36.0},{"not_picked":["SlimeSpray","WindUp+1"],"picked":"Cuckoo+1","floor":38.0},{"not_picked":["Parity+1","LockedBlood"],"picked":"Recurrance","floor":39.0},{"not_picked":["ExoVibe","LockedTurtyl+1"],"picked":"RageCommand","floor":41.0},{"not_picked":["LockedAnchor","Keepsakes"],"picked":"Recurrance+1","floor":44.0},{"not_picked":["ReapSow","Recurrance","WindUp"],"picked":"SKIP","floor":46.0},{"not_picked":["LockedAnchor","LockedScales"],"picked":"WindUp+1","floor":47.0},{"not_picked":["Cuckoo","WindUp","LockedAnchor"],"picked":"SKIP","floor":47.0}],"player_experience":1225193,"relics_obtained":[{"floor":6.0,"key":"Incense Burner"},{"floor":9.0,"key":"Thread and Needle"},{"floor":10.0,"key":"infinitespire:Broken Mirror"},{"floor":19.0,"key":"Garlic"},{"floor":21.0,"key":"infinitespire:CursedDice"},{"floor":23.0,"key":"infinitespire:Magic Flask"},{"floor":26.0,"key":"Bag of Marbles"},{"floor":31.0,"key":"Potion Belt"},{"floor":36.0,"key":"Nunchaku"},{"floor":38.0,"key":"Gambling Chip"},{"floor":43.0,"key":"infinitespire:Satchel"},{"floor":44.0,"key":"Replay:Bottled Eggs"},{"floor":46.0,"key":"Prayer Wheel"}],"event_choices":[{"damage_healed":0.0,"max_hp_gain":0.0,"max_hp_loss":0.0,"gold_gain":0.0,"cards_transformed":["Strike_Br"],"event_name":"Transmorgrifier","player_choice":"Transformed","floor":12.0,"gold_loss":0.0,"damage_taken":0.0,"cards_obtained":["Tempo"]},{"damage_healed":0.0,"max_hp_gain":0.0,"max_hp_loss":0.0,"gold_gain":0.0,"event_name":"The Library","player_choice":"Read","floor":20.0,"gold_loss":0.0,"damage_taken":0.0,"cards_obtained":["Tempo"]},{"damage_healed":0.0,"max_hp_gain":0.0,"max_hp_loss":0.0,"gold_gain":0.0,"event_name":"Colosseum","player_choice":"Fight","floor":29.0,"gold_loss":0.0,"damage_taken":0.0},{"damage_healed":0.0,"max_hp_gain":0.0,"max_hp_loss":0.0,"gold_gain":0.0,"event_name":"Colosseum","player_choice":"Fled From Nobs","floor":29.0,"gold_loss":0.0,"damage_taken":0.0},{"damage_healed":0.0,"max_hp_gain":0.0,"max_hp_loss":0.0,"gold_gain":0.0,"event_name":"Mysterious Sphere","player_choice":"Fight","floor":38.0,"gold_loss":0.0,"damage_taken":0.0}],"is_beta":false,"boss_relics":[{"not_picked":["ChewingGum","Velvet Choker"],"picked":"Replay:Bronze Core"},{"not_picked":["infinitespire:Cupcake","Fusion Hammer"],"picked":"ReplayTheSpireMod:SealedPack"}],"items_purged_floors":[28,37],"is_endless":false,"potions_floor_spawned":[1,10,14,16,22,25,29,30,38,41,46,47],"ascension_level":2}}