{"host":"y9jgkjnf95sujozk","time":1608208924,"event":{"mods":["2.2 Compatiblity","AchievementEnabler","BaseMod","Block Reminder","Colored Map","Colored Powertips","Downfall","Friendly Minions","GifTheSpireLib","Hermit","Highlight Path","MarisaÅiñ∂âJÅ@ñÇóùçπÅj","Minty Spire (QoL Compilation)","Random Character Button","Rare Cards Sparkle","Replay The Spire","StSLib","SuperFastMode","The Animator","The Bug Knight","The Cursed","The Servant 0.9.4"],"gold_per_floor":[211,222,222,241,251,251,270,270,270,270,287,306,334,47,47,152,152,152,167,177,192,203,218,218,229,255,355,374,374,374,409,409,409,409],"floor_reached":33,"playtime":1185,"items_purged":[],"score":280,"play_id":"3a7a32c8-1cbd-4782-957c-4fae76a05111","local_time":"20201217134204","is_ascension_mode":false,"campfire_choices":[{"floor":6,"key":"REST"},{"data":"champ:DefensiveShout","floor":10,"key":"SMITH"},{"data":"Blind","floor":15,"key":"SMITH"},{"floor":24,"key":"REST"},{"floor":30,"key":"REST"},{"floor":32,"key":"REST"}],"circlet_count":0,"master_deck":["champ:Defend","champ:Defend","champ:Defend","champ:Defend","champ:Execute","champ:Taunt","champ:Control","champ:Balance","champ:FlashCut","champ:Circumvent","champ:DefensiveShout+1","champ:FocusedBerserking","champ:Balance","champ:ShieldThrow","champ:Circumvent","Blind+1","champ:Devastate","champ:FlashCut","champ:BladeFlurry+1","champ:StanceDance","champ:SteelEdge","champ:Circumvent","champ:Backstep","Decay","champ:DefensiveShout","champ:FlashCut","Bite","Bite","Bite","Bite","Bite","champ:EnGarde+1"],"relics":["champ:ChampionCrown","BranchBurnRelic","Question Card","Lee\u0027s Waffle","Cursed Key","ReplayFunnel","Shovel","Matryoshka","Red Mask"],"acts_visited":["Exordium","TheCity"],"potions_floor_usage":[13,13,13,18,27,27,27,28,28,28,28],"damage_taken":[{"damage":10,"enemies":"Small Slimes","floor":1,"turns":4},{"damage":5,"enemies":"Cultist","floor":2,"turns":2},{"damage":5,"enemies":"2 Louse","floor":4,"turns":2},{"damage":3,"enemies":"Exordium Wildlife","floor":5,"turns":3},{"damage":9,"enemies":"Large Slime","floor":7,"turns":4},{"damage":2,"enemies":"2 Fungi Beasts","floor":11,"turns":4},{"damage":0,"enemies":"Looter","floor":12,"turns":4},{"damage":14,"enemies":"3 Sentries","floor":13,"turns":6},{"damage":31,"enemies":"Slime Boss","floor":16,"turns":14},{"damage":0,"enemies":"Shell Parasite","floor":18,"turns":1},{"damage":13,"enemies":"Spheric Guardian","floor":19,"turns":5},{"damage":25,"enemies":"Cultist and Chosen","floor":20,"turns":7},{"damage":22,"enemies":"Sentry and Sphere","floor":21,"turns":5},{"damage":16,"enemies":"Centurion and Healer","floor":22,"turns":6},{"damage":14,"enemies":"3 Cultists","floor":23,"turns":5},{"damage":33,"enemies":"Snecko","floor":25,"turns":6},{"damage":14,"enemies":"Colosseum Slavers","floor":27,"turns":5},{"damage":31,"enemies":"Colosseum Nobs","floor":27,"turns":5},{"damage":12,"enemies":"Snake Plant","floor":28,"turns":3},{"damage":36,"enemies":"Masked Bandits","floor":31,"turns":4},{"damage":77,"enemies":"Collector","floor":33,"turns":5}],"seed_played":"1055735225472179702","potions_obtained":[{"floor":1,"key":"Milkshake"},{"floor":5,"key":"Weak Potion"},{"floor":11,"key":"LiquidBronze"},{"floor":13,"key":"SmokeBomb"},{"floor":16,"key":"FearPotion"},{"floor":19,"key":"Weak Potion"},{"floor":21,"key":"SpeedPotion"},{"floor":27,"key":"EntropicBrew"}],"is_trial":false,"path_per_floor":["M","M","?","M","M","R","M","?","T","R","M","M","E","$","R","B",null,"M","M","M","M","M","M","R","M","T","?","M","?","R","?","R","B"],"character_chosen":"THE_CHAMP","items_purchased":["champ:Circumvent","Lee\u0027s Waffle","Blind"],"campfire_rested":4,"item_purchase_floors":[14,14,14],"current_hp_per_floor":[90,90,90,90,87,90,81,90,90,90,90,90,86,97,97,77,97,97,89,69,55,54,45,74,67,67,27,20,20,40,32,52,0,0],"gold":409,"neow_bonus":"HUNDRED_GOLD","is_daily":false,"chose_seed":false,"campfire_upgraded":2,"win_rate":0.0,"timestamp":1608208924,"path_taken":["M","M","?","M","?","R","?","?","T","R","M","M","E","$","R","BOSS","M","M","M","M","M","M","R","M","T","?","M","?","R","?","R","BOSS"],"items_purchased_type":["Card","Relic","Card"],"build_version":"2020-12-13","purchased_purges":0,"victory":false,"max_hp_per_floor":[90,90,90,90,90,90,90,90,90,90,90,90,90,97,97,97,97,97,97,97,97,97,97,97,97,97,97,97,67,67,67,67,67,67],"card_choices":[{"not_picked":["champ:SkillfulDodge","champ:BladeFlurry"],"picked":"champ:Control","floor":1},{"not_picked":["champ:FightOn","champ:BringItOn"],"picked":"champ:Balance","floor":2},{"not_picked":["champ:StanceDance","champ:Backstep"],"picked":"champ:FlashCut","floor":4},{"not_picked":["champ:PerfectedStrike","champ:Haymaker"],"picked":"champ:Circumvent","floor":5},{"not_picked":["champ:Haymaker","champ:CalledShot"],"picked":"champ:DefensiveShout","floor":7},{"not_picked":["champ:BerserkersShout","champ:Haymaker"],"picked":"champ:FocusedBerserking","floor":11},{"not_picked":["champ:TornadoPunch","champ:RecklessLeap"],"picked":"champ:Balance","floor":12},{"not_picked":["champ:ShieldWall","champ:EndlessRage"],"picked":"champ:ShieldThrow","floor":13},{"not_picked":["champ:CrownThrow","champ:HoldFirm","champ:VampiricStrike"],"picked":"champ:Devastate","floor":16},{"not_picked":["champ:Haymaker+1","champ:GladiatorsShout","champ:BerserkerStyle"],"picked":"champ:FlashCut","floor":19},{"not_picked":["champ:Encircle","champ:ShieldWall","champ:EnragedBash"],"picked":"champ:BladeFlurry+1","floor":20},{"not_picked":["champ:DefensiveShout","champ:FocusedDefense","champ:GladiatorsShout"],"picked":"champ:StanceDance","floor":21},{"not_picked":["champ:ViciousMockery","champ:CrookedStrike","champ:FlashCut"],"picked":"champ:SteelEdge","floor":22},{"not_picked":["champ:AdrenalArmor+1","champ:PerfectedStrike","champ:BringItOn"],"picked":"champ:Circumvent","floor":23},{"not_picked":["champ:FalseCounter+1","champ:BringItOn","champ:FocusedBerserking+1"],"picked":"champ:Backstep","floor":25},{"not_picked":["champ:Backstep+1","champ:BerserkersShout+1","champ:StrikeOfGenius"],"picked":"champ:DefensiveShout","floor":27},{"not_picked":["champ:Aggression+1","champ:TornadoPunch","champ:Duel"],"picked":"champ:FlashCut","floor":28},{"not_picked":["champ:AdrenalArmor","champ:SkillfulDodge","champ:BerserkersShout"],"picked":"champ:EnGarde+1","floor":31}],"player_experience":102879,"relics_obtained":[{"floor":9,"key":"Dead Branch"},{"floor":13,"key":"Question Card"},{"floor":26,"key":"ReplayFunnel"},{"floor":27,"key":"Shovel"},{"floor":27,"key":"Matryoshka"},{"floor":31,"key":"Red Mask"}],"event_choices":[{"damage_healed":0,"gold_gain":0,"player_choice":"Ignored","damage_taken":0,"max_hp_gain":0,"max_hp_loss":0,"event_name":"Purifier","floor":3,"gold_loss":0},{"damage_healed":30,"gold_gain":0,"player_choice":"Banana","damage_taken":0,"max_hp_gain":0,"max_hp_loss":0,"event_name":"Big Fish","floor":8,"gold_loss":0},{"damage_healed":0,"gold_gain":0,"player_choice":"Fight","damage_taken":0,"max_hp_gain":0,"max_hp_loss":0,"event_name":"Colosseum","floor":27,"gold_loss":0},{"damage_healed":0,"gold_gain":0,"player_choice":"Fought Nobs","damage_taken":0,"max_hp_gain":0,"max_hp_loss":0,"event_name":"Colosseum","floor":27,"gold_loss":0},{"damage_healed":0,"gold_gain":0,"player_choice":"Became a vampire","damage_taken":0,"max_hp_gain":0,"max_hp_loss":30,"event_name":"Vampires","floor":29,"gold_loss":0,"cards_obtained":["Bite","Bite","Bite","Bite","Bite"]},{"damage_healed":0,"gold_gain":0,"player_choice":"Fought Bandits","damage_taken":0,"max_hp_gain":0,"max_hp_loss":0,"event_name":"Masked Bandits","floor":31,"gold_loss":0}],"is_beta":false,"boss_relics":[{"not_picked":["Empty Cage","Runic Pyramid"],"picked":"Cursed Key"}],"items_purged_floors":[],"is_endless":false,"potions_floor_spawned":[1,5,11,13,16,19,21,25,27,27],"killed_by":"Collector","ascension_level":0}}