{"host":"o7j6aatxjwpw1421","time":1608212646,"event":{"mods":["2.2 Compatiblity","BaseMod","Colored Map","DeckTracker","Highlight Path","Keyboard Shortcuts","Minty Spire (QoL Compilation)","Permanent Neow","Quick Restart","StSLib","SuperFastMode","everything is the same but u backflip on backflip"],"gold_per_floor":[113,113,188,205,8,8,43,43,43,43,43,62,81,97,97,193,193,193,193],"floor_reached":18,"playtime":509,"items_purged":[],"score":160,"play_id":"91261db5-7da5-469d-99b7-2ef74da64afe","local_time":"20201217224406","is_ascension_mode":false,"campfire_choices":[{"data":"Pommel Strike","floor":6.0,"key":"SMITH"},{"data":"Armaments","floor":10.0,"key":"SMITH"},{"data":"Bludgeon","floor":15.0,"key":"SMITH"}],"circlet_count":0,"master_deck":["Strike_R","Strike_R","Strike_R","Strike_R","Strike_R","Defend_R","Defend_R","Defend_R","Defend_R","Bash","Perfected Strike+1","Pommel Strike+1","Twin Strike","Armaments+1","Bludgeon+1","Battle Trance","Uppercut","Reaper"],"relics":["Burning Blood","FossilizedHelix","Pen Nib","Ancient Tea Set","PreservedInsect","Black Star"],"acts_visited":["Exordium","TheCity"],"potions_floor_usage":[],"damage_taken":[{"damage":2.0,"enemies":"Small Slimes","floor":1.0,"turns":5.0},{"damage":0.0,"enemies":"2 Louse","floor":4.0,"turns":2.0},{"damage":13.0,"enemies":"Lagavulin","floor":7.0,"turns":5.0},{"damage":0.0,"enemies":"Cultist","floor":12.0,"turns":2.0},{"damage":0.0,"enemies":"Large Slime","floor":13.0,"turns":4.0},{"damage":0.0,"enemies":"Looter","floor":14.0,"turns":2.0},{"damage":8.0,"enemies":"Slime Boss","floor":16.0,"turns":9.0},{"damage":0,"enemies":"3 Byrds","floor":18,"turns":1}],"seed_played":"4448479761869073697","potions_obtained":[{"floor":1.0,"key":"Swift Potion"},{"floor":12.0,"key":"SpeedPotion"},{"floor":14.0,"key":"Weak Potion"},{"floor":16.0,"key":"BloodPotion"}],"is_trial":false,"path_per_floor":["M","?","?","M","$","R","E","?","T","R","?","M","M","M","R","B",null,"M"],"character_chosen":"IRONCLAD","items_purchased":["Twin Strike","Pen Nib"],"campfire_rested":0,"item_purchase_floors":[5,5],"current_hp_per_floor":[72,72,61,67,67,67,60,65,65,65,58,64,70,76,76,74,77,77,77],"gold":193,"neow_bonus":"ONE_RARE_RELIC","is_daily":false,"chose_seed":false,"campfire_upgraded":3,"win_rate":0.0,"timestamp":1608212646,"path_taken":["M","?","?","M","$","R","E","?","T","R","?","M","M","?","R","BOSS","M"],"items_purchased_type":["Card","Relic"],"build_version":"2020-12-13","purchased_purges":0,"victory":false,"max_hp_per_floor":[72,72,72,72,72,72,72,77,77,77,77,77,77,77,77,77,77,77,77],"card_choices":[{"not_picked":["Dropkick","Anger"],"picked":"Perfected Strike","floor":1.0},{"not_picked":["Carnage","Power Through"],"picked":"Pommel Strike","floor":4.0},{"not_picked":["Spot Weakness","Evolve"],"picked":"Armaments","floor":7.0},{"not_picked":["Thunderclap","True Grit"],"picked":"Bludgeon","floor":12.0},{"not_picked":["Warcry","Heavy Blade"],"picked":"Battle Trance","floor":13.0},{"not_picked":["Anger","Shrug It Off"],"picked":"Uppercut","floor":14.0},{"not_picked":["Limit Break","Immolate"],"picked":"Reaper","floor":16.0}],"player_experience":251246,"relics_obtained":[{"floor":7.0,"key":"Ancient Tea Set"},{"floor":9.0,"key":"PreservedInsect"}],"event_choices":[{"damage_healed":0.0,"max_hp_gain":0.0,"max_hp_loss":0.0,"gold_gain":0.0,"event_name":"Living Wall","player_choice":"Grow","floor":2.0,"gold_loss":0.0,"damage_taken":0.0,"cards_upgraded":["Perfected Strike"]},{"damage_healed":0.0,"max_hp_gain":0.0,"max_hp_loss":0.0,"gold_gain":75.0,"event_name":"World of Goop","player_choice":"Gather Gold","floor":3.0,"gold_loss":0.0,"damage_taken":11.0},{"damage_healed":0.0,"max_hp_gain":5.0,"max_hp_loss":0.0,"gold_gain":0.0,"event_name":"Big Fish","player_choice":"Donut","floor":8.0,"gold_loss":0.0,"damage_taken":0.0},{"damage_healed":0.0,"max_hp_gain":0.0,"max_hp_loss":0.0,"gold_gain":0.0,"event_name":"Wheel of Change","player_choice":"Damaged","floor":11.0,"gold_loss":0.0,"damage_taken":7.0}],"is_beta":false,"boss_relics":[{"not_picked":["SlaversCollar","Runic Cube"],"picked":"Black Star"}],"items_purged_floors":[],"is_endless":false,"potions_floor_spawned":[1,12,14,16],"killed_by":"3 Byrds","ascension_level":0}}