{"host":"644z1j61xspvblw3","time":1608230380,"event":{"mods":["AchievementEnabler","BaseMod","Best Route Mod","Better Altar","Better Match","Better Note","Better Sensory Stone","Better Skull","Better Third Choice","BetterRewards","Block Reminder","Colored Map","Colored Powertips","Curses Come First","Downfall","Hermit","Minty Spire (QoL Compilation)","Rare Cards Sparkle","StSLib","The Hierophant","The Runesmith","TheBandit","Uncapped"],"gold_per_floor":[113,133,133,83,83,124,124,147,174,186,212,224,236,262,274,286,286],"floor_reached":16,"playtime":1061,"items_purged":[],"score":125,"play_id":"cd29a917-f1b4-49d1-8def-b404ed1eadcd","local_time":"20201217093940","is_ascension_mode":false,"campfire_choices":[{"data":"hermit:CursedWeapon","floor":7,"key":"SMITH"},{"data":"hermit:Quickdraw","floor":10,"key":"SMITH"},{"floor":15,"key":"REST"}],"circlet_count":0,"master_deck":["hermit:Strike_Hermit","hermit:Strike_Hermit","hermit:Strike_Hermit","hermit:Strike_Hermit","hermit:Defend_Hermit","hermit:Defend_Hermit","hermit:Snapshot","hermit:Covet","hermit:Headshot","hermit:Quickdraw+1","hermit:CursedWeapon+1","hermit:Enervate","hermit:Gestalt+1","hermit:GoldenBullet"],"relics":["hermit:Momento","NeowsBlessing","Golden Idol","Happy Flower","MawBank","Pen Nib"],"acts_visited":["Exordium"],"potions_floor_usage":[16,16],"damage_taken":[{"damage":0,"enemies":"Small Slimes","floor":1,"turns":1},{"damage":0,"enemies":"2 Louse","floor":2,"turns":1},{"damage":0,"enemies":"Lagavulin","floor":6,"turns":1},{"damage":2,"enemies":"Cultist","floor":8,"turns":2},{"damage":12,"enemies":"3 Louse","floor":11,"turns":2},{"damage":11,"enemies":"Large Slime","floor":14,"turns":4},{"damage":54,"enemies":"The Guardian","floor":16,"turns":7}],"seed_played":"7950748212806067480","potions_obtained":[{"floor":2,"key":"SpeedPotion"},{"floor":6,"key":"hermit:Tonic"},{"floor":14,"key":"DistilledChaos"}],"is_trial":false,"path_per_floor":["M","M","?","?","?","E","R","M","T","R","M","?","?","M","R","B"],"character_chosen":"HERMIT","items_purchased":[],"campfire_rested":1,"item_purchase_floors":[],"current_hp_per_floor":[75,75,57,57,57,57,57,55,55,55,43,43,43,32,54,0,0],"gold":286,"neow_bonus":"THREE_ENEMY_KILL","is_daily":false,"chose_seed":false,"campfire_upgraded":2,"win_rate":0.0,"timestamp":1608230380,"path_taken":["M","M","?","?","?","E","R","?","T","R","M","?","?","M","R","BOSS"],"items_purchased_type":[],"build_version":"2020-12-13","purchased_purges":0,"victory":false,"max_hp_per_floor":[75,75,75,75,75,75,75,75,75,75,75,75,75,75,75,75,75],"card_choices":[{"not_picked":["hermit:WideOpen","hermit:Vantage"],"picked":"hermit:Headshot","floor":1},{"not_picked":["hermit:HoleUp","hermit:LowProfile"],"picked":"hermit:Quickdraw","floor":2},{"not_picked":["hermit:Deadeye","hermit:CalledShot"],"picked":"hermit:CursedWeapon","floor":6},{"not_picked":["hermit:Quickdraw","hermit:Desperado"],"picked":"hermit:Enervate","floor":8},{"not_picked":["hermit:Coalescence","hermit:Desperado"],"picked":"hermit:Gestalt","floor":11},{"not_picked":["hermit:DeadOrAlive","hermit:WideOpen"],"picked":"hermit:GoldenBullet","floor":14}],"player_experience":127303,"relics_obtained":[{"floor":6,"key":"Happy Flower"},{"floor":9,"key":"MawBank"}],"event_choices":[{"damage_healed":0,"gold_gain":0,"player_choice":"Take Damage","damage_taken":18,"relics_obtained":["Golden Idol"],"max_hp_gain":0,"max_hp_loss":0,"event_name":"Golden Idol","floor":3,"gold_loss":0},{"cards_removed":["hermit:Defend_Hermit"],"damage_healed":0,"gold_gain":0,"player_choice":"Card Removal","damage_taken":0,"max_hp_gain":0,"max_hp_loss":0,"event_name":"The Cleric","floor":4,"gold_loss":50},{"cards_removed":["hermit:Defend_Hermit"],"damage_healed":0,"gold_gain":0,"player_choice":"Offered Basic","damage_taken":0,"max_hp_gain":0,"max_hp_loss":0,"event_name":"Bonfire Elementals","floor":5,"gold_loss":0},{"damage_healed":0,"gold_gain":0,"player_choice":"Searched \u00272\u0027 times","damage_taken":0,"relics_obtained":["Pen Nib"],"max_hp_gain":0,"max_hp_loss":0,"event_name":"Dead Adventurer","floor":12,"gold_loss":0},{"damage_healed":0,"gold_gain":0,"player_choice":"Grow","damage_taken":0,"max_hp_gain":0,"max_hp_loss":0,"event_name":"Living Wall","floor":13,"gold_loss":0,"cards_upgraded":["hermit:Gestalt"]}],"is_beta":false,"boss_relics":[],"items_purged_floors":[],"is_endless":false,"potions_floor_spawned":[2,6,14],"killed_by":"The Guardian","ascension_level":0}}