{"host":"mj8akmyfd5lo602f","time":1608239306,"event":{"mods":["2.2 Compatiblity","Act Like it!","BaseMod","Bestiary","BshForSts","Colored Map","Colored Powertips","Downfall","Highlight Path","Minty Spire (QoL Compilation)","Permanent Neow","Relic Stats","StSLib"],"gold_per_floor":[99,99,127,127,160,160,183,183,203,203,217,228,238,255,274,376,376,301,317,333,343,353,371,395,395,407,407,147,147,57,72,85,181,181,181,213,229,240,165,165],"floor_reached":39,"playtime":3256,"items_purged":[],"score":477,"play_id":"6463472d-012c-4d1a-9a79-56e66c24af7d","local_time":"20201217210826","is_ascension_mode":false,"campfire_choices":[{"data":"champ:Taunt","floor":1.0,"key":"SMITH"},{"data":"champ:Improvising","floor":10.0,"key":"SMITH"},{"data":"champ:StanceDance","floor":18.0,"key":"SMITH"},{"floor":25.0,"key":"REST"},{"floor":27.0,"key":"REST"},{"floor":35.0,"key":"RECALL"}],"circlet_count":0,"master_deck":["champ:Strike","champ:Strike","champ:Strike","champ:Strike","champ:Defend","champ:Defend","champ:Defend","champ:Defend","champ:Execute","champ:Taunt+1","champ:Shatter","champ:ShieldWall","champ:TornadoPunch","champ:Improvising+1","champ:Backstep","champ:CalledShot","champ:FlashCut","champ:StanceDance+1","champ:SkillfulDodge","champ:Devastate","champ:BladeFlurry+1","champ:BringItOn","champ:Riposte","champ:HoldFirm","champ:ArenaPreparation","champ:Lariat","champ:Lariat+1"],"relics":["champ:ChampionCrown","downfall:HeartsMalice","Pantograph","Question Card","InkBottle","Busted Crown","downfall:HeartBlessingBlue","Bronze Scales","Guardian:PocketSentry","Velvet Choker","Dead Branch","downfall:HeartBlessingRed"],"acts_visited":["Exordium","TheCity","TheBeyond"],"potions_floor_usage":[],"damage_taken":[{"damage":0.0,"enemies":"Jaw Worm","floor":2.0,"turns":1.0},{"damage":0.0,"enemies":"3 Sentries","floor":3.0,"turns":1.0},{"damage":0.0,"enemies":"Lagavulin","floor":5.0,"turns":1.0},{"damage":5.0,"enemies":"2 Louse","floor":9.0,"turns":3.0},{"damage":11.0,"enemies":"Cultist","floor":11.0,"turns":5.0},{"damage":8.0,"enemies":"Gremlin Gang","floor":12.0,"turns":5.0},{"damage":5.0,"enemies":"Large Slime","floor":13.0,"turns":6.0},{"damage":25.0,"enemies":"Exordium Thugs","floor":14.0,"turns":6.0},{"damage":6.0,"enemies":"2 Fungi Beasts","floor":15.0,"turns":3.0},{"damage":60.0,"enemies":"downfall:Ironclad","floor":16.0,"turns":10.0},{"damage":22.0,"enemies":"Chosen","floor":19.0,"turns":5.0},{"damage":34.0,"enemies":"3 Byrds","floor":20.0,"turns":7.0},{"damage":36.0,"enemies":"Centurion and Healer","floor":21.0,"turns":7.0},{"damage":26.0,"enemies":"Snake Plant","floor":22.0,"turns":5.0},{"damage":8.0,"enemies":"3 Cultists","floor":23.0,"turns":6.0},{"damage":21.0,"enemies":"Shelled Parasite and Fungi","floor":26.0,"turns":5.0},{"damage":19.0,"enemies":"downfall:FleeingMerchant","floor":28.0,"turns":4.0},{"damage":5.0,"enemies":"downfall:FleeingMerchant","floor":30.0,"turns":4.0},{"damage":48.0,"enemies":"Cultist and Chosen","floor":31.0,"turns":6.0},{"damage":20.0,"enemies":"Snecko","floor":32.0,"turns":4.0},{"damage":36.0,"enemies":"downfall:Defect","floor":33.0,"turns":10.0},{"damage":92.0,"enemies":"Reptomancer","floor":36.0,"turns":7.0},{"damage":2,"enemies":"3 Darklings","floor":37,"turns":4},{"damage":10,"enemies":"Orb Walker","floor":38,"turns":3}],"seed_played":"5275645249991968832","potions_obtained":[{"floor":5.0,"key":"FearPotion"},{"floor":12.0,"key":"LiquidMemories"},{"floor":13.0,"key":"PowerPotion"},{"floor":14.0,"key":"ColorlessPotion"},{"floor":21.0,"key":"Weak Potion"},{"floor":22.0,"key":"SteroidPotion"},{"floor":23.0,"key":"AttackPotion"},{"floor":31.0,"key":"Explosive Potion"},{"floor":32.0,"key":"AttackPotion"},{"floor":38,"key":"Swift Potion"}],"is_trial":false,"path_per_floor":["R","M","E","?","E","?","T","?","M","R","M","M","M","M","M","B",null,"R","M","M","M","M","M","T","R","M","R","$","?","$","M","M","B",null,"R","E","M","M","R"],"character_chosen":"THE_CHAMP","items_purchased":["Guardian:PocketSentry","PowerPotion","Strength Potion","champ:Lariat"],"campfire_rested":2,"item_purchase_floors":[28,28,28,30],"current_hp_per_floor":[90,90,90,83,83,83,83,83,83,83,77,74,74,54,51,30,90,100,83,57,48,30,22,22,52,40,70,65,65,65,50,50,52,100,100,27,25,25,25,25],"gold":165,"neow_bonus":"THREE_ENEMY_KILL","is_daily":false,"chose_seed":false,"campfire_upgraded":3,"win_rate":0.0,"timestamp":1608239306,"path_taken":["R","M","E","?","E","?","T","?","M","R","M","M","?","M","M","BOSS","R","M","M","?","M","M","T","R","M","R","$","?","$","M","M","BOSS","R","E","M","M","R"],"items_purchased_type":["Relic","Potion","Potion","Card"],"build_version":"2020-12-13","purchased_purges":0,"victory":false,"max_hp_per_floor":[90,90,90,90,90,90,90,90,90,90,90,90,90,90,90,90,90,100,100,100,100,100,100,100,100,100,100,100,100,100,100,100,100,100,100,100,100,100,100,100],"relic_stats":{"Busted Crown":32,"counters":[24,115],"Pantograph":50,"Bronze Scales":[154],"Dead Branch":[2],"Question Card":24,"obtain_stats":[{"Busted Crown":17,"downfall:HeartBlessingRed":39,"downfall:HeartBlessingBlue":18,"Pantograph":3,"Bronze Scales":24,"Dead Branch":36,"Velvet Choker":34,"champ:ChampionCrown":0,"downfall:HeartsMalice":0,"Guardian:PocketSentry":28,"Question Card":4,"InkBottle":5},{"Busted Crown":10,"downfall:HeartBlessingRed":24,"downfall:HeartBlessingBlue":10,"Pantograph":2,"Bronze Scales":15,"Dead Branch":22,"Velvet Choker":21,"champ:ChampionCrown":0,"downfall:HeartsMalice":0,"Guardian:PocketSentry":17,"Question Card":2,"InkBottle":3},{"Busted Crown":38,"downfall:HeartBlessingRed":115,"downfall:HeartBlessingBlue":38,"Pantograph":0,"Bronze Scales":68,"Dead Branch":108,"Velvet Choker":101,"champ:ChampionCrown":0,"downfall:HeartsMalice":0,"Guardian:PocketSentry":77,"Question Card":0,"InkBottle":0}],"InkBottle":[42]},"card_choices":[{"not_picked":["champ:FanOfKnives","champ:FalseCounter"],"picked":"champ:Shatter","floor":2.0},{"not_picked":["champ:Shatter","champ:FightOn"],"picked":"champ:ShieldWall","floor":3.0},{"not_picked":["champ:BringItOn","champ:BerserkersShout","champ:Encircle"],"picked":"champ:TornadoPunch","floor":5.0},{"not_picked":["champ:ShieldWall","champ:PerfectedStrike","champ:TornadoPunch","champ:FalseCounter"],"picked":"SKIP","floor":9.0},{"not_picked":["champ:BerserkersShout","champ:GutPunch","champ:Improvising"],"picked":"champ:CalledShot","floor":11.0},{"not_picked":["champ:FanOfKnives","champ:BladeFlurry","champ:Haymaker","champ:Backstep"],"picked":"SKIP","floor":12.0},{"not_picked":["champ:CrookedStrike","champ:FocusedGladiator","champ:FanOfKnives"],"picked":"champ:FlashCut","floor":13.0},{"not_picked":["champ:Haymaker","champ:DefensiveStyle","champ:PerfectedStrike"],"picked":"champ:StanceDance","floor":14.0},{"not_picked":["champ:EnragedBash","champ:FalseCounter","champ:FaceSlap"],"picked":"champ:SkillfulDodge","floor":15.0},{"not_picked":["champ:LastStand","champ:ShieldSlam","champ:PerfectForm"],"picked":"champ:Devastate","floor":16.0},{"not_picked":["champ:Backstep+1","champ:PreciseThrust"],"picked":"SKIP","floor":19.0},{"not_picked":["champ:FlashCut+1"],"picked":"champ:BladeFlurry+1","floor":20.0},{"not_picked":["champ:FocusedGladiator+1"],"picked":"champ:BringItOn","floor":21.0},{"not_picked":["champ:BladeFlurry"],"picked":"champ:Riposte","floor":22.0},{"not_picked":["champ:Backstep","champ:DefensiveShout"],"picked":"SKIP","floor":23.0},{"not_picked":["champ:FocusedGladiator","champ:GladiatorsShout"],"picked":"SKIP","floor":26.0},{"not_picked":["champ:FlashCut"],"picked":"champ:HoldFirm","floor":28.0},{"not_picked":["champ:CrookedStrike"],"picked":"champ:ArenaPreparation","floor":30.0},{"not_picked":["champ:BerserkerStyle","champ:FanOfKnives+1"],"picked":"SKIP","floor":31.0},{"not_picked":["champ:HeartStrike","champ:FalseCounter+1"],"picked":"SKIP","floor":32.0},{"not_picked":["champ:FanOfKnives+1"],"picked":"champ:Lariat+1","floor":36},{"not_picked":["champ:AdrenalArmor","champ:Backstep"],"picked":"SKIP","floor":37},{"not_picked":["champ:FanOfKnives","champ:BerserkersShout"],"picked":"SKIP","floor":38}],"player_experience":354507,"relics_obtained":[{"floor":3.0,"key":"Pantograph"},{"floor":5.0,"key":"InkBottle"},{"floor":24.0,"key":"Bronze Scales"},{"floor":36,"key":"Dead Branch"}],"event_choices":[{"damage_healed":0.0,"max_hp_gain":0.0,"max_hp_loss":0.0,"gold_gain":0.0,"event_name":"Scrap Ooze","player_choice":"Success","floor":4.0,"gold_loss":0.0,"damage_taken":7.0,"relics_obtained":["Question Card"]},{"damage_healed":0.0,"max_hp_gain":0.0,"max_hp_loss":0.0,"gold_gain":0.0,"event_name":"Vampires","player_choice":"Ignored","floor":29.0,"gold_loss":0.0,"damage_taken":0.0}],"is_beta":false,"boss_relics":[{"not_picked":["Ectoplasm","SlaversCollar"],"picked":"Busted Crown"},{"not_picked":["Coffee Dripper","Snecko Eye"],"picked":"Velvet Choker"}],"items_purged_floors":[],"is_endless":false,"potions_floor_spawned":[5,12,13,14,15,21,22,23,31,32,38],"ascension_level":0}}