{"host":"egyxg9lnjq7g2hmw","time":1608173469,"event":{"mods":["AchievementEnabler","BaseMod","Block Reminder","Colored Map","Colored Powertips","Highlight Path","Minty Spire (QoL Compilation)","Rare Cards Sparkle","StSLib"],"gold_per_floor":[116,116,133,160,173,173,183,183,183,200,125,151,151,182,182,182,182],"floor_reached":16,"playtime":792,"items_purged":[],"score":234,"play_id":"4e90931c-2a5e-4039-8b2b-f004a14e9ba1","local_time":"20201216185109","is_ascension_mode":true,"campfire_choices":[{"data":"Neutralize","floor":6,"key":"SMITH"},{"data":"Dash","floor":8,"key":"SMITH"},{"data":"Adrenaline","floor":15,"key":"SMITH"}],"circlet_count":0,"master_deck":["AscendersBane","Strike_G","Strike_G","Strike_G","Strike_G","Defend_G","Defend_G","Defend_G","Defend_G","Defend_G","Survivor","Neutralize+1","Leg Sweep","Dash+1","Deflect","Adrenaline+1"],"relics":["Ring of the Snake","Omamori","Boot","Mango","Smiling Mask"],"acts_visited":["Exordium"],"potions_floor_usage":[14,16],"damage_taken":[{"damage":17,"enemies":"Jaw Worm","floor":1,"turns":10},{"damage":2,"enemies":"Cultist","floor":3,"turns":5},{"damage":7,"enemies":"Small Slimes","floor":5,"turns":5},{"damage":9,"enemies":"3 Louse","floor":7,"turns":5},{"damage":1,"enemies":"Large Slime","floor":10,"turns":10},{"damage":27,"enemies":"3 Sentries","floor":12,"turns":20},{"damage":29,"enemies":"Gremlin Nob","floor":14,"turns":6},{"damage":21,"enemies":"Slime Boss","floor":16,"turns":9}],"seed_played":"3690575589812450465","potions_obtained":[{"floor":1,"key":"Energy Potion"},{"floor":3,"key":"PowerPotion"},{"floor":12,"key":"Fruit Juice"},{"floor":14,"key":"LiquidMemories"}],"is_trial":false,"path_per_floor":["M","?","M","T","M","R","M","R","T","M","?","E","?","E","R","B"],"character_chosen":"THE_SILENT","items_purchased":[],"campfire_rested":0,"item_purchase_floors":[],"current_hp_per_floor":[48,48,46,46,39,39,30,30,30,29,29,16,44,15,15,0,0],"gold":182,"neow_bonus":"TEN_PERCENT_HP_BONUS","is_daily":false,"chose_seed":false,"campfire_upgraded":3,"win_rate":0.0,"timestamp":1608173469,"path_taken":["M","?","M","?","M","R","M","R","T","?","?","E","?","E","R","BOSS"],"items_purchased_type":[],"build_version":"2020-12-13","purchased_purges":0,"victory":false,"max_hp_per_floor":[72,72,72,72,72,72,72,72,72,72,72,86,86,86,86,91,91],"card_choices":[{"not_picked":["Blur","Blade Dance","Dodge and Roll"],"picked":"SKIP","floor":1},{"not_picked":["Reflex","Outmaneuver"],"picked":"Leg Sweep","floor":3},{"not_picked":["Deflect","Poisoned Stab"],"picked":"Dash","floor":5},{"not_picked":["Acrobatics","Backflip"],"picked":"Deflect","floor":7},{"not_picked":["Cloak And Dagger","Flying Knee"],"picked":"Adrenaline","floor":10},{"not_picked":["Accuracy","Acrobatics","Deflect"],"picked":"SKIP","floor":12},{"not_picked":["After Image","Slice","Backflip"],"picked":"SKIP","floor":14}],"player_experience":489896,"relics_obtained":[{"floor":4,"key":"Omamori"},{"floor":9,"key":"Boot"},{"floor":12,"key":"Mango"},{"floor":14,"key":"Smiling Mask"}],"event_choices":[{"damage_healed":0,"gold_gain":0,"player_choice":"Ignored","damage_taken":0,"max_hp_gain":0,"max_hp_loss":0,"event_name":"Liars Game","floor":2,"gold_loss":0},{"cards_removed":["Strike_G"],"damage_healed":0,"gold_gain":0,"player_choice":"Card Removal","damage_taken":0,"max_hp_gain":0,"max_hp_loss":0,"event_name":"The Cleric","floor":11,"gold_loss":75},{"damage_healed":28,"gold_gain":0,"player_choice":"Banana","damage_taken":0,"max_hp_gain":0,"max_hp_loss":0,"event_name":"Big Fish","floor":13,"gold_loss":0}],"is_beta":false,"boss_relics":[],"items_purged_floors":[],"is_endless":false,"potions_floor_spawned":[1,3,7,12,14],"killed_by":"Slime Boss","ascension_level":18}}