{"host":"y9jgkjnf95sujozk","time":1608165333,"event":{"mods":["2.2 Compatiblity","AchievementEnabler","BaseMod","Block Reminder","Colored Map","Colored Powertips","Downfall","Friendly Minions","GifTheSpireLib","Hermit","Highlight Path","MarisaÅiñ∂âJÅ@ñÇóùçπÅj","Minty Spire (QoL Compilation)","Random Character Button","Rare Cards Sparkle","Replay The Spire","StSLib","SuperFastMode","The Animator","The Bug Knight","The Cursed","The Servant 0.9.4"],"gold_per_floor":[116,134,134,34,84,134,151,220,220,220,230,230,248,51,51,152,152,169,219,237,303,323,323,373,373,373,45,109,109,185,201,201,304,304,324,374,424,438,438,438],"floor_reached":39,"playtime":1065,"items_purged":[],"score":473,"play_id":"c3325b0c-4baf-4037-a677-5109e3013be6","local_time":"20201217013533","is_ascension_mode":false,"campfire_choices":[{"floor":10.0,"key":"REST"},{"data":"HollowMod:DescendingDark","floor":12.0,"key":"SMITH"},{"floor":15.0,"key":"REST"},{"floor":23.0,"key":"REST"},{"floor":25.0,"key":"REST"},{"floor":29.0,"key":"REST"},{"floor":32.0,"key":"REST"}],"circlet_count":0,"master_deck":["HollowMod:NailStrikeStart","HollowMod:NailStrikeStart","HollowMod:NailStrikeStart","HollowMod:NailStrikeStart","HollowMod:QuickDashStart","HollowMod:QuickDashStart","HollowMod:QuickDashStart","HollowMod:QuickDashStart","HollowMod:FocusHealStart","HollowMod:PogoStrike","HollowMod:SiblingsShadow+1","HollowMod:MantisMark","HollowMod:BlackTendrils","HollowMod:DescendingDark","HollowMod:ShadowDash","HollowMod:DashSlash","HollowMod:SiblingsSouls","HollowMod:DescendingDark+1","HollowMod:SharpenedShadows","expansioncontent:LastStand","HollowMod:VoidDash+1","HollowMod:SharpenedShadows+1","HollowMod:DescendingDark","HollowMod:ShapeofUnn+1","HollowMod:DescendingDark","Voices","HollowMod:SharpenedShadows","expansioncontent:BronzeBeam","HollowMod:SharpenedShadows","ReplayTheSpireMod:Restless Dread","HollowMod:ShadowDash","HollowMod:SlysStrikes","HollowMod:VengefulVoid+1","Wraith","Writhe","HollowMod:NewLittleFool+1"],"relics":["HollowMod:VesselMask","NeowsBlessing","SsserpentHead","Replay:Bottled Snecko","ReplayTheSpireMod:Ninjato","BargainBundle","Cursed Key","Ice Cream","Guide Book","MealTicket","SlaversCollar"],"acts_visited":["Exordium","TheCity","TheBeyond"],"potions_floor_usage":[],"damage_taken":[{"damage":0.0,"enemies":"2 Louse","floor":1.0,"turns":1.0},{"damage":0.0,"enemies":"Cultist","floor":2.0,"turns":1.0},{"damage":0.0,"enemies":"Small Slimes","floor":7.0,"turns":1.0},{"damage":10.0,"enemies":"Blue Slaver","floor":8.0,"turns":4.0},{"damage":0.0,"enemies":"Lots of Slimes","floor":11.0,"turns":1.0},{"damage":12.0,"enemies":"Red Slaver","floor":13.0,"turns":2.0},{"damage":68.0,"enemies":"Slime Boss","floor":16.0,"turns":11.0},{"damage":18.0,"enemies":"2 Thieves","floor":18.0,"turns":2.0},{"damage":26.0,"enemies":"Spheric Guardian","floor":20.0,"turns":4.0},{"damage":1.0,"enemies":"Chosen and Byrds","floor":21.0,"turns":3.0},{"damage":2.0,"enemies":"Centurion and Healer","floor":22.0,"turns":2.0},{"damage":36.0,"enemies":"Shelled Parasite and Fungi","floor":28.0,"turns":4.0},{"damage":2.0,"enemies":"Snake Plant","floor":31.0,"turns":2.0},{"damage":64.0,"enemies":"Champ","floor":33.0,"turns":12.0},{"damage":21,"enemies":"Orb Walker","floor":35,"turns":3},{"damage":34,"enemies":"3 Darklings","floor":38,"turns":5},{"damage":48,"enemies":"4 Shapes","floor":39,"turns":3}],"seed_played":"2324554796243223459","potions_obtained":[{"floor":1.0,"key":"Explosive Potion"},{"floor":11.0,"key":"FearPotion"},{"floor":13.0,"key":"SpeedPotion"},{"floor":16.0,"key":"EssenceOfSteel"},{"floor":20.0,"key":"Explosive Potion"},{"floor":21.0,"key":"LiquidBronze"}],"is_trial":false,"path_per_floor":["M","M","?","$","?","T","M","M","T","R","M","R","M","$","R","B",null,"M","?","M","M","M","R","?","R","T","$","M","R","T","M","R","B",null,"M","?","?","M","M"],"character_chosen":"THE_BUGKNIGHT","items_purchased":["HollowMod:BlackTendrils","HollowMod:DescendingDark","HollowMod:ShadowDash","BargainBundle","expansioncontent:LastStand","HollowMod:SharpenedShadows","Guide Book","expansioncontent:BronzeBeam"],"campfire_rested":6,"item_purchase_floors":[4,4,4,14,14,27,27,27],"current_hp_per_floor":[75,75,75,75,80,80,80,74,74,80,80,80,68,68,80,12,80,62,62,38,44,42,66,66,80,80,80,48,72,72,73,80,20,80,59,59,79,45,0,0],"gold":438,"neow_bonus":"THREE_ENEMY_KILL","is_daily":false,"chose_seed":false,"campfire_upgraded":1,"win_rate":0.0,"timestamp":1608165333,"path_taken":["M","M","?","?","?","?","M","?","T","R","M","R","M","$","R","BOSS","M","?","M","?","M","R","?","R","T","$","?","R","?","M","R","BOSS","M","?","?","M","M"],"items_purchased_type":["Card","Card","Card","Relic","Card","Card","Relic","Card"],"build_version":"2020-12-13","purchased_purges":0,"victory":false,"max_hp_per_floor":[75,75,75,75,80,80,80,80,80,80,80,80,80,80,80,80,80,80,80,80,80,80,80,80,80,80,80,80,80,80,80,80,80,80,80,80,80,80,80,80],"card_choices":[{"not_picked":["HollowMod:DashSlash","HollowMod:CoiledNail"],"picked":"HollowMod:SiblingsShadow","floor":1.0},{"not_picked":["HollowMod:DashSlash","HollowMod:FallenFury"],"picked":"HollowMod:MantisMark","floor":2.0},{"not_picked":["HollowMod:Grubsong","HollowMod:InfectedCysts"],"picked":"HollowMod:DashSlash","floor":7.0},{"not_picked":["HollowMod:VengefulSpirit","HollowMod:SoulShaman"],"picked":"HollowMod:SiblingsSouls","floor":8.0},{"not_picked":["HollowMod:InfectedCysts","HollowMod:GrimmsGift"],"picked":"HollowMod:DescendingDark","floor":11.0},{"not_picked":["HollowMod:ChannelNail","HollowMod:InfectedAttack"],"picked":"HollowMod:SharpenedShadows","floor":13.0},{"not_picked":["HollowMod:SoulMaster","HollowMod:Hiveblood"],"picked":"HollowMod:VoidDash","floor":16.0},{"not_picked":["HollowMod:DashSlash","HollowMod:NewLittleFool"],"picked":"HollowMod:SharpenedShadows","floor":18.0},{"not_picked":["HollowMod:SoulSplash","HollowMod:NewJinnsSoul"],"picked":"HollowMod:DescendingDark","floor":20.0},{"not_picked":["HollowMod:MonarchWings","HollowMod:SlysStrikes"],"picked":"HollowMod:ShapeofUnn+1","floor":21.0},{"not_picked":["HollowMod:HuntersJournal","HollowMod:SoulStrike"],"picked":"HollowMod:DescendingDark","floor":22.0},{"not_picked":["HollowMod:CrystalDash","HollowMod:WraithStrike"],"picked":"HollowMod:SharpenedShadows","floor":28.0},{"not_picked":["HollowMod:GoodIntentions+1","HollowMod:CloakDash+1"],"picked":"HollowMod:ShadowDash","floor":31.0},{"not_picked":["HollowMod:theNailsmith","HollowMod:HornetsHelp"],"picked":"HollowMod:SlysStrikes","floor":33.0},{"not_picked":["HollowMod:NewLittleFool","HollowMod:CloakDash+1"],"picked":"HollowMod:VengefulVoid+1","floor":35},{"not_picked":["HollowMod:DashSlash","HollowMod:SharpenedNail"],"picked":"HollowMod:NewLittleFool+1","floor":38}],"player_experience":101546,"relics_obtained":[{"floor":6.0,"key":"Replay:Bottled Snecko"},{"floor":9.0,"key":"ReplayTheSpireMod:Ninjato"},{"floor":26.0,"key":"Ice Cream"},{"floor":30.0,"key":"MealTicket"}],"event_choices":[{"damage_healed":0.0,"max_hp_gain":0.0,"max_hp_loss":0.0,"gold_gain":0.0,"event_name":"FaceTrader","player_choice":"Trade","floor":3.0,"gold_loss":0.0,"damage_taken":0.0,"relics_obtained":["SsserpentHead"]},{"damage_healed":0.0,"max_hp_gain":5.0,"max_hp_loss":0.0,"gold_gain":0.0,"event_name":"Big Fish","player_choice":"Donut","floor":5.0,"gold_loss":0.0,"damage_taken":0.0},{"damage_healed":0.0,"max_hp_gain":0.0,"max_hp_loss":0.0,"gold_gain":0.0,"event_name":"Upgrade Shrine","player_choice":"Upgraded","floor":19.0,"gold_loss":0.0,"damage_taken":0.0,"cards_upgraded":["HollowMod:SharpenedShadows"]},{"damage_healed":0.0,"max_hp_gain":0.0,"max_hp_loss":0.0,"gold_gain":0.0,"event_name":"Purifier","player_choice":"Ignored","floor":24.0,"gold_loss":0.0,"damage_taken":0.0},{"damage_healed":0,"gold_gain":0,"player_choice":"Ignored","damage_taken":0,"max_hp_gain":0,"max_hp_loss":0,"event_name":"OrinTheCat","floor":36,"gold_loss":0},{"damage_healed":20,"gold_gain":0,"player_choice":"Writhe","damage_taken":0,"max_hp_gain":0,"max_hp_loss":0,"event_name":"Winding Halls","floor":37,"gold_loss":0,"cards_obtained":["Writhe"]}],"is_beta":false,"boss_relics":[{"not_picked":["Replay:Ancient Bell","expansioncontent:StudyCardRelic"],"picked":"Cursed Key"},{"not_picked":["Busted Crown","Tiny House"],"picked":"SlaversCollar"}],"items_purged_floors":[],"is_endless":false,"potions_floor_spawned":[1,11,13,16,20,21,28],"killed_by":"4 Shapes","ascension_level":0}}