{"host":"dij4iqdhjit0agg1","time":1608235028,"event":{"mods":["Act Like it!","BaseMod","Better Note","Colored Powertips","Minty Spire (QoL Compilation)","Permanent Neow","Rare Cards Sparkle","StSLib"],"gold_per_floor":[112,37,55,55,55,81,81,108,131,131,131,131,159,59,59,160,160,179,189,64,164,14,39,39,54,100,100,100,112,141,154,154,251,251,262,281,29,52,65,65,78,78,78,78,28,28,0,0,0,0],"floor_reached":51,"playtime":4618,"items_purged":["Doubt","Strike_R","Strike_R","Strike_R","Strike_R"],"score":821,"play_id":"741dde35-300e-4ce5-84a6-2c944a418971","local_time":"20201217205708","is_ascension_mode":true,"campfire_choices":[{"floor":7,"key":"REST"},{"floor":10,"key":"REST"},{"data":"Bash","floor":12,"key":"SMITH"},{"data":"Rampage","floor":15,"key":"SMITH"},{"floor":24,"key":"REST"},{"floor":27,"key":"REST"},{"floor":32,"key":"REST"},{"data":"Demon Form","floor":40,"key":"SMITH"},{"floor":42,"key":"REST"},{"floor":49,"key":"REST"}],"circlet_count":0,"master_deck":["Defend_R","Defend_R","Defend_R","Defend_R","Bash+1","Armaments+1","Double Tap","Entrench","Shrug It Off+1","Demon Form+1","Body Slam","Limit Break","Armaments+1","Ghostly Armor","Entrench+1","Thinking Ahead","Apotheosis"],"relics":["Burning Blood","Boot","Anchor","Happy Flower","Pen Nib","Philosopher\u0027s Stone","Oddly Smooth Stone","Potion Belt","Bronze Scales","Art of War","SacredBark","Nunchaku","Bottled Tornado","Red Mask"],"acts_visited":["Exordium","TheCity","TheBeyond"],"potions_floor_usage":[23,30,30,30,41,41,48,48],"damage_taken":[{"damage":18,"enemies":"Jaw Worm","floor":1,"turns":4},{"damage":0,"enemies":"Small Slimes","floor":3,"turns":3},{"damage":36,"enemies":"Gremlin Nob","floor":6,"turns":5},{"damage":22,"enemies":"Lagavulin","floor":13,"turns":7},{"damage":60,"enemies":"Hexaghost","floor":16,"turns":10},{"damage":0,"enemies":"Chosen","floor":18,"turns":3},{"damage":16,"enemies":"2 Thieves","floor":19,"turns":3},{"damage":80,"enemies":"Slavers","floor":23,"turns":7},{"damage":7,"enemies":"Cultist and Chosen","floor":25,"turns":8},{"damage":30,"enemies":"3 Cultists","floor":29,"turns":5},{"damage":5,"enemies":"Gremlin Leader","floor":30,"turns":5},{"damage":0,"enemies":"Centurion and Healer","floor":31,"turns":7},{"damage":43,"enemies":"Automaton","floor":33,"turns":9},{"damage":24,"enemies":"3 Shapes","floor":35,"turns":7},{"damage":33,"enemies":"Orb Walker","floor":36,"turns":4},{"damage":8,"enemies":"3 Darklings","floor":39,"turns":9},{"damage":42,"enemies":"Transient","floor":41,"turns":5},{"damage":0,"enemies":"Reptomancer","floor":48,"turns":3},{"damage":37,"enemies":"Awakened One","floor":50,"turns":13}],"seed_played":"498385683838675989","potions_obtained":[{"floor":13,"key":"BlessingOfTheForge"},{"floor":16,"key":"ColorlessPotion"},{"floor":23,"key":"FearPotion"},{"floor":29,"key":"DistilledChaos"},{"floor":31,"key":"SmokeBomb"},{"floor":33,"key":"EssenceOfSteel"},{"floor":41,"key":"SneckoOil"}],"is_trial":false,"path_per_floor":["M","$","M","?","?","E","R","T","T","R","?","R","E","$","R","B",null,"M","M","$","?","$","E","R","M","T","R","T","M","E","M","R","B",null,"M","M","$","T","M","R","M","R","T","?","$","?","?","E","R","B",null],"character_chosen":"IRONCLAD","items_purchased":["Regen Potion","BloodPotion"],"campfire_rested":7,"item_purchase_floors":[37,45],"current_hp_per_floor":[84,84,90,83,83,53,81,81,81,96,101,101,85,85,85,31,101,101,91,91,91,91,17,47,46,46,76,76,52,53,59,89,52,101,83,56,56,56,54,54,45,75,75,75,75,65,65,71,101,70],"gold":0,"neow_bonus":"TWENTY_PERCENT_HP_BONUS","is_daily":false,"chose_seed":false,"campfire_upgraded":3,"win_rate":0.0,"timestamp":1608235028,"path_taken":["M","$","M","?","?","E","R","?","T","R","?","R","E","?","R","BOSS","M","M","$","?","?","E","R","M","T","R","?","M","E","M","R","BOSS","M","M","$","?","?","R","M","R","T","?","?","?","?","E","R","BOSS"],"items_purchased_type":["Potion","Potion"],"build_version":"2020-12-13","purchased_purges":5,"victory":true,"max_hp_per_floor":[96,96,96,96,96,96,96,96,96,96,101,101,101,101,101,101,101,101,101,101,101,101,101,101,101,101,101,101,101,101,101,101,101,101,101,101,101,101,101,101,101,101,101,101,101,101,101,101,101,101],"card_choices":[{"not_picked":["Perfected Strike","Sentinel","Dual Wield"],"picked":"SKIP","floor":1},{"not_picked":["Flex","Dark Embrace"],"picked":"Armaments","floor":3},{"not_picked":["Warcry","Reckless Charge","Armaments"],"picked":"SKIP","floor":6},{"not_picked":["Warcry","Reckless Charge","Armaments"],"picked":"SKIP","floor":6},{"not_picked":["Warcry","Reckless Charge","Armaments"],"picked":"SKIP","floor":6},{"not_picked":["Heavy Blade","Shrug It Off"],"picked":"Rampage","floor":13},{"not_picked":["Juggernaut","Berserk"],"picked":"Double Tap","floor":16},{"not_picked":["Searing Blow+1","Twin Strike","True Grit"],"picked":"SKIP","floor":18},{"not_picked":["Body Slam","Second Wind"],"picked":"Entrench","floor":19},{"not_picked":["Dual Wield","Twin Strike+1"],"picked":"Shrug It Off+1","floor":23},{"not_picked":["Body Slam","Shockwave+1"],"picked":"Demon Form","floor":25},{"not_picked":["Reckless Charge","Spot Weakness","Havoc"],"picked":"SKIP","floor":29},{"not_picked":["True Grit","Cleave+1","Twin Strike"],"picked":"SKIP","floor":30},{"not_picked":["Corruption","Shrug It Off"],"picked":"Body Slam","floor":31},{"not_picked":["Berserk","Feed"],"picked":"Limit Break","floor":33},{"not_picked":["Iron Wave+1","Warcry"],"picked":"Armaments+1","floor":35},{"not_picked":["Dropkick","Thunderclap+1"],"picked":"Ghostly Armor","floor":36},{"not_picked":["Havoc","Perfected Strike+1","Power Through"],"picked":"SKIP","floor":39},{"not_picked":["Havoc","Perfected Strike+1","Power Through"],"picked":"SKIP","floor":39},{"not_picked":["Headbutt+1","Havoc"],"picked":"Entrench+1","floor":41},{"not_picked":["Bandage Up","Dark Shackles"],"picked":"Thinking Ahead","floor":46},{"not_picked":["Swift Strike","Impatience"],"picked":"Apotheosis","floor":46}],"player_experience":881856,"relics_obtained":[{"floor":6,"key":"Boot"},{"floor":8,"key":"Anchor"},{"floor":9,"key":"Happy Flower"},{"floor":13,"key":"Pen Nib"},{"floor":23,"key":"Oddly Smooth Stone"},{"floor":26,"key":"Potion Belt"},{"floor":28,"key":"Bronze Scales"},{"floor":30,"key":"Art of War"},{"floor":38,"key":"Nunchaku"},{"floor":43,"key":"Bottled Tornado"}],"event_choices":[{"cards_removed":["Strike_R"],"damage_healed":0,"gold_gain":0,"player_choice":"Card Removal","damage_taken":7,"max_hp_gain":0,"max_hp_loss":0,"event_name":"Golden Wing","floor":4,"gold_loss":0},{"damage_healed":0,"gold_gain":0,"player_choice":"Grow","damage_taken":0,"max_hp_gain":0,"max_hp_loss":0,"event_name":"Living Wall","floor":5,"gold_loss":0,"cards_upgraded":["Armaments"]},{"damage_healed":0,"gold_gain":0,"player_choice":"Donut","damage_taken":0,"max_hp_gain":5,"max_hp_loss":0,"event_name":"Big Fish","floor":11,"gold_loss":0},{"damage_healed":0,"gold_gain":100,"player_choice":"Pray","damage_taken":0,"max_hp_gain":0,"max_hp_loss":0,"event_name":"Golden Shrine","floor":21,"gold_loss":0},{"cards_removed":["Rampage"],"damage_healed":0,"gold_gain":0,"player_choice":"Removed Attack","damage_taken":0,"max_hp_gain":0,"max_hp_loss":0,"event_name":"Falling","floor":44,"gold_loss":0},{"damage_healed":0,"gold_gain":0,"player_choice":"Memory 3","damage_taken":10,"max_hp_gain":0,"max_hp_loss":0,"event_name":"SensoryStone","floor":46,"gold_loss":0},{"damage_healed":0,"gold_gain":0,"player_choice":"Paid","damage_taken":0,"relics_obtained":["Red Mask"],"max_hp_gain":0,"max_hp_loss":0,"event_name":"Tomb of Lord Red Mask","floor":47,"gold_loss":28}],"is_beta":false,"boss_relics":[{"not_picked":["Runic Cube","Pandora\u0027s Box"],"picked":"Philosopher\u0027s Stone"},{"not_picked":["Mark of Pain","Sozu"],"picked":"SacredBark"}],"items_purged_floors":[2,14,20,22,37],"is_endless":false,"potions_floor_spawned":[13,16,23,29,31,33,41,48],"ascension_level":3}}