{"host":"f5gffvlv6a66yqkd","time":1608222622,"event":{"mods":["2.2 Compatiblity","BaseMod","Colored Map","DeckTracker","Keyboard Shortcuts","Minty Spire (QoL Compilation)","Permanent Neow","Quick Restart","Relic Stats","StSLib","SuperFastMode"],"gold_per_floor":[116,266,266,266,276,276,294,294,294,304,314,314,314,314],"floor_reached":13,"playtime":205,"items_purged":[],"score":150,"play_id":"0680b216-5ac0-4fea-9567-57ede3094df5","local_time":"20201218013022","is_ascension_mode":true,"campfire_choices":[{"data":"Eruption","floor":6.0,"key":"SMITH"},{"data":"Adaptation","floor":8.0,"key":"SMITH"}],"circlet_count":0,"master_deck":["AscendersBane","Strike_P","Strike_P","Strike_P","Defend_P","Defend_P","Defend_P","Eruption+1","Vigilance","Doubt","Adaptation+1","InnerPeace"],"relics":["PureWater","Bird Faced Urn","InkBottle"],"acts_visited":["Exordium"],"potions_floor_usage":[],"damage_taken":[{"damage":0.0,"enemies":"2 Louse","floor":1.0,"turns":4.0},{"damage":21.0,"enemies":"Jaw Worm","floor":5.0,"turns":7.0},{"damage":7.0,"enemies":"Cultist","floor":7.0,"turns":5.0},{"damage":11,"enemies":"Blue Slaver","floor":10,"turns":4},{"damage":10,"enemies":"Looter","floor":11,"turns":5},{"damage":0,"enemies":"3 Sentries","floor":13,"turns":1}],"seed_played":"-9158811951559145323","potions_obtained":[{"floor":1.0,"key":"Strength Potion"}],"is_trial":false,"path_per_floor":["M","?","?","?","M","R","M","R","T","M","M","?","E"],"character_chosen":"WATCHER","items_purchased":[],"campfire_rested":0,"item_purchase_floors":[],"current_hp_per_floor":[43,43,48,48,27,27,20,20,20,11,3,3,3,3],"gold":314,"neow_bonus":"REMOVE_TWO","is_daily":false,"chose_seed":false,"campfire_upgraded":2,"win_rate":0.0,"timestamp":1608222622,"path_taken":["M","?","?","?","?","R","M","R","T","M","M","?","E"],"items_purchased_type":[],"build_version":"2020-12-13","purchased_purges":0,"victory":false,"max_hp_per_floor":[68,68,73,73,73,73,73,73,73,73,73,73,73,73],"relic_stats":{"counters":[6,26],"Bird Faced Urn":[4],"obtain_stats":[{"Bird Faced Urn":4,"PureWater":0,"InkBottle":9},{"Bird Faced Urn":1,"PureWater":0,"InkBottle":3},{"Bird Faced Urn":4,"PureWater":0,"InkBottle":16}],"InkBottle":[2]},"card_choices":[{"not_picked":["Vengeance","BowlingBash"],"picked":"Tantrum","floor":1.0},{"not_picked":["Prostrate","ClearTheMind","DeceiveReality"],"picked":"SKIP","floor":5.0},{"not_picked":["Crescendo","ReachHeaven"],"picked":"Adaptation","floor":7.0},{"not_picked":["Crescendo","Evaluate","ClearTheMind"],"picked":"SKIP","floor":10},{"not_picked":["BowlingBash","DeusExMachina"],"picked":"InnerPeace","floor":11}],"player_experience":1457415,"relics_obtained":[{"floor":9.0,"key":"InkBottle"}],"event_choices":[{"damage_healed":0.0,"max_hp_gain":0.0,"max_hp_loss":0.0,"gold_gain":150.0,"event_name":"Liars Game","player_choice":"AGREE","floor":2.0,"gold_loss":0.0,"damage_taken":0.0,"cards_obtained":["Doubt"]},{"damage_healed":0.0,"max_hp_gain":5.0,"max_hp_loss":0.0,"gold_gain":0.0,"event_name":"Big Fish","player_choice":"Donut","floor":3.0,"gold_loss":0.0,"damage_taken":0.0},{"cards_removed":["Tantrum"],"damage_healed":0.0,"max_hp_gain":0.0,"max_hp_loss":0.0,"gold_gain":0.0,"event_name":"WeMeetAgain","player_choice":"Gave Card","floor":4.0,"gold_loss":0.0,"damage_taken":0.0,"relics_obtained":["Bird Faced Urn"]},{"damage_healed":0,"gold_gain":0,"player_choice":"Ignored","damage_taken":0,"max_hp_gain":0,"max_hp_loss":0,"event_name":"Golden Wing","floor":12,"gold_loss":0}],"is_beta":false,"boss_relics":[],"items_purged_floors":[],"is_endless":false,"potions_floor_spawned":[1],"killed_by":"3 Sentries","ascension_level":20}}