{"host":"dpbezu80jg8zk7un","time":1608166943,"event":{"mods":["BaseMod","Colored Map","Colored Powertips","Custom Start","DeckTracker","Minty Spire (QoL Compilation)","Quick Restart","StSLib","SuperFastMode"],"gold_per_floor":[117,117,136,136,61,11,11,36,51,51,67,84,84,94,105,105,184,184,199,209,221,221,121,146,146,179,179,104,104,104,104,180,180,255,255,273,148,162,179,198,198,223,274,300,326,344,669,684,426,426,426,426,426,426,11,11,11],"floor_reached":56,"playtime":2092,"items_purged":["Strike_P","Strike_P","EmptyFist+1","Conclude+1","FollowUp+1"],"score":2269,"play_id":"db82c7a4-155f-475a-8975-554f419af08b","local_time":"20201217100223","is_ascension_mode":true,"campfire_choices":[{"data":"Eruption","floor":7.0,"key":"SMITH"},{"data":"Conclude","floor":13.0,"key":"SMITH"},{"floor":16.0,"key":"RECALL"},{"floor":25.0,"key":"REST"},{"data":"MentalFortress","floor":30.0,"key":"SMITH"},{"data":"DevaForm","floor":33.0,"key":"SMITH"},{"floor":41.0,"key":"REST"},{"data":"Purity","floor":50.0,"key":"SMITH"},{"floor":54.0,"key":"REST"}],"circlet_count":0,"master_deck":["AscendersBane","Defend_P+1","Eruption+1","Vigilance+1","CrushJoints+1","LessonLearned+1","Halt+1","FearNoEvil+1","InnerPeace+1","MentalFortress+1","DevaForm+1","Adaptation+1","Purity+1"],"relics":["PureWater","NeowsBlessing","TungstenRod","FossilizedHelix","Du-Vu Doll","SacredBark","MealTicket","Ornamental Fan","TeardropLocket","Molten Egg 2","Empty Cage","War Paint","Turnip","Ancient Tea Set","Old Coin","Membership Card","Thread and Needle"],"acts_visited":["Exordium","TheCity","TheBeyond","TheEnding"],"potions_floor_usage":[],"damage_taken":[{"damage":0.0,"enemies":"Small Slimes","floor":1.0,"turns":1.0},{"damage":0.0,"enemies":"Cultist","floor":3.0,"turns":1.0},{"damage":0.0,"enemies":"Lagavulin","floor":8.0,"turns":2.0},{"damage":0.0,"enemies":"2 Louse","floor":9.0,"turns":2.0},{"damage":0.0,"enemies":"Exordium Thugs","floor":11.0,"turns":3.0},{"damage":4.0,"enemies":"Blue Slaver","floor":12.0,"turns":4.0},{"damage":0.0,"enemies":"Lots of Slimes","floor":14.0,"turns":2.0},{"damage":0.0,"enemies":"Large Slime","floor":15.0,"turns":4.0},{"damage":17.0,"enemies":"Slime Boss","floor":17.0,"turns":9.0},{"damage":0.0,"enemies":"3 Byrds","floor":19.0,"turns":4.0},{"damage":0.0,"enemies":"2 Thieves","floor":20.0,"turns":2.0},{"damage":20.0,"enemies":"Shelled Parasite and Fungi","floor":21.0,"turns":3.0},{"damage":13.0,"enemies":"Slavers","floor":24.0,"turns":3.0},{"damage":4.0,"enemies":"Book of Stabbing","floor":26.0,"turns":4.0},{"damage":0.0,"enemies":"Champ","floor":34.0,"turns":10.0},{"damage":0.0,"enemies":"3 Shapes","floor":36.0,"turns":3.0},{"damage":0.0,"enemies":"Orb Walker","floor":38.0,"turns":2.0},{"damage":0.0,"enemies":"Transient","floor":39.0,"turns":6.0},{"damage":2.0,"enemies":"4 Shapes","floor":40.0,"turns":5.0},{"damage":0.0,"enemies":"Nemesis","floor":42.0,"turns":5.0},{"damage":5.0,"enemies":"2 Orb Walkers","floor":43.0,"turns":4.0},{"damage":0.0,"enemies":"Giant Head","floor":45.0,"turns":4.0},{"damage":0.0,"enemies":"3 Darklings","floor":46.0,"turns":2.0},{"damage":0.0,"enemies":"Mind Bloom Boss Battle","floor":47.0,"turns":5.0},{"damage":0.0,"enemies":"Maw","floor":48.0,"turns":4.0},{"damage":0.0,"enemies":"Awakened One","floor":51.0,"turns":4.0},{"damage":24.0,"enemies":"Time Eater","floor":52.0,"turns":6.0},{"damage":71,"enemies":"Shield and Spear","floor":56,"turns":4}],"seed_played":"5639933656160548768","potions_obtained":[{"floor":8.0,"key":"StancePotion"},{"floor":15.0,"key":"SpeedPotion"},{"floor":17.0,"key":"SteroidPotion"},{"floor":21.0,"key":"GamblersBrew"},{"floor":26.0,"key":"Ambrosia"},{"floor":42.0,"key":"SpeedPotion"}],"is_trial":false,"path_per_floor":["M","?","M","?","$","?","R","E","M","T","M","M","R","M","M","R","B",null,"M","M","M","?","$","E","R","E","T","?","$","R","?","T","R","B",null,"M","$","M","M","M","R","E","?","T","E","M","?","M","$","R","B","B",null,"R","$","E"],"character_chosen":"WATCHER","items_purchased":["Purity","Membership Card","Thread and Needle"],"campfire_rested":3,"item_purchase_floors":[49,55,55],"current_hp_per_floor":[61,61,61,61,61,61,61,61,61,61,61,57,57,57,57,57,40,61,61,61,41,41,41,28,48,44,44,44,59,59,59,59,59,59,66,66,68,68,68,66,68,68,63,63,63,63,63,63,68,68,68,44,62,68,68,0,0],"gold":11,"neow_bonus":"THREE_ENEMY_KILL","is_daily":false,"chose_seed":false,"campfire_upgraded":5,"win_rate":0.0,"timestamp":1608166943,"path_taken":["M","?","?","?","?","?","R","E","?","T","M","M","R","M","M","R","BOSS","M","M","M","?","$","E","R","E","T","?","$","R","?","?","R","BOSS","M","$","M","M","M","R","E","?","T","E","M","?","M","$","R","BOSS","BOSS","R","$","E"],"items_purchased_type":["Card","Relic","Relic"],"build_version":"2020-12-13","purchased_purges":5,"victory":false,"max_hp_per_floor":[68,68,68,68,68,68,68,68,68,68,68,68,68,68,68,68,68,68,68,68,68,68,68,68,68,68,68,68,68,68,68,68,68,68,68,68,68,68,68,68,68,68,68,68,68,68,68,68,68,68,68,68,68,68,68,68,68],"card_choices":[{"not_picked":["DeceiveReality","Halt"],"picked":"CrushJoints","floor":1.0},{"not_picked":["Fasting2","SashWhip"],"picked":"FollowUp","floor":3.0},{"not_picked":["EmptyBody","CrushJoints"],"picked":"EmptyFist","floor":8.0},{"not_picked":["Wallop","Protect","Evaluate"],"picked":"SKIP","floor":9.0},{"not_picked":["Crescendo","BowlingBash"],"picked":"Conclude","floor":11.0},{"not_picked":["ReachHeaven","FollowUp"],"picked":"Halt","floor":12.0},{"not_picked":["Evaluate","SashWhip"],"picked":"FearNoEvil","floor":14.0},{"not_picked":["Protect","WreathOfFlame","Crescendo"],"picked":"SKIP","floor":15.0},{"not_picked":["FollowUp","Halt","Protect"],"picked":"SKIP","floor":19.0},{"not_picked":["SashWhip","Sanctity"],"picked":"InnerPeace","floor":20.0},{"not_picked":["Study","SignatureMove"],"picked":"MentalFortress","floor":21.0},{"not_picked":["Worship+1","Halt","FollowUp+1"],"picked":"SKIP","floor":24.0},{"not_picked":["Protect","Perseverance","Pray+1"],"picked":"SKIP","floor":26.0},{"not_picked":["FlyingSleeves+1","FollowUp+1"],"picked":"Adaptation","floor":36.0},{"not_picked":["DeceiveReality","Vengeance+1","BowlingBash+1"],"picked":"SKIP","floor":38.0},{"not_picked":["FearNoEvil+1","ThirdEye","Evaluate"],"picked":"SKIP","floor":39.0},{"not_picked":["WheelKick+1","Wallop+1","Indignation"],"picked":"SKIP","floor":40.0},{"not_picked":["Weave+1","BattleHymn","Establishment"],"picked":"SKIP","floor":42.0},{"not_picked":["FlyingSleeves+1","CutThroughFate+1","Wireheading"],"picked":"SKIP","floor":45.0},{"not_picked":["EmptyBody","Consecrate+1","CutThroughFate+1"],"picked":"SKIP","floor":46.0},{"not_picked":["CrushJoints+1","SignatureMove+1","ClearTheMind"],"picked":"SKIP","floor":48.0}],"player_experience":2759635,"relics_obtained":[{"floor":8.0,"key":"FossilizedHelix"},{"floor":10.0,"key":"Du-Vu Doll"},{"floor":24.0,"key":"MealTicket"},{"floor":26.0,"key":"Ornamental Fan"},{"floor":27.0,"key":"TeardropLocket"},{"floor":32.0,"key":"Molten Egg 2"},{"floor":42.0,"key":"War Paint"},{"floor":43.0,"key":"Turnip"},{"floor":45.0,"key":"Ancient Tea Set"},{"floor":47.0,"key":"Old Coin"}],"event_choices":[{"damage_healed":0.0,"max_hp_gain":0.0,"max_hp_loss":0.0,"gold_gain":0.0,"cards_transformed":["Defend_P"],"event_name":"Transmorgrifier","player_choice":"Transformed","floor":2.0,"gold_loss":0.0,"damage_taken":0.0,"cards_obtained":["LessonLearned"]},{"damage_healed":0.0,"max_hp_gain":0.0,"max_hp_loss":0.0,"gold_gain":0.0,"event_name":"WeMeetAgain","player_choice":"Paid Gold","floor":6.0,"gold_loss":50.0,"damage_taken":0.0,"relics_obtained":["TungstenRod"]},{"damage_healed":0.0,"max_hp_gain":0.0,"max_hp_loss":0.0,"gold_gain":0.0,"cards_transformed":["Strike_P","Defend_P"],"event_name":"Drug Dealer","player_choice":"Became Test Subject","floor":22.0,"gold_loss":0.0,"damage_taken":0.0,"cards_obtained":["DevaForm","Nirvana"]},{"cards_removed":["Nirvana"],"damage_healed":0.0,"max_hp_gain":0.0,"max_hp_loss":0.0,"gold_gain":0.0,"event_name":"Beggar","player_choice":"Gave Gold","floor":28.0,"gold_loss":75.0,"damage_taken":0.0},{"damage_healed":0.0,"max_hp_gain":0.0,"max_hp_loss":0.0,"gold_gain":0.0,"event_name":"Ghosts","player_choice":"Ignored","floor":31.0,"gold_loss":0.0,"damage_taken":0.0},{"damage_healed":0.0,"max_hp_gain":0.0,"max_hp_loss":0.0,"gold_gain":0.0,"event_name":"Mysterious Sphere","player_choice":"Fight","floor":43.0,"gold_loss":0.0,"damage_taken":0.0},{"damage_healed":0.0,"max_hp_gain":0.0,"max_hp_loss":0.0,"gold_gain":0.0,"event_name":"MindBloom","player_choice":"Fight","floor":47.0,"gold_loss":0.0,"damage_taken":0.0}],"is_beta":false,"boss_relics":[{"not_picked":["Ectoplasm","Astrolabe"],"picked":"SacredBark"},{"not_picked":["Snecko Eye","Black Star"],"picked":"Empty Cage"}],"items_purged_floors":[5,23,37,49,55],"is_endless":false,"potions_floor_spawned":[8,15,17,21,26,38,40,42,47],"killed_by":"Shield and Spear","ascension_level":20}}