{"host":"i4eavuqabbk5mi94","time":1608209598,"event":{"mods":["BaseMod","Googly Eyes","Minty Spire (QoL Compilation)"],"gold_per_floor":[114,64,64,84,104,136,156,187,257,257,276,288,288,314,314,414,414,433,464,464,482,495,522,437,437,463,496,10,45,45,45,45],"floor_reached":31,"playtime":1580,"items_purged":[],"score":360,"play_id":"0a76f314-4c2c-46b7-853e-d2b82ec95f2c","local_time":"20201217125318","is_ascension_mode":true,"campfire_choices":[{"data":"Noxious Fumes","floor":10,"key":"SMITH"},{"floor":15,"key":"REST"},{"floor":25,"key":"REST"},{"floor":30,"key":"REST"}],"circlet_count":0,"master_deck":["Strike_G","Strike_G+1","Strike_G","Strike_G","Strike_G","Defend_G","Defend_G","Defend_G","Defend_G","Survivor","Neutralize+1","Bullet Time","Poisoned Stab+1","Catalyst","Deadly Poison","Bane","Leg Sweep","Noxious Fumes+1","Dagger Throw","Calculated Gamble","Envenom","Blade Dance+1","Footwork+1","Blur","Prepared","PiercingWail","Noxious Fumes","Noxious Fumes+1","Escape Plan+1"],"relics":["Ring of the Snake","Toy Ornithopter","Tough Bandages","The Courier","Oddly Smooth Stone","Anchor","Sozu","Red Mask","Dream Catcher","Nunchaku","PreservedInsect","MealTicket","Eternal Feather","Happy Flower","Snake Skull","Whetstone"],"acts_visited":["Exordium","TheCity"],"potions_floor_usage":[7,8,16,16,19],"damage_taken":[{"damage":0,"enemies":"Jaw Worm","floor":1,"turns":5},{"damage":0,"enemies":"Cultist","floor":4,"turns":3},{"damage":0,"enemies":"Small Slimes","floor":5,"turns":3},{"damage":15,"enemies":"Lagavulin","floor":6,"turns":5},{"damage":0,"enemies":"3 Louse","floor":7,"turns":2},{"damage":6,"enemies":"Gremlin Nob","floor":8,"turns":3},{"damage":4,"enemies":"Blue Slaver","floor":11,"turns":4},{"damage":1,"enemies":"Red Slaver","floor":12,"turns":2},{"damage":18,"enemies":"3 Sentries","floor":14,"turns":8},{"damage":19,"enemies":"The Guardian","floor":16,"turns":9},{"damage":0,"enemies":"3 Byrds","floor":18,"turns":5},{"damage":14,"enemies":"Masked Bandits","floor":19,"turns":6},{"damage":0,"enemies":"2 Thieves","floor":21,"turns":4},{"damage":12,"enemies":"Shelled Parasite and Fungi","floor":22,"turns":8},{"damage":6,"enemies":"Gremlin Leader","floor":23,"turns":6},{"damage":15,"enemies":"Book of Stabbing","floor":27,"turns":5},{"damage":33,"enemies":"Gremlin Leader","floor":29,"turns":5},{"damage":71,"enemies":"3 Cultists","floor":31,"turns":5}],"seed_played":"2922495253742394002","potions_obtained":[{"floor":5,"key":"Explosive Potion"},{"floor":7,"key":"Strength Potion"},{"floor":11,"key":"Fire Potion"},{"floor":12,"key":"Ancient Potion"},{"floor":16,"key":"SkillPotion"}],"is_trial":false,"path_per_floor":["M","?","?","M","M","E","M","E","T","R","M","M","?","E","R","B",null,"M","?","?","M","M","E","?","R","T","E","$","E","R","M"],"character_chosen":"THE_SILENT","items_purchased":["Noxious Fumes","Eternal Feather","Happy Flower","Snake Skull"],"campfire_rested":3,"item_purchase_floors":[28,28,28,28],"current_hp_per_floor":[70,70,70,70,70,55,60,59,59,59,55,54,51,33,54,45,70,70,56,56,56,44,38,38,59,59,44,59,26,62,0,0],"gold":45,"neow_bonus":"ONE_RANDOM_RARE_CARD","is_daily":false,"chose_seed":false,"campfire_upgraded":1,"win_rate":0.0,"timestamp":1608209598,"path_taken":["M","?","?","M","?","E","M","E","T","R","M","M","?","E","R","BOSS","M","?","?","M","M","E","?","R","T","E","$","E","R","M"],"items_purchased_type":["Card","Relic","Relic","Relic"],"build_version":"2020-12-13","purchased_purges":0,"victory":false,"max_hp_per_floor":[70,70,70,70,70,70,70,70,70,70,70,70,70,70,70,70,70,70,70,70,70,70,70,70,70,70,70,70,70,70,70,70],"card_choices":[{"not_picked":["Flying Knee","Bane"],"picked":"Poisoned Stab","floor":1},{"not_picked":["Underhanded Strike","Blade Dance"],"picked":"Catalyst","floor":4},{"not_picked":["Infinite Blades","Reflex"],"picked":"Deadly Poison","floor":5},{"not_picked":["Outmaneuver","Crippling Poison"],"picked":"Bane","floor":6},{"not_picked":["Underhanded Strike","Dagger Spray"],"picked":"Leg Sweep","floor":7},{"not_picked":["Sucker Punch","Acrobatics"],"picked":"Noxious Fumes","floor":8},{"not_picked":["Deadly Poison","Endless Agony","Masterful Stab"],"picked":"SKIP","floor":11},{"not_picked":["Masterful Stab","Dodge and Roll"],"picked":"Dagger Throw","floor":12},{"not_picked":["Poisoned Stab","Distraction"],"picked":"Calculated Gamble","floor":14},{"not_picked":["Burst","Phantasmal Killer"],"picked":"Envenom","floor":16},{"not_picked":["Backflip","PiercingWail"],"picked":"Blade Dance+1","floor":18},{"not_picked":["Flying Knee+1","Prepared"],"picked":"Footwork+1","floor":19},{"not_picked":["Bouncing Flask","Dagger Throw"],"picked":"Blur","floor":21},{"not_picked":["Infinite Blades","Bane"],"picked":"Prepared","floor":22},{"not_picked":["Dodge and Roll","Leg Sweep","Poisoned Stab"],"picked":"SKIP","floor":23},{"not_picked":["Quick Slash","Accuracy+1"],"picked":"PiercingWail","floor":27},{"not_picked":["Flying Knee","Phantasmal Killer"],"picked":"Noxious Fumes+1","floor":29},{"not_picked":["Prepared","Skewer"],"picked":"Escape Plan+1","floor":30}],"player_experience":346862,"relics_obtained":[{"floor":6,"key":"Toy Ornithopter"},{"floor":8,"key":"Tough Bandages"},{"floor":9,"key":"The Courier"},{"floor":14,"key":"Anchor"},{"floor":19,"key":"Red Mask"},{"floor":23,"key":"Dream Catcher"},{"floor":26,"key":"PreservedInsect"},{"floor":27,"key":"MealTicket"},{"floor":29,"key":"Whetstone"}],"event_choices":[{"cards_removed":["Defend_G"],"damage_healed":0,"gold_gain":0,"player_choice":"Card Removal","damage_taken":0,"max_hp_gain":0,"max_hp_loss":0,"event_name":"The Cleric","floor":2,"gold_loss":50},{"damage_healed":0,"gold_gain":0,"player_choice":"Upgraded","damage_taken":0,"max_hp_gain":0,"max_hp_loss":0,"event_name":"Upgrade Shrine","floor":3,"gold_loss":0,"cards_upgraded":["Neutralize"]},{"damage_healed":0,"gold_gain":0,"player_choice":"Success","damage_taken":3,"relics_obtained":["Oddly Smooth Stone"],"max_hp_gain":0,"max_hp_loss":0,"event_name":"Scrap Ooze","floor":13,"gold_loss":0},{"damage_healed":0,"gold_gain":0,"player_choice":"Fought Bandits","damage_taken":0,"max_hp_gain":0,"max_hp_loss":0,"event_name":"Masked Bandits","floor":19,"gold_loss":0},{"damage_healed":0,"gold_gain":0,"player_choice":"Ignored","damage_taken":0,"max_hp_gain":0,"max_hp_loss":0,"event_name":"Ghosts","floor":20,"gold_loss":0},{"damage_healed":0,"gold_gain":0,"player_choice":"Obtained Relic","damage_taken":0,"relics_obtained":["Nunchaku"],"max_hp_gain":0,"max_hp_loss":0,"event_name":"Addict","floor":24,"gold_loss":85}],"is_beta":false,"boss_relics":[{"not_picked":["Philosopher\u0027s Stone","Snecko Eye"],"picked":"Sozu"}],"items_purged_floors":[],"is_endless":false,"potions_floor_spawned":[5,7,11,12,16,21,27,29],"killed_by":"3 Cultists","ascension_level":3}}