{"host":"hgkb2zpbo2dcws21","time":1608216451,"event":{"mods":["AchievementEnabler","BaseMod","Colored Map","Colored Powertips","Custom Start","DeckTracker","KOR Keyword Fix","Minty Spire (QoL Compilation)","StSLib","SuperFastMode"],"gold_per_floor":[112,112,262,276,4,29,29,29,56,56,86,103,123,139,139,215,215,226,226,242,142,142,172,172,92,92,142,169,247,260,275,275,351,351,371,371,420,432,295,295,295,295],"floor_reached":41,"playtime":846,"items_purged":["Doubt","Strike_R","Strike_R"],"score":874,"play_id":"e7fe40cc-8172-4205-ac2c-24ce9c0e6a9b","local_time":"20201217234731","is_ascension_mode":true,"campfire_choices":[{"data":"Apotheosis","floor":7.0,"key":"SMITH"},{"data":"Immolate","floor":10.0,"key":"SMITH"},{"data":"Seeing Red","floor":15,"key":"SMITH"},{"floor":24,"key":"REST"},{"floor":32,"key":"REST"},{"floor":40,"key":"RECALL"}],"circlet_count":0,"master_deck":["AscendersBane","Strike_R","Strike_R","Strike_R","Defend_R","Defend_R","Defend_R","Defend_R","Bash","Immolate+1","Second Wind","Apotheosis+1","Headbutt","Blood for Blood","Seeing Red+1","Power Through","Juggernaut+1","Shrug It Off","Evolve+1","Fire Breathing+1","Reckless Charge","True Grit+1","Offering","Madness","Madness","Dark Embrace+1"],"relics":["Burning Blood","Frozen Egg 2","Pear","Tiny Chest","Torii","Runic Pyramid","Enchiridion","Meat on the Bone","Matryoshka","Question Card","Smiling Mask","Bottled Lightning","Fusion Hammer","Thread and Needle"],"acts_visited":["Exordium","TheCity","TheBeyond"],"potions_floor_usage":[33],"damage_taken":[{"damage":8.0,"enemies":"Small Slimes","floor":1.0,"turns":3.0},{"damage":0.0,"enemies":"2 Louse","floor":4.0,"turns":2.0},{"damage":28.0,"enemies":"3 Sentries","floor":6.0,"turns":7.0},{"damage":31,"enemies":"Gremlin Nob","floor":11,"turns":4},{"damage":0,"enemies":"Cultist","floor":12,"turns":3},{"damage":0,"enemies":"Exordium Wildlife","floor":13,"turns":1},{"damage":0,"enemies":"3 Louse","floor":14,"turns":2},{"damage":24,"enemies":"The Guardian","floor":16,"turns":8},{"damage":0,"enemies":"3 Byrds","floor":18,"turns":5},{"damage":0,"enemies":"Chosen","floor":20,"turns":3},{"damage":54,"enemies":"Book of Stabbing","floor":23,"turns":6},{"damage":14,"enemies":"Gremlin Leader","floor":28,"turns":7},{"damage":30,"enemies":"Shelled Parasite and Fungi","floor":30,"turns":5},{"damage":9,"enemies":"Centurion and Healer","floor":31,"turns":4},{"damage":58,"enemies":"Champ","floor":33,"turns":14},{"damage":6,"enemies":"Orb Walker","floor":35,"turns":2},{"damage":15,"enemies":"2 Orb Walkers","floor":37,"turns":5},{"damage":37,"enemies":"3 Darklings","floor":38,"turns":3},{"damage":52,"enemies":"Nemesis","floor":41,"turns":2}],"seed_played":"-8249871640537061586","potions_obtained":[{"floor":11,"key":"ElixirPotion"},{"floor":16,"key":"Ancient Potion"},{"floor":18,"key":"BloodPotion"},{"floor":33,"key":"SpeedPotion"}],"is_trial":false,"path_per_floor":["M","?","?","M","$","E","R","?","T","R","E","M","M","M","R","B",null,"M","?","M","$","?","E","R","$","T","?","E","T","M","M","R","B",null,"M","?","?","M","$","R","E"],"character_chosen":"IRONCLAD","items_purchased":["Apotheosis","Fire Breathing+1","Dark Embrace+1"],"campfire_rested":2,"item_purchase_floors":[5,25,39],"current_hp_per_floor":[48,53,53,59,59,37,37,47,47,47,22,28,34,40,40,22,73,79,58,64,64,64,16,43,43,43,43,47,47,35,44,71,31,75,75,59,62,43,43,43,0,0],"gold":295,"neow_bonus":"THREE_RARE_CARDS","is_daily":false,"chose_seed":false,"campfire_upgraded":3,"win_rate":0.0,"timestamp":1608216451,"path_taken":["M","?","?","M","$","E","R","?","T","R","E","M","M","M","R","BOSS","M","?","M","$","?","E","R","$","T","?","E","?","M","M","R","BOSS","M","?","?","M","$","R","E"],"items_purchased_type":["Card","Card","Card"],"build_version":"2020-12-13","purchased_purges":3,"victory":false,"max_hp_per_floor":[75,80,80,80,80,80,80,90,90,90,90,90,90,90,90,90,90,90,90,90,90,90,90,90,90,90,90,90,90,90,90,90,90,90,90,90,90,90,90,90,90,90],"card_choices":[{"not_picked":["Corruption","Impervious"],"picked":"Immolate","floor":0.0},{"not_picked":["Havoc","Clothesline"],"picked":"Second Wind","floor":1.0},{"not_picked":["Clothesline","Iron Wave","Rampage"],"picked":"SKIP","floor":4.0},{"not_picked":["Flame Barrier","Cleave","Twin Strike"],"picked":"SKIP","floor":6.0},{"not_picked":["Wild Strike","Immolate","Headbutt"],"picked":"SKIP","floor":11},{"not_picked":["Wild Strike","Immolate"],"picked":"Headbutt","floor":11},{"not_picked":["Body Slam","Cleave"],"picked":"Blood for Blood","floor":12},{"not_picked":["Pummel","Rupture+1"],"picked":"Seeing Red","floor":13},{"not_picked":["Flame Barrier","Battle Trance"],"picked":"Power Through","floor":14},{"not_picked":["Feed","Immolate"],"picked":"Juggernaut+1","floor":16},{"not_picked":["Intimidate","Twin Strike"],"picked":"Shrug It Off","floor":18},{"not_picked":["Sword Boomerang+1","Clothesline","Rampage"],"picked":"SKIP","floor":20},{"not_picked":["Heavy Blade","Headbutt"],"picked":"Evolve+1","floor":23},{"not_picked":["Pummel","Twin Strike","Flex"],"picked":"SKIP","floor":28},{"not_picked":["Headbutt","Clash+1","Armaments+1"],"picked":"Reckless Charge","floor":30},{"not_picked":["Heavy Blade","Clash","Warcry"],"picked":"True Grit+1","floor":31},{"not_picked":["Juggernaut+1","Impervious","Immolate"],"picked":"Offering","floor":33},{"not_picked":["Iron Wave","Bloodletting","True Grit","Uppercut"],"picked":"SKIP","floor":35},{"not_picked":["Pummel+1","Warcry","Thunderclap+1","Rampage"],"picked":"SKIP","floor":38}],"player_experience":1080139,"relics_obtained":[{"floor":6.0,"key":"Frozen Egg 2"},{"floor":8.0,"key":"Pear"},{"floor":9.0,"key":"Tiny Chest"},{"floor":11,"key":"Torii"},{"floor":19,"key":"Enchiridion"},{"floor":23,"key":"Meat on the Bone"},{"floor":26,"key":"Matryoshka"},{"floor":28,"key":"Question Card"},{"floor":29,"key":"Smiling Mask"},{"floor":29,"key":"Bottled Lightning"},{"floor":37,"key":"Thread and Needle"}],"event_choices":[{"damage_healed":0.0,"max_hp_gain":5.0,"max_hp_loss":0.0,"gold_gain":0.0,"event_name":"Big Fish","player_choice":"Donut","floor":2.0,"gold_loss":0.0,"damage_taken":0.0},{"damage_healed":0.0,"max_hp_gain":0.0,"max_hp_loss":0.0,"gold_gain":150.0,"event_name":"Liars Game","player_choice":"AGREE","floor":3.0,"gold_loss":0.0,"damage_taken":0.0,"cards_obtained":["Doubt"]},{"damage_healed":0.0,"max_hp_gain":0.0,"max_hp_loss":0.0,"gold_gain":0.0,"event_name":"Wheel of Change","player_choice":"Relic","floor":8.0,"gold_loss":0.0,"damage_taken":0.0},{"damage_healed":0,"gold_gain":0,"player_choice":"Obtained Book","damage_taken":21,"max_hp_gain":0,"max_hp_loss":0,"event_name":"Cursed Tome","floor":19,"gold_loss":0},{"damage_healed":0,"gold_gain":0,"player_choice":"Ignored","damage_taken":0,"max_hp_gain":0,"max_hp_loss":0,"event_name":"Ghosts","floor":22,"gold_loss":0},{"damage_healed":0,"gold_gain":50,"player_choice":"Stole From Cult","damage_taken":0,"max_hp_gain":0,"max_hp_loss":0,"event_name":"Nest","floor":27,"gold_loss":0},{"damage_healed":0,"gold_gain":0,"player_choice":"Embrace Madness","damage_taken":16,"max_hp_gain":0,"max_hp_loss":0,"event_name":"Winding Halls","floor":36,"gold_loss":0,"cards_obtained":["Madness","Madness"]},{"damage_healed":0,"gold_gain":0,"player_choice":"Fight","damage_taken":0,"max_hp_gain":0,"max_hp_loss":0,"event_name":"Mysterious Sphere","floor":37,"gold_loss":0}],"is_beta":false,"boss_relics":[{"not_picked":["Sozu","SlaversCollar"],"picked":"Runic Pyramid"},{"not_picked":["Black Star","Velvet Choker"],"picked":"Fusion Hammer"}],"items_purged_floors":[5,21,39],"is_endless":false,"potions_floor_spawned":[11,16,18,23,33,35,38],"killed_by":"Nemesis","ascension_level":20}}