{"host":"m3herrhkesxm9ooc","time":1608194788,"event":{"mods":["BaseMod","Hermit","Minty Spire (QoL Compilation)","StSLib","The Hierophant"],"gold_per_floor":[113,188,188,37,51,51,66,66,116,134,153,230,230,249,249,327,327,343,343,357,272,290,324,324,324,324],"floor_reached":25,"playtime":1054,"items_purged":[],"score":373,"play_id":"fadb73f4-2f1f-46a7-a2a3-7bcffdfed0f9","local_time":"20201217174628","is_ascension_mode":true,"campfire_choices":[{"data":"hermit:Gestalt","floor":6,"key":"SMITH"},{"data":"hermit:Deadeye","floor":8,"key":"SMITH"},{"floor":13,"key":"REST"},{"data":"hermit:Combo","floor":15,"key":"SMITH"}],"circlet_count":0,"master_deck":["AscendersBane","hermit:Strike_Hermit+1","hermit:Strike_Hermit+1","hermit:Strike_Hermit+1","hermit:Strike_Hermit+1","hermit:Defend_Hermit+1","hermit:Defend_Hermit+1","hermit:Defend_Hermit+1","hermit:Defend_Hermit+1","hermit:Snapshot","hermit:Covet","hermit:Shortfuse","Pain","hermit:Deadeye+1","hermit:Glare","hermit:Combo+1","hermit:Gestalt+1","hermit:ItchyTrigger","hermit:Showdown","hermit:BodyArmor","hermit:Glare","hermit:FatalDesire","hermit:FlashPowder","hermit:Enervate","hermit:Midnight","hermit:HeroicBravado"],"relics":["hermit:Momento","NeowsBlessing","WarpedTongs","Vajra","Question Card","Sozu","Blood Vial","Girya"],"acts_visited":["Exordium","TheCity"],"potions_floor_usage":[16,23,25],"damage_taken":[{"damage":0,"enemies":"Cultist","floor":1,"turns":1},{"damage":0,"enemies":"2 Louse","floor":5,"turns":1},{"damage":0,"enemies":"Jaw Worm","floor":7,"turns":1},{"damage":2,"enemies":"Blue Slaver","floor":10,"turns":3},{"damage":11,"enemies":"Looter","floor":11,"turns":2},{"damage":1,"enemies":"Large Slime","floor":14,"turns":4},{"damage":2,"enemies":"Slime Boss","floor":16,"turns":10},{"damage":4,"enemies":"Chosen","floor":18,"turns":3},{"damage":0,"enemies":"3 Byrds","floor":20,"turns":5},{"damage":15,"enemies":"Cultist and Chosen","floor":22,"turns":7},{"damage":30,"enemies":"Slavers","floor":23,"turns":5},{"damage":35,"enemies":"Gremlin Leader","floor":25,"turns":5}],"seed_played":"7847928544436327129","potions_obtained":[{"floor":1,"key":"BlessingOfTheForge"},{"floor":10,"key":"PowerPotion"},{"floor":16,"key":"LiquidBronze"}],"is_trial":false,"path_per_floor":["M","?","?","$","M","R","M","R","T","M","M","T","R","M","R","B",null,"M","?","M","?","M","E","?","E"],"character_chosen":"HERMIT","items_purchased":["hermit:Deadeye","hermit:Glare","hermit:Combo"],"campfire_rested":1,"item_purchase_floors":[4,4,4],"current_hp_per_floor":[64,53,53,53,53,53,53,53,53,51,40,40,61,60,60,58,68,64,64,64,64,51,23,23,0,0],"gold":324,"neow_bonus":"THREE_ENEMY_KILL","is_daily":false,"chose_seed":false,"campfire_upgraded":3,"win_rate":0.0,"timestamp":1608194788,"path_taken":["M","?","?","$","?","R","M","R","T","M","?","?","R","M","R","BOSS","M","?","M","?","M","E","?","E"],"items_purchased_type":["Card","Card","Card"],"build_version":"2020-12-13","purchased_purges":0,"victory":false,"max_hp_per_floor":[71,71,71,71,71,71,71,71,71,71,71,71,71,71,71,71,71,71,71,71,71,71,71,71,71,71],"card_choices":[{"not_picked":["hermit:Misfire","hermit:Horror"],"picked":"hermit:Shortfuse","floor":1},{"not_picked":["hermit:Deadeye","hermit:Quickdraw"],"picked":"hermit:Gestalt","floor":5},{"not_picked":["hermit:Roulette","hermit:Dive"],"picked":"hermit:ItchyTrigger","floor":7},{"not_picked":["hermit:Dissolve","hermit:Roulette"],"picked":"hermit:Showdown","floor":10},{"not_picked":["hermit:WideOpen","hermit:Desperado"],"picked":"hermit:BodyArmor","floor":11},{"not_picked":["hermit:Desperado","hermit:Showdown","hermit:Dive"],"picked":"hermit:Glare","floor":14},{"not_picked":["hermit:HeroicBravado","hermit:DeadOrAlive","hermit:FinalCanter"],"picked":"hermit:FatalDesire","floor":16},{"not_picked":["hermit:Midnight","hermit:LowProfile","hermit:ItchyTrigger"],"picked":"hermit:FlashPowder","floor":18},{"not_picked":["hermit:Dive","hermit:Combo","hermit:GoldenBullet"],"picked":"hermit:Enervate","floor":20},{"not_picked":["hermit:LuckOfTheDraw","hermit:Desperado+1","hermit:Dive"],"picked":"hermit:Midnight","floor":22},{"not_picked":["hermit:Misfire","hermit:Manifest+1","hermit:Glare"],"picked":"hermit:HeroicBravado","floor":23}],"player_experience":634977,"relics_obtained":[{"floor":9,"key":"Vajra"},{"floor":12,"key":"Question Card"},{"floor":23,"key":"Girya"}],"event_choices":[{"damage_healed":0,"gold_gain":75,"player_choice":"Gather Gold","damage_taken":11,"max_hp_gain":0,"max_hp_loss":0,"event_name":"World of Goop","floor":2,"gold_loss":0},{"damage_healed":0,"gold_gain":0,"player_choice":"Rummage","damage_taken":0,"relics_obtained":["WarpedTongs"],"max_hp_gain":0,"max_hp_loss":0,"event_name":"Accursed Blacksmith","floor":3,"gold_loss":0,"cards_obtained":["Pain"]},{"damage_healed":0,"gold_gain":0,"player_choice":"Simplicity","damage_taken":0,"max_hp_gain":0,"max_hp_loss":0,"event_name":"Back to Basics","floor":19,"gold_loss":0,"cards_upgraded":["hermit:Strike_Hermit","hermit:Strike_Hermit","hermit:Strike_Hermit","hermit:Strike_Hermit","hermit:Defend_Hermit","hermit:Defend_Hermit","hermit:Defend_Hermit","hermit:Defend_Hermit"]},{"damage_healed":0,"gold_gain":0,"player_choice":"Obtained Relic","damage_taken":0,"relics_obtained":["Blood Vial"],"max_hp_gain":0,"max_hp_loss":0,"event_name":"Addict","floor":21,"gold_loss":85},{"damage_healed":0,"gold_gain":0,"player_choice":"Ignored","damage_taken":0,"max_hp_gain":0,"max_hp_loss":0,"event_name":"Cursed Tome","floor":24,"gold_loss":0}],"is_beta":false,"boss_relics":[{"not_picked":["Velvet Choker","Busted Crown"],"picked":"Sozu"}],"items_purged_floors":[],"is_endless":false,"potions_floor_spawned":[1,10,14,16,18,20,23],"killed_by":"Gremlin Leader","ascension_level":15}}