{"host":"ek3xvuouaw6vk9if","time":1608184623,"event":{"mods":["BaseMod","Downfall","Minty Spire (QoL Compilation)","Permanent Neow","Quick Restart","Replay The Spire","StSLib"],"gold_per_floor":[99,118,138,152,152,152,152,152,163,163,179,179,179,179,194,292,292,292,292,208,208,144,156,156,156,336,336,352,378,378,378],"floor_reached":30,"playtime":1260,"items_purged":["champ:Strike"],"score":248,"play_id":"21d765f2-1e74-4e54-a72f-7b38c86532a1","local_time":"20201217005703","is_ascension_mode":true,"campfire_choices":[{"data":"champ:CrownThrow","floor":6,"key":"SMITH"},{"data":"champ:Taunt","floor":8,"key":"SMITH"},{"data":"champ:CalledShot","floor":10,"key":"SMITH"},{"data":"champ:MurderStrike","floor":18,"key":"SMITH"},{"data":"champ:BladeFlurry","floor":21,"key":"SMITH"},{"data":"champ:RisingSlash","floor":25,"key":"SMITH"},{"data":"champ:RapidStrikes","floor":27,"key":"SMITH"}],"circlet_count":0,"master_deck":["champ:Defend","champ:Defend","champ:Defend","champ:Defend","champ:Execute","champ:Taunt+1","champ:CrownThrow+1","champ:ShieldSigil","champ:CalledShot+1","champ:BladeFlurry+1","champ:Haymaker","champ:GladiatorsShout","champ:MurderStrike+1","champ:SwordSigil+1","champ:RisingSlash+1","champ:BringItOn","champ:SwordSigil+1","champ:RapidStrikes+1"],"relics":["champ:ChampionCrown","Tiny Chest","SlaversCollar","Replay:Mystery Machine","Akabeko","Replay:Baseball"],"acts_visited":["Exordium","TheCity"],"potions_floor_usage":[16,16,16,30],"damage_taken":[{"damage":15,"enemies":"Small Slimes","floor":2,"turns":3},{"damage":12,"enemies":"Jaw Worm","floor":3,"turns":3},{"damage":11,"enemies":"Cultist","floor":4,"turns":4},{"damage":15,"enemies":"Red Slaver","floor":9,"turns":3},{"damage":24,"enemies":"Exordium Thugs","floor":11,"turns":6},{"damage":5,"enemies":"Red Slaver","floor":15,"turns":2},{"damage":42,"enemies":"downfall:Silent","floor":16,"turns":8},{"damage":5,"enemies":"downfall:FleeingMerchant","floor":20,"turns":4},{"damage":15,"enemies":"downfall:FleeingMerchant","floor":22,"turns":4},{"damage":10,"enemies":"3 Byrds","floor":23,"turns":5},{"damage":9,"enemies":"downfall:FleeingMerchant","floor":26,"turns":3},{"damage":44,"enemies":"Centurion and Healer","floor":28,"turns":6},{"damage":13,"enemies":"Snake Plant","floor":30,"turns":2}],"seed_played":"1629153666410775875","potions_obtained":[{"floor":2,"key":"SteroidPotion"},{"floor":3,"key":"DuplicationPotion"},{"floor":15,"key":"Swift Potion"},{"floor":28,"key":"Weak Potion"}],"is_trial":false,"path_per_floor":["R","M","M","M","?","R","T","R","M","R","M","?","?","?","M","B",null,"R","T","$","R","$","M","T","R","$","R","M","T","M"],"character_chosen":"THE_CHAMP","items_purchased":["champ:RisingSlash","champ:BringItOn","champ:RapidStrikes"],"campfire_rested":0,"item_purchase_floors":[20,22,26],"current_hp_per_floor":[90,83,76,70,70,70,70,70,60,60,36,36,36,66,61,19,90,90,90,85,85,70,65,65,65,56,56,12,12,0,0],"gold":378,"neow_bonus":"ONE_RANDOM_RARE_CARD","is_daily":false,"chose_seed":false,"campfire_upgraded":7,"win_rate":0.0,"timestamp":1608184623,"path_taken":["R","M","M","M","?","R","T","R","M","R","M","?","?","?","M","BOSS","R","?","?","R","$","?","T","R","?","R","M","?","M"],"items_purchased_type":["Card","Card","Card"],"build_version":"2020-12-13","purchased_purges":1,"victory":false,"max_hp_per_floor":[90,90,90,90,90,90,90,90,90,90,90,90,90,90,90,90,90,90,90,90,90,90,90,90,90,90,90,90,90,90,90],"card_choices":[{"not_picked":["champ:BringItOn","champ:FlashCut","champ:AdrenalArmor"],"picked":"SKIP","floor":2},{"not_picked":["champ:ShieldSigil","champ:RageSigil"],"picked":"champ:CalledShot","floor":3},{"not_picked":["champ:SkillfulDodge","champ:FalseCounter","champ:DefensiveShout"],"picked":"SKIP","floor":4},{"not_picked":["champ:Aggression","champ:CrookedStrike"],"picked":"champ:BladeFlurry","floor":9},{"not_picked":["champ:ArenaPreparation","champ:FocusedDefense"],"picked":"champ:Haymaker","floor":11},{"not_picked":["champ:RecklessLeap","champ:Shatter"],"picked":"champ:GladiatorsShout","floor":15},{"not_picked":["champ:Devastate","champ:CrownThrow"],"picked":"champ:MurderStrike","floor":16},{"not_picked":["champ:ShieldSigil","champ:FlashCut"],"picked":"champ:SwordSigil+1","floor":20},{"not_picked":["champ:PerfectedStrike","champ:TornadoPunch","champ:DefensiveStyle"],"picked":"SKIP","floor":22},{"not_picked":["champ:Duel","champ:PreciseThrust+1"],"picked":"champ:SwordSigil+1","floor":23},{"not_picked":["champ:IronFortress","champ:BerserkerStyle","champ:DefensiveShout"],"picked":"SKIP","floor":26},{"not_picked":["champ:RageSigil+1","champ:EndlessRage+1","champ:IronFortress+1"],"picked":"SKIP","floor":28}],"player_experience":690760,"relics_obtained":[{"floor":7,"key":"Tiny Chest"},{"floor":19,"key":"Replay:Mystery Machine"},{"floor":24,"key":"Akabeko"},{"floor":29,"key":"Replay:Baseball"}],"event_choices":[{"cards_removed":["champ:Strike"],"damage_healed":0,"gold_gain":0,"player_choice":"Card Removal","damage_taken":0,"max_hp_gain":0,"max_hp_loss":0,"event_name":"The Cleric","floor":12,"gold_loss":0},{"damage_healed":30,"gold_gain":0,"player_choice":"Banana","damage_taken":0,"max_hp_gain":0,"max_hp_loss":0,"event_name":"Big Fish","floor":14,"gold_loss":0}],"is_beta":false,"boss_relics":[{"not_picked":["ChewingGum","Replay:Bronze Core"],"picked":"SlaversCollar"}],"items_purged_floors":[26],"is_endless":false,"potions_floor_spawned":[2,3,15,28],"killed_by":"Snake Plant","ascension_level":3}}