{"host":"qw1m3zcvi888b4j7","time":1608169088,"event":{"mods":["AchievementEnabler","Act Like it!","BaseMod","Best Route Mod","Block Reminder","Colored Map","Colored Powertips","Curses Come First","DeckTracker","Gensokyo","Hermit","Highlight Path","Hubris","Marisa????????","Minty Spire (QoL Compilation)","Quick Restart","Rare Cards Sparkle","Relic Sorter","Relic Stats","Replay The Spire","StSLib","SuperFastMode","The Blue Laboratory","The Cursed","The Servant 0.9.4","everything is the same but u backflip on backflip"],"gold_per_floor":[112,112,85,103,113,144,144,162,162,162,176,176,196,221,221,328,328,348,348,348,348,348,348,395,395,395,395,418,442,61,61,61],"floor_reached":31,"playtime":2044,"items_purged":[],"score":255,"play_id":"b51b84a0-5865-42ff-98ec-2ade1ec3f9d6","local_time":"20201217023808","is_ascension_mode":false,"campfire_choices":[{"floor":7,"key":"REST"},{"floor":10,"key":"RECALL"},{"floor":12,"key":"REST"},{"floor":15,"key":"REST"},{"data":"MaximisePower","floor":23,"key":"SMITH"},{"floor":25,"key":"REST"},{"floor":27,"key":"REST"}],"circlet_count":0,"master_deck":["Strike_MRS","Strike_MRS","Strike_MRS","Strike_MRS","Defend_MRS","MasterSpark+1","UpSweep","MilkyWay","AsteroidBelt+1","SprinkleStarSeal","MysteriousBeam","StarBarrage","Acceleration","MysteriousBeam+1","Robbery","AsteroidBelt","MaximisePower+1","MilkyWay+1","MaximisePower+1","StarBarrage+1","FairyDestructionRay+1","Shame","PropBag","IllusionStar+1","ChargingUp+1","LuminesStrike","WitchOfGreed"],"relics":["MiniHakkero","NeowsBlessing","ReplayTheSpireMod:Ring of Addiction","Ring of Searing","Toy Ornithopter","White Beast Statue","Juzu Bracelet","Astrolabe","Boot","hubris:Towel","Shuriken","Blue Candle","Blood Vial","hubris:TenFootPole"],"acts_visited":["Gensokyo:Gensokyo","Gensokyo:Gensokyoer"],"potions_floor_usage":[8,11,29,29],"damage_taken":[{"damage":0,"enemies":"Gensokyo:2_Kodama","floor":1,"turns":1},{"damage":0,"enemies":"Gensokyo:Gryphon","floor":4,"turns":1},{"damage":0,"enemies":"Gensokyo:Python","floor":5,"turns":1},{"damage":51,"enemies":"Gensokyo:Cirno","floor":6,"turns":11},{"damage":0,"enemies":"Gensokyo:VengefulSpirit","floor":8,"turns":3},{"damage":8,"enemies":"Gensokyo:5_Fairies","floor":11,"turns":5},{"damage":15,"enemies":"Gensokyo:Kitsune","floor":13,"turns":3},{"damage":14,"enemies":"Gensokyo:3_Kodama","floor":14,"turns":5},{"damage":15,"enemies":"Gensokyo:Reimu","floor":16,"turns":7},{"damage":16,"enemies":"Gensokyo:AngelMirror","floor":18,"turns":2},{"damage":33,"enemies":"Gensokyo:Koishi","floor":24,"turns":6},{"damage":10,"enemies":"Gensokyo:2_Gloops","floor":28,"turns":3},{"damage":29,"enemies":"Gensokyo:Slime_Group","floor":29,"turns":4},{"damage":41,"enemies":"Gensokyo:Swordslinger","floor":31,"turns":2}],"seed_played":"7817375150842694301","potions_obtained":[{"floor":1,"key":"GamblersBrew"},{"floor":2,"key":"blueLaboratory:BottleOfVodka"},{"floor":2,"key":"blueLaboratory:BottleOfVodka"},{"floor":2,"key":"SkillPotion"},{"floor":5,"key":"blueLaboratory:FrostheartPotion"},{"floor":8,"key":"ColorlessPotion"},{"floor":11,"key":"Block Potion"},{"floor":16,"key":"blueLaboratory:TrueEctoplasm"},{"floor":29,"key":"Block Potion"}],"is_trial":false,"path_per_floor":["M","?","$","M","M","E","R","M","T","R","M","R","M","M","R","B",null,"M","?","?","?","?","R","E","R","T","R","M","M","$","M"],"character_chosen":"MARISA","items_purchased":["AsteroidBelt","Blood Vial","LuminesStrike","WitchOfGreed","hubris:TenFootPole"],"campfire_rested":5,"item_purchase_floors":[3,30,30,30,30],"current_hp_per_floor":[75,75,75,75,75,22,43,48,48,48,45,66,51,37,58,43,71,53,53,53,53,56,56,23,41,41,59,49,30,30,0,0],"gold":61,"neow_bonus":"THREE_ENEMY_KILL","is_daily":false,"chose_seed":false,"campfire_upgraded":1,"win_rate":0.0,"timestamp":1608169088,"path_taken":["M","?","$","M","?","E","R","M","T","R","M","R","M","M","R","BOSS","M","?","?","?","?","R","E","R","T","R","M","M","$","M"],"items_purchased_type":["Card","Relic","Card","Card","Relic"],"build_version":"2020-12-13","purchased_purges":0,"victory":false,"max_hp_per_floor":[75,75,75,75,75,73,73,73,73,73,73,73,73,73,71,71,71,69,69,64,62,65,65,63,63,63,61,61,61,61,61,61],"relic_stats":{"Blood Vial":2,"counters":[14,54],"Shuriken":[3],"Astrolabe":["MilkyWay","MaximisePower","StarBarrage"],"Blue Candle":[2],"Juzu Bracelet":0,"Boot":[7],"obtain_stats":[{"NeowsBlessing":0,"ReplayTheSpireMod:Ring of Addiction":2,"Astrolabe":17,"Blue Candle":26,"Juzu Bracelet":6,"hubris:Towel":21,"Boot":20,"White Beast Statue":2,"Ring of Searing":2,"Blood Vial":30,"Frozen Eye":24,"Shuriken":24,"hubris:TenFootPole":30,"MiniHakkero":0,"Kunai":29,"Toy Ornithopter":2},{"NeowsBlessing":0,"ReplayTheSpireMod:Ring of Addiction":1,"Astrolabe":9,"Blue Candle":11,"Juzu Bracelet":4,"hubris:Towel":10,"Boot":10,"White Beast Statue":1,"Ring of Searing":1,"Blood Vial":13,"Frozen Eye":10,"Shuriken":11,"hubris:TenFootPole":13,"MiniHakkero":0,"Kunai":13,"Toy Ornithopter":1},{"NeowsBlessing":0,"ReplayTheSpireMod:Ring of Addiction":1,"Astrolabe":37,"Blue Candle":45,"Juzu Bracelet":14,"hubris:Towel":39,"Boot":39,"White Beast Statue":1,"Ring of Searing":1,"Blood Vial":52,"Frozen Eye":39,"Shuriken":45,"hubris:TenFootPole":52,"MiniHakkero":0,"Kunai":51,"Toy Ornithopter":1}],"Toy Ornithopter":20},"card_choices":[{"not_picked":["EnergyFlow","StarBarrage"],"picked":"MilkyWay","floor":1},{"not_picked":["SporeBomb","MachineGunSpark"],"picked":"SprinkleStarSeal","floor":4},{"not_picked":["SprinkleStarSeal","MagicChant"],"picked":"MysteriousBeam","floor":5},{"not_picked":["CollectingQuirk","MysteriousBeam"],"picked":"StarBarrage","floor":6},{"not_picked":["DarkSpark","GalacticHalo"],"picked":"Acceleration","floor":8},{"not_picked":["NonDirectionalLaser","StarBarrage"],"picked":"MysteriousBeam","floor":11},{"not_picked":["DC","DoubleSpark"],"picked":"Robbery","floor":13},{"not_picked":["MachineGunSpark","ManaConvection"],"picked":"AsteroidBelt","floor":14},{"not_picked":["BigCrunch","AbsoluteMagnitude"],"picked":"MaximisePower","floor":16},{"not_picked":["NonDirectionalLaser+1","EarthLightRay"],"picked":"FairyDestructionRay+1","floor":18},{"not_picked":["SuperPerseids","EscapeVelocity"],"picked":"PropBag","floor":24},{"not_picked":["EventHorizon","ChargingUp+1"],"picked":"IllusionStar+1","floor":28},{"not_picked":["Acceleration","NonDirectionalLaser"],"picked":"ChargingUp+1","floor":29}],"player_experience":109132,"relics_obtained":[{"floor":2,"key":"ReplayTheSpireMod:Ring of Addiction"},{"floor":2,"key":"Ring of Searing"},{"floor":2,"key":"Toy Ornithopter"},{"floor":2,"key":"White Beast Statue"},{"floor":6,"key":"Juzu Bracelet"},{"floor":24,"key":"Shuriken"},{"floor":26,"key":"Blue Candle"}],"event_choices":[],"is_beta":false,"boss_relics":[{"not_picked":["Snecko Eye","Sozu"],"picked":"Astrolabe"}],"items_purged_floors":[],"is_endless":false,"potions_floor_spawned":[1,4,5,6,8,11,13,14,16,18,24,28,29],"killed_by":"Gensokyo:Swordslinger","ascension_level":0}}