{"host":"bxn2em57qlx5u4i0","time":1608188235,"event":{"mods":["BaseMod","Colored Map","Colored Powertips","Highlight Path","Minty Spire (QoL Compilation)","Random Character Button","Relic Sorter","Relic Stats","StSLib","SuperFastMode"],"gold_per_floor":[117,117,14,14,29,29,67,86,111,146,146,165,165,183,183,183,183],"floor_reached":16,"playtime":410,"items_purged":["Defend_G"],"score":220,"play_id":"ca089837-83fd-4864-886e-069d33fc744e","local_time":"20201217015715","is_ascension_mode":true,"campfire_choices":[{"data":"Flying Knee","floor":6.0,"key":"SMITH"},{"floor":13,"key":"REST"},{"data":"Catalyst","floor":15,"key":"SMITH"}],"circlet_count":0,"master_deck":["AscendersBane","Strike_G","Strike_G","Strike_G","Defend_G","Defend_G","Defend_G","Survivor","Neutralize","Terror","Deadly Poison","Flying Knee+1","Dash","Catalyst+1","Backflip","Blur"],"relics":["Ring of the Snake","Golden Idol","Juzu Bracelet","Regal Pillow","Shovel"],"acts_visited":["Exordium"],"potions_floor_usage":[10,12],"damage_taken":[{"damage":0.0,"enemies":"Jaw Worm","floor":1.0,"turns":5.0},{"damage":0.0,"enemies":"2 Louse","floor":5.0,"turns":4.0},{"damage":19.0,"enemies":"Gremlin Nob","floor":7.0,"turns":4.0},{"damage":0.0,"enemies":"Small Slimes","floor":8.0,"turns":4.0},{"damage":15,"enemies":"Lagavulin","floor":10,"turns":6},{"damage":9,"enemies":"Blue Slaver","floor":12,"turns":4},{"damage":1,"enemies":"Exordium Thugs","floor":14,"turns":7},{"damage":47,"enemies":"Hexaghost","floor":16,"turns":9}],"seed_played":"4851819818760803987","potions_obtained":[{"floor":5.0,"key":"FearPotion"},{"floor":7.0,"key":"Strength Potion"},{"floor":10,"key":"GamblersBrew"}],"is_trial":false,"path_per_floor":["M","?","$","?","M","R","E","M","T","E","?","M","R","M","R","B"],"character_chosen":"THE_SILENT","items_purchased":["Deadly Poison"],"campfire_rested":1,"item_purchase_floors":[3],"current_hp_per_floor":[44,37,37,37,37,37,18,18,18,3,23,14,47,46,46,0,0],"gold":183,"neow_bonus":"REMOVE_TWO","is_daily":false,"chose_seed":false,"campfire_upgraded":2,"win_rate":0.0,"timestamp":1608188235,"path_taken":["M","?","$","?","M","R","E","M","T","E","?","M","R","M","R","BOSS"],"items_purchased_type":["Card"],"build_version":"2020-12-13","purchased_purges":1,"victory":false,"max_hp_per_floor":[66,66,66,60,60,60,60,60,60,60,60,60,60,60,60,60,60],"relic_stats":{"Regal Pillow":15,"Shovel":0,"counters":[8,43],"Golden Idol":30,"Juzu Bracelet":0,"obtain_stats":[{"Regal Pillow":9,"Shovel":10,"Golden Idol":4,"Juzu Bracelet":7,"Ring of the Snake":0},{"Regal Pillow":4,"Shovel":5,"Golden Idol":1,"Juzu Bracelet":3,"Ring of the Snake":0},{"Regal Pillow":17,"Shovel":23,"Golden Idol":5,"Juzu Bracelet":13,"Ring of the Snake":0}],"Ring of the Snake":[16]},"card_choices":[{"not_picked":["Quick Slash","Dodge and Roll"],"picked":"Terror","floor":1.0},{"not_picked":["Deadly Poison","Dagger Spray"],"picked":"Flying Knee","floor":5.0},{"not_picked":["Venomology","Crippling Poison"],"picked":"Dash","floor":7.0},{"not_picked":["Well Laid Plans","Dagger Throw"],"picked":"Catalyst","floor":8.0},{"not_picked":["PiercingWail","All Out Attack"],"picked":"Backflip","floor":10},{"not_picked":["Choke","Blade Dance","Accuracy"],"picked":"SKIP","floor":12},{"not_picked":["All Out Attack","Infinite Blades"],"picked":"Blur","floor":14}],"player_experience":2808273,"relics_obtained":[{"floor":7.0,"key":"Juzu Bracelet"},{"floor":9.0,"key":"Regal Pillow"},{"floor":10,"key":"Shovel"}],"event_choices":[{"cards_removed":["Strike_G"],"damage_healed":0.0,"max_hp_gain":0.0,"max_hp_loss":0.0,"gold_gain":0.0,"event_name":"Golden Wing","player_choice":"Card Removal","floor":2.0,"gold_loss":0.0,"damage_taken":7.0},{"damage_healed":0.0,"max_hp_gain":0.0,"max_hp_loss":6.0,"gold_gain":0.0,"event_name":"Golden Idol","player_choice":"Lose Max HP","floor":4.0,"gold_loss":0.0,"damage_taken":0.0,"relics_obtained":["Golden Idol"]},{"damage_healed":20,"gold_gain":0,"player_choice":"Banana","damage_taken":0,"max_hp_gain":0,"max_hp_loss":0,"event_name":"Big Fish","floor":11,"gold_loss":0}],"is_beta":false,"boss_relics":[],"items_purged_floors":[3],"is_endless":false,"potions_floor_spawned":[5,7,10],"killed_by":"Hexaghost","ascension_level":20}}