{"host":"daa8jqyg4gqfaysm","time":1608223984,"event":{"mods":["BaseMod","Colored Powertips","Minty Spire (QoL Compilation)","StSLib"],"gold_per_floor":[113,133,133,143,143,143,155,155,227,258,258,277,312,328,328,404,404,417,437,327,346,28,28,62,77,77,96,96,115,115,66,66,66,66],"floor_reached":33,"playtime":737,"items_purged":[],"score":488,"play_id":"567d3fbe-28f7-4787-ba42-17ef6eeb2f4a","local_time":"20201218005304","is_ascension_mode":true,"campfire_choices":[{"floor":6,"key":"REST"},{"data":"Bash","floor":8,"key":"SMITH"},{"data":"Pommel Strike","floor":11,"key":"SMITH"},{"data":"Uppercut","floor":15,"key":"SMITH"},{"data":"Panache","floor":23,"key":"SMITH"},{"floor":30,"key":"REST"},{"data":"Twin Strike","floor":32,"key":"SMITH"}],"circlet_count":0,"master_deck":["AscendersBane","Strike_R","Strike_R","Strike_R","Defend_R","Defend_R+1","Defend_R","Defend_R","Bash+1","Ghostly Armor","Perfected Strike+1","Pommel Strike+1","Cleave","Flame Barrier","Uppercut+1","Panache+1","Writhe","Twin Strike+1"],"relics":["Busted Crown","Letter Opener","Orichalcum","Thread and Needle","Philosopher\u0027s Stone","Vajra","Lantern","HornCleat","Regal Pillow"],"acts_visited":["Exordium","TheCity"],"potions_floor_usage":[14,21,24,33,33],"damage_taken":[{"damage":8,"enemies":"Jaw Worm","floor":1,"turns":4},{"damage":6,"enemies":"Cultist","floor":2,"turns":3},{"damage":6,"enemies":"2 Louse","floor":4,"turns":3},{"damage":1,"enemies":"Exordium Thugs","floor":7,"turns":3},{"damage":18,"enemies":"Gremlin Nob","floor":10,"turns":4},{"damage":0,"enemies":"2 Fungi Beasts","floor":12,"turns":2},{"damage":3,"enemies":"3 Sentries","floor":13,"turns":5},{"damage":0,"enemies":"Exordium Wildlife","floor":14,"turns":4},{"damage":18,"enemies":"Hexaghost","floor":16,"turns":9},{"damage":12,"enemies":"Spheric Guardian","floor":18,"turns":4},{"damage":0,"enemies":"Chosen","floor":19,"turns":3},{"damage":9,"enemies":"Centurion and Healer","floor":21,"turns":7},{"damage":23,"enemies":"Gremlin Leader","floor":24,"turns":5},{"damage":14,"enemies":"Snake Plant","floor":25,"turns":3},{"damage":0,"enemies":"Snecko","floor":27,"turns":4},{"damage":5,"enemies":"Chosen and Byrds","floor":29,"turns":5},{"damage":54,"enemies":"Champ","floor":33,"turns":12}],"seed_played":"-2778362263727815209","potions_obtained":[{"floor":1,"key":"EntropicBrew"},{"floor":4,"key":"Swift Potion"},{"floor":14,"key":"Regen Potion"},{"floor":24,"key":"Dexterity Potion"},{"floor":25,"key":"PowerPotion"}],"is_trial":false,"path_per_floor":["M","M","?","M","?","R","M","R","T","E","R","M","E","M","R","B",null,"M","M","?","M","$","R","E","M","T","M","?","M","R","$","R","B"],"character_chosen":"IRONCLAD","items_purchased":["Vajra","Panache","Twin Strike"],"campfire_rested":2,"item_purchase_floors":[22,22,31],"current_hp_per_floor":[60,54,54,48,41,63,62,62,62,44,44,44,41,41,41,23,62,50,50,50,56,56,56,33,19,19,19,19,14,51,51,51,0,0],"gold":66,"neow_bonus":"BOSS_RELIC","is_daily":false,"chose_seed":false,"campfire_upgraded":5,"win_rate":0.0,"timestamp":1608223984,"path_taken":["M","M","?","?","?","R","M","R","T","E","R","M","E","M","R","BOSS","M","M","?","M","$","R","E","M","T","?","?","M","R","$","R","BOSS"],"items_purchased_type":["Relic","Card","Card"],"build_version":"2020-12-13","purchased_purges":0,"victory":false,"max_hp_per_floor":[75,75,75,75,75,75,75,75,75,75,75,75,75,75,75,75,75,75,75,75,75,75,75,75,75,75,75,75,75,75,75,75,75,75],"card_choices":[{"not_picked":[],"picked":"Ghostly Armor","floor":1},{"not_picked":[],"picked":"Perfected Strike","floor":2},{"not_picked":[],"picked":"Pommel Strike","floor":4},{"not_picked":[],"picked":"Cleave","floor":7},{"not_picked":[],"picked":"Flame Barrier","floor":10},{"not_picked":["Body Slam"],"picked":"SKIP","floor":12},{"not_picked":[],"picked":"Uppercut","floor":13},{"not_picked":["Body Slam"],"picked":"SKIP","floor":14},{"not_picked":["Blood for Blood"],"picked":"SKIP","floor":18},{"not_picked":["Havoc"],"picked":"SKIP","floor":19},{"not_picked":["Hemokinesis"],"picked":"SKIP","floor":21},{"not_picked":["Iron Wave"],"picked":"SKIP","floor":24},{"not_picked":["Intimidate"],"picked":"SKIP","floor":25},{"not_picked":["Dual Wield"],"picked":"SKIP","floor":27},{"not_picked":["Blood for Blood"],"picked":"SKIP","floor":29}],"player_experience":693052,"relics_obtained":[{"floor":9,"key":"Letter Opener"},{"floor":10,"key":"Orichalcum"},{"floor":13,"key":"Thread and Needle"},{"floor":24,"key":"Lantern"},{"floor":26,"key":"HornCleat"}],"event_choices":[{"damage_healed":0,"gold_gain":0,"player_choice":"Upgraded","damage_taken":0,"max_hp_gain":0,"max_hp_loss":0,"event_name":"Upgrade Shrine","floor":3,"gold_loss":0,"cards_upgraded":["Perfected Strike"]},{"cards_removed":["Strike_R"],"damage_healed":0,"gold_gain":0,"player_choice":"Card Removal","damage_taken":7,"max_hp_gain":0,"max_hp_loss":0,"event_name":"Golden Wing","floor":5,"gold_loss":0},{"cards_removed":["Strike_R"],"damage_healed":0,"gold_gain":0,"player_choice":"Upgrade and Remove","damage_taken":0,"max_hp_gain":0,"max_hp_loss":0,"event_name":"Designer","floor":20,"gold_loss":110,"cards_upgraded":["Defend_R"]},{"damage_healed":0,"gold_gain":0,"player_choice":"Opened","damage_taken":0,"relics_obtained":["Regal Pillow"],"max_hp_gain":0,"max_hp_loss":0,"event_name":"The Mausoleum","floor":28,"gold_loss":0,"cards_obtained":["Writhe"]}],"is_beta":false,"boss_relics":[{"not_picked":["Sozu","SlaversCollar"],"picked":"Philosopher\u0027s Stone"}],"items_purged_floors":[],"is_endless":false,"potions_floor_spawned":[1,4,14,19,24,25,27],"killed_by":"Champ","ascension_level":15}}