{"host":"a8v0czv88scrgx5i","time":1608185177,"event":{"mods":["2.2 Compatiblity","Act Like it!","Aspiration","Astrologer","Bard","BaseMod","Beaked The Cultist","Better Third Choice","BetterRewards","Colored Map","Colored Powertips","Curses Come First","Dota2Spire","Downfall","Friendly Minions","GifTheSpireLib","GungeonMod","Hermit","Hubris","Infinite Spire","Luminous","Marisa????????","Minty Spire (QoL Compilation)","READ ME - Guardian Mod","Rare Cards Sparkle","Relic Sorter","Replay The Spire","Shade Mod","Shop Mod","StSLib","The Animator","The Blackbeard","The Bug Knight","The Construct","The Cursed","The Disciple","The Elementalist","The Hierophant","The Jungle","The Mystic","The Necromancer","The Runesmith","The Servant 0.9.4","The Spell Scribe","vexMod"],"gold_per_floor":[117,135,152,164,207,240,240,295,363,379,167,167,192,267,267,366,366,379,48,65,83,97,128,128,156,168,180,207,11,11,11,11,116,116,126,71,90,106,106,106,106,135,159,170,183,183,242,254,254,254,254,254,187,222,252],"floor_reached":56,"playtime":3190,"items_purged":["DemoMod:Strike_Huntress","DemoMod:PotionOfGunFriendShip+1","DemoMod:Strike_Huntress"],"score":1766,"play_id":"1c7f0d66-00bd-4316-b73e-f24f395e3743","local_time":"20201217010617","is_ascension_mode":false,"campfire_choices":[{"floor":7.0,"key":"REST"},{"floor":12.0,"key":"RECALL"},{"data":"DemoMod:SkilledReload","floor":15.0,"key":"SMITH"},{"data":"DemoMod:SkilledReload","floor":24,"key":"SMITH"},{"data":"DemoMod:GunslingerForm","floor":27,"key":"SMITH"},{"data":"DemoMod:ChanceBullets","floor":32,"key":"SMITH"},{"data":"DemoMod:GunslingerForm","floor":40,"key":"SMITH"},{"data":"DemoMod:HuntsMan","floor":46,"key":"SMITH"},{"data":"DemoMod:ChanceBullets","floor":49,"key":"SMITH"},{"data":"DemoMod:JK47","floor":52,"key":"SMITH"}],"circlet_count":0,"master_deck":["DemoMod:Defend_Huntress","DemoMod:Defend_Huntress","DemoMod:Defend_Huntress","DemoMod:Defend_Huntress","DemoMod:Roll","DemoMod:ManualReload","DemoMod:RustySidearm","DemoMod:CrossBow","DemoMod:HungryBullets+1","DemoMod:AWP","DemoMod:Polaris","DemoMod:JK47+1","DemoMod:AWP","DemoMod:CombinedRifle","DemoMod:HungryBullets+1","DemoMod:SkilledReload+1","DemoMod:SkilledReload+1","DemoMod:HuntsMan","DemoMod:Desperate+1","DemoMod:FullFirepower+1","DemoMod:HungryBullets+1","DemoMod:HuntsMan+1","DemoMod:AC15","DemoMod:GunslingerForm+1","DemoMod:ChanceBullets+1","DemoMod:GunslingerForm+1","DemoMod:AC15+1","infinitespire:Menacing+1","DemoMod:CursedBullets","DemoMod:ChanceBullets+1","DemoMod:HungryBullets"],"relics":["DemoMod:Dog","Dota2Spire:UrnOfShadows","Dota2Spire:DrumOfEndurance","Toxic Egg 2","Replay:PocketPolymizer","Membership Card","MerchantsRug","Dota2Spire:AssaultCuirass","Bag of Marbles","Replay:Bottled Flurry","Replay:Rubber Ducky","DemoMod:Plus1Bullets","Ring of Chaos","ClockworkSouvenir","Akabeko","White Beast Statue","DemoMod:HipHolster","Mercury Hourglass","HandDrill","infinitespire:WardingShard","hubris:RunicObelisk","DemoMod:MonsterBlood","Blood Vial","DemoMod:WhiteGuonStone","Frozen Eye","Dota2Spire:HandOfMidas"],"acts_visited":["Exordium","Exordium","TheBeyond","TheEnding"],"potions_floor_usage":[45,55,55],"damage_taken":[{"damage":0.0,"enemies":"Jaw Worm","floor":1.0,"turns":3.0},{"damage":8.0,"enemies":"Small Slimes","floor":2.0,"turns":2.0},{"damage":0.0,"enemies":"2 Louse","floor":3.0,"turns":1.0},{"damage":0.0,"enemies":"Blue Slaver","floor":4.0,"turns":3.0},{"damage":0.0,"enemies":"Large Slime","floor":5.0,"turns":13.0},{"damage":0.0,"enemies":"Lagavulin","floor":6.0,"turns":3.0},{"damage":1.0,"enemies":"HollowMod:MossKnight","floor":8.0,"turns":7.0},{"damage":0.0,"enemies":"Exordium Wildlife","floor":10.0,"turns":3.0},{"damage":1.0,"enemies":"Gremlin Nob","floor":13.0,"turns":4.0},{"damage":0.0,"enemies":"Fading Forest","floor":16.0,"turns":11.0},{"damage":0,"enemies":"theJungle:GiantWrat","floor":18,"turns":5},{"damage":0,"enemies":"theJungle:MUSHROOMGANG","floor":20,"turns":3},{"damage":0,"enemies":"theJungle:SlimyTreeVines","floor":21,"turns":3},{"damage":0,"enemies":"theJungle:JungleHuntersEncounter","floor":22,"turns":4},{"damage":0,"enemies":"theJungle:MamaSnecko","floor":23,"turns":2},{"damage":0,"enemies":"theJungle:2_Phrogs","floor":25,"turns":4},{"damage":0,"enemies":"theJungle:2_Snecko_Cultists","floor":28,"turns":1},{"damage":0,"enemies":"theJungle:QueenSpyder","floor":33,"turns":8},{"damage":0,"enemies":"3 Darklings","floor":35,"turns":2},{"damage":1,"enemies":"3 Shapes","floor":37,"turns":3},{"damage":3,"enemies":"3 Darklings","floor":38,"turns":3},{"damage":0,"enemies":"beaked:SuperParasite","floor":42,"turns":7},{"damage":0,"enemies":"Transient","floor":44,"turns":5},{"damage":10,"enemies":"3 Darklings","floor":45,"turns":4},{"damage":0,"enemies":"Maw","floor":47,"turns":6},{"damage":9,"enemies":"Jaw Worm Horde","floor":48,"turns":3},{"damage":15,"enemies":"hubris:GrandSnecko","floor":50,"turns":8},{"damage":6,"enemies":"Shield and Spear","floor":54,"turns":6},{"damage":47,"enemies":"The Heart","floor":55,"turns":9}],"seed_played":"-6021008147435509062","potions_obtained":[{"floor":1.0,"key":"DemoMod:LeadSkinPotion"},{"floor":4.0,"key":"Fire Potion"},{"floor":10.0,"key":"Strength Potion"},{"floor":13.0,"key":"SteroidPotion"},{"floor":16.0,"key":"Slimebound:ThreeZeroPotion"},{"floor":20,"key":"DistilledChaos"},{"floor":33,"key":"Weak Potion"},{"floor":35,"key":"Languid Potion"},{"floor":37,"key":"Explosive Potion"},{"floor":38,"key":"sneckomod:MuddlingPotion"},{"floor":42,"key":"Reflective Coating"},{"floor":45,"key":"Death Potion"},{"floor":54,"key":"Swift Potion"}],"is_trial":false,"path_per_floor":["M","M","M","M","M","E","R","E","T","M","$","R","E","?","R","B",null,"M","$","M","M","M","E","R","E","T","R","M","$","?","?","R","B",null,"M","$","M","M","?","R","?","E","T","M","M","R","M","M","R","B",null,"R","$","E","B",null],"character_chosen":"HUNTRESS","items_purchased":["Toxic Egg 2","Membership Card","MerchantsRug","DemoMod:HungryBullets+1","Bag of Marbles","Replay:Rubber Ducky","DollysMirror","DemoMod:SkilledReload","ClockworkSouvenir","Akabeko","White Beast Statue","DemoMod:ChanceBullets","HandDrill","infinitespire:WardingShard","DemoMod:MonsterBlood","DemoMod:WhiteGuonStone","Frozen Eye","DemoMod:HungryBullets"],"campfire_rested":1,"item_purchase_floors":[0,0,0,0,0,11,11,11,19,19,19,29,29,29,36,53,53,53],"current_hp_per_floor":[28,20,20,20,20,20,41,40,40,40,40,40,39,28,28,38,70,70,70,70,70,70,70,70,70,70,70,70,70,70,70,70,70,70,70,77,76,73,73,73,53,53,53,55,47,47,49,42,42,41,77,77,77,71,26],"gold":252,"neow_bonus":"","is_daily":false,"chose_seed":false,"campfire_upgraded":8,"win_rate":0.0,"timestamp":1608185177,"path_taken":["M","M","M","M","M","E","R","E","T","M","$","R","E","?","R","BOSS","M","$","M","M","M","E","R","E","T","R","M","$","?","?","R","BOSS","M","$","M","M","?","R","?","E","T","M","M","R","M","M","R","BOSS","R","$","E","BOSS"],"items_purchased_type":["Relic","Relic","Relic","Card","Relic","Relic","Relic","Card","Relic","Relic","Relic","Card","Relic","Relic","Relic","Relic","Relic","Card"],"build_version":"2020-12-13","purchased_purges":3,"victory":true,"max_hp_per_floor":[70,70,70,70,70,70,70,70,70,70,70,70,70,70,70,70,70,70,70,70,70,70,70,70,70,70,70,70,70,70,70,70,70,70,70,77,77,77,77,77,77,77,77,77,77,77,77,77,77,77,77,77,77,77,77],"card_choices":[{"not_picked":["DemoMod:HardPowerCard+1","DemoMod:FortunesFavor+1"],"picked":"DemoMod:AWP","floor":1.0},{"not_picked":["DemoMod:AC15","DemoMod:SAA"],"picked":"DemoMod:Polaris","floor":2.0},{"not_picked":["DemoMod:FastSwitch+1","DemoMod:BattleInHaste+1"],"picked":"DemoMod:JK47","floor":3.0},{"not_picked":["DemoMod:FastSwitch+1","DemoMod:Ejector+1"],"picked":"DemoMod:DirectionalPad","floor":4.0},{"not_picked":["DemoMod:BoxingGlove","DemoMod:JK47","DemoMod:GunShield+1"],"picked":"SKIP","floor":5.0},{"not_picked":["DemoMod:HighKaliber","DemoMod:FastSwitch+1"],"picked":"DemoMod:AWP","floor":6.0},{"not_picked":["DemoMod:PracticeMakesPerfect+1","DemoMod:MegaHand"],"picked":"DemoMod:PotionOfGunFriendShip+1","floor":8.0},{"not_picked":["DemoMod:HighKaliber","DemoMod:PotionOfGunFriendShip+1"],"picked":"DemoMod:CombinedRifle","floor":10.0},{"not_picked":["DemoMod:Ejector+1","DemoMod:Unity"],"picked":"DemoMod:TripleGun","floor":13.0},{"not_picked":["DemoMod:GunShield+1","DemoMod:SniperShot+1"],"picked":"DemoMod:HuntsMan","floor":13.0},{"not_picked":["DemoMod:FinishedGun","DemoMod:Behold!+1"],"picked":"DemoMod:FullFirepower+1","floor":16.0},{"not_picked":["DemoMod:Unity+1","DemoMod:JK47"],"picked":"DemoMod:HungryBullets+1","floor":18},{"not_picked":["DemoMod:HardPowerCard+1","DemoMod:ConditionalReflex+1","DemoMod:Unmoved+1"],"picked":"SKIP","floor":20},{"not_picked":["DemoMod:GunstockTap","DemoMod:HuntsMan","DemoMod:DoubleSwitch+1"],"picked":"SKIP","floor":21},{"not_picked":["DemoMod:MachoBrace+1","DemoMod:FastSwitch+1"],"picked":"DemoMod:HuntsMan","floor":22},{"not_picked":["DemoMod:DoubleSwitch+1","DemoMod:ProbeStrike"],"picked":"DemoMod:AC15","floor":23},{"not_picked":["DemoMod:Ejector+1","DemoMod:HardPowerCard+1"],"picked":"DemoMod:GunslingerForm","floor":25},{"not_picked":["DemoMod:FastSwitch+1","DemoMod:Unmoved+1","DemoMod:JK47"],"picked":"SKIP","floor":28},{"not_picked":["DemoMod:FinishedGun","DemoMod:Slinger"],"picked":"DemoMod:GunslingerForm","floor":33},{"not_picked":["DemoMod:DirectionalPad+1","DemoMod:SAA","DemoMod:Ejector+1"],"picked":"SKIP","floor":35},{"not_picked":["DemoMod:DirectionalPad+1","DemoMod:SniperShot+1","DemoMod:AWP+1"],"picked":"SKIP","floor":37},{"not_picked":["DemoMod:Unmoved+1","DemoMod:BoxingGlove+1"],"picked":"DemoMod:AC15+1","floor":38},{"not_picked":["infinitespire:SealOfDarkness+","infinitespire:FinalStrike"],"picked":"infinitespire:Menacing","floor":41},{"not_picked":["DemoMod:DoubleSwitch+1","DemoMod:SkilledReload","DemoMod:GunslingerForm"],"picked":"SKIP","floor":42},{"not_picked":["DemoMod:BattleInHaste+1","DemoMod:DirectionalPad","DemoMod:DoubleSwitch+1"],"picked":"SKIP","floor":44},{"not_picked":["DemoMod:BoxingGlove","DemoMod:MegaHand","DemoMod:HardPowerCard+1"],"picked":"SKIP","floor":45},{"not_picked":["DemoMod:SniperShot+1","DemoMod:SAA"],"picked":"DemoMod:CursedBullets","floor":47},{"not_picked":["DemoMod:GunslingerForm","DemoMod:ZorGun+1"],"picked":"DemoMod:ChanceBullets","floor":48},{"not_picked":["DemoMod:TeaPot","DemoMod:DirectionalPad+1","DemoMod:HardPowerCard+1"],"picked":"SKIP","floor":54}],"player_experience":938738,"relics_obtained":[{"floor":6.0,"key":"Dota2Spire:DrumOfEndurance"},{"floor":8.0,"key":"Replay:Bottled Flurry"},{"floor":13.0,"key":"DemoMod:Plus1Bullets"},{"floor":23,"key":"DemoMod:HipHolster"},{"floor":25,"key":"MawBank"},{"floor":26,"key":"Mercury Hourglass"},{"floor":42,"key":"Blood Vial"},{"floor":43,"key":"Dota2Spire:UrnOfShadows"},{"floor":54,"key":"Dota2Spire:HandOfMidas"}],"event_choices":[{"damage_healed":0.0,"max_hp_gain":0.0,"max_hp_loss":0.0,"gold_gain":75.0,"event_name":"betterThird:BetterGoop","player_choice":"Gold","floor":14.0,"gold_loss":0.0,"damage_taken":11.0},{"cards_removed":["DemoMod:TripleGun"],"damage_healed":0,"gold_gain":0,"player_choice":"Removed Attack","damage_taken":0,"max_hp_gain":0,"max_hp_loss":0,"event_name":"Falling","floor":39,"gold_loss":0}],"is_beta":false,"boss_relics":[{"not_picked":["vexMod:FluxCapacitor","construct:ClawGrip"],"picked":"Ring of Chaos"},{"not_picked":["Runic Dome","infinitespire:Cupcake"],"picked":"hubris:RunicObelisk"}],"items_purged_floors":[11,19,29],"is_endless":false,"potions_floor_spawned":[1,4,10,13,16,18,20,21,22,22,23,25,28,33,35,37,38,42,44,45,47,48,54],"ascension_level":0}}