{"host":"gf6h0fjn0q83ridf","time":1612441960,"event":{"mods":["Arknights","BaseMod","Downfall","Energized Spire","Hunter ÁÔÈË","KinomotoSakuraMod(Ä¾Ö®±¾Ó£)","KomeijiMod","Minty Spire (QoL Compilation)","Prisma Mod","Reimu£¨²©ÀöÁéÃÎ£©","RumiaBox-Â¶Ã×æ«µÄÉñÃØºÐ×Ó","Spicy Shops","StSLib","WarShipGirlsR/Õ½½¢ÉÙÅ®R mod","Youmu£¨»êÆÇÑýÃÎ£©"],"gold_per_floor":[115,190,190,190,201,201,235,248,548,5,18,18,18,29,29,130,130,143,159,159,4,14,41,41,66,111,111,130,140,167,167,167,269,269,286,306,306,324,20,20,20,38,63,63,74,74,85,119,119,119],"floor_reached":51,"language":"ZHS","playtime":11988,"items_purged":["downfall:Bewildered"],"score":842,"play_id":"feb57db6-2bec-4ad4-978b-2186af874c07","local_time":"20210204203240","is_ascension_mode":false,"campfire_choices":[{"data":"ClowCardTheFly","floor":6.0,"key":"SMITH"},{"floor":13.0,"key":"REST"},{"data":"ClowCardTheDream","floor":15.0,"key":"SMITH"},{"data":"ClowCardTheRain","floor":24.0,"key":"SMITH"},{"data":"ClowCardTheVoice","floor":32.0,"key":"SMITH"},{"data":"ClowCardTheRain","floor":40,"key":"SMITH"},{"data":"ClowCardTheMirror","floor":44,"key":"SMITH"},{"data":"ClowCardTheMove","floor":46,"key":"SMITH"},{"data":"ClowCardTheFly","floor":49,"key":"SMITH"}],"circlet_count":0,"master_deck":["SakuraCardTheArrow+","SakuraCardTheFirey+","SakuraCardTheGlow+","ClowCardTheSword","ClowCardTheSword","ClowCardTheSword","ClowCardTheSword","ClowCardTheShield","ClowCardTheShield","ClowCardTheShield","ClowCardTheShield","SpellCardSeal","SpellCardRelease","ClowCardTheLibra+1","ClowCardTheFly+1","ClowCardTheShot","ClowCardTheDream+1","ClowCardTheVoice+1","ClowCardTheWave","ClowCardTheWave","ClowCardTheDark","ClowCardTheRain+1","ClowCardTheJump","ClowCardTheSweet","ClowCardTheMaze+1","ClowCardTheTwin","ClowCardTheVoice","Panacea","ClowCardTheMove+1","ClowCardTheIllusion","ClowCardTheGlow","ClowCardTheSleep+1","ClowCardTheLight","ClowCardTheWatery+1","ClowCardTheRain+1","ClowCardTheFly+1","ClowCardTheSweet+1","ClowCardTheBig+1","ClowCardTheMaze+1","ClowCardTheLittle+1","ClowCardTheFreeze","ClowCardTheShot","ClowCardTheChange","ClowCardTheLibra+1","ClowCardTheArrow+1","ClowCardTheMirror+1","ClowCardTheSand","ClowCardTheJump+1","ClowCardTheIllusion+1","ClowCardTheShot","ClowCardTheCloud","ClowCardTheSong+1","ClowCardTheFloat","ClowCardTheVoice+1","ClowCardTheBig+1"],"relics":["KSMOD_SealedBook","KSMOD_SealedWand","Meat on the Bone","Thread and Needle","Old Coin","Sling","Mastiff:ReiMu","ZombieArmy","KSMOD_DarknessWand","sneckomod:BabySnecko","KSMOD_YukitosBentoBox","Unceasing Top","KSMOD_RollerSkates","Red Mask","energizedSpire:StickyHand","KSMOD_Cerberus","Bag of Preparation","Ccalipers","Blood Vial"],"acts_visited":["Exordium","TheCity","TheBeyond"],"potions_floor_usage":[47,48,50,50],"damage_taken":[{"damage":6.0,"enemies":"Jaw Worm","floor":1.0,"turns":3.0},{"damage":0.0,"enemies":"Small Slimes","floor":5.0,"turns":3.0},{"damage":31.0,"enemies":"Lagavulin","floor":7.0,"turns":8.0},{"damage":0.0,"enemies":"Cultist","floor":8.0,"turns":4.0},{"damage":7.0,"enemies":"Large Slime","floor":11.0,"turns":7.0},{"damage":0.0,"enemies":"Blue Slaver","floor":14.0,"turns":3.0},{"damage":0.0,"enemies":"The Guardian","floor":16.0,"turns":8.0},{"damage":12.0,"enemies":"3 Byrds","floor":18.0,"turns":4.0},{"damage":3.0,"enemies":"Chosen","floor":19.0,"turns":3.0},{"damage":5.0,"enemies":"Snecko","floor":22.0,"turns":4.0},{"damage":21.0,"enemies":"Gremlin Leader","floor":23.0,"turns":4.0},{"damage":32.0,"enemies":"Slavers","floor":25.0,"turns":5.0},{"damage":0.0,"enemies":"Centurion and Healer","floor":28.0,"turns":4.0},{"damage":0.0,"enemies":"Chosen and Byrds","floor":29.0,"turns":4.0},{"damage":0.0,"enemies":"Masked Bandits","floor":30.0,"turns":3.0},{"damage":26.0,"enemies":"Automaton","floor":33.0,"turns":9.0},{"damage":0,"enemies":"3 Shapes","floor":35,"turns":4},{"damage":0,"enemies":"Orb Walker","floor":36,"turns":3},{"damage":0,"enemies":"Transient","floor":38,"turns":5},{"damage":6,"enemies":"Maw","floor":42,"turns":7},{"damage":0,"enemies":"3 Darklings","floor":45,"turns":3},{"damage":0,"enemies":"Transient","floor":47,"turns":5},{"damage":0,"enemies":"Giant Head","floor":48,"turns":2},{"damage":37,"enemies":"Time Eater","floor":50,"turns":10}],"seed_played":"-1421986821032379800","potions_obtained":[{"floor":7.0,"key":"Strength Potion"},{"floor":14.0,"key":"GamblersBrew"},{"floor":16.0,"key":"EssenceOfSteel"},{"floor":23.0,"key":"SteroidPotion"},{"floor":28.0,"key":"Slimebound:ThreeZeroPotion"},{"floor":29.0,"key":"LiquidBronze"},{"floor":30.0,"key":"SkillPotion"},{"floor":33.0,"key":"Energy Potion"},{"floor":36,"key":"Strength Potion"},{"floor":47,"key":"Explosive Potion"},{"floor":48,"key":"EssenceOfSteel"}],"is_trial":false,"path_per_floor":["M","?","?","T","M","R","E","M","T","$","M","$","R","M","R","B",null,"M","M","?","$","M","E","R","E","T","?","M","M","?","?","R","B",null,"M","M","?","M","$","R","?","M","T","R","M","R","M","E","R","B",null],"character_chosen":"KINOMOTOSAKURA","items_purchased":["Sling","ClowCardTheShot","ClowCardTheDream","ClowCardTheVoice","ClowCardTheWave","Mastiff:ReiMu","Energy Potion","ClowCardTheSweet","ClowCardTheArrow","ClowCardTheShot","KSMOD_Cerberus","Bag of Preparation","ClowCardTheChange"],"campfire_rested":1,"item_purchase_floors":[10,10,10,10,10,10,10,21,21,39,39,39,39],"current_hp_per_floor":[71,60,60,60,60,60,41,41,41,41,46,46,69,69,69,69,77,65,62,62,62,62,46,46,31,31,31,43,48,53,53,53,44,77,77,77,77,77,77,77,77,76,76,76,77,77,77,77,77,60],"gold":119,"neow_bonus":"TEN_PERCENT_HP_BONUS","is_daily":false,"chose_seed":false,"campfire_upgraded":8,"win_rate":0.0,"timestamp":1612441960,"path_taken":["M","?","?","?","M","R","E","M","T","$","M","?","R","M","R","BOSS","M","M","?","$","M","E","R","E","T","?","?","M","?","?","R","BOSS","M","M","?","M","$","R","?","?","T","R","M","R","M","E","R","BOSS"],"items_purchased_type":["Relic","Card","Card","Card","Card","Relic","Potion","Card","Card","Card","Relic","Relic","Card"],"build_version":"2020-12-22","purchased_purges":1,"victory":true,"max_hp_per_floor":[77,77,77,77,77,77,77,77,77,77,77,77,77,77,77,77,77,77,77,77,77,77,77,77,77,77,77,77,77,77,77,77,77,77,77,77,77,77,77,77,77,77,77,77,77,77,77,77,77,77],"card_choices":[{"not_picked":["ClowCardTheShadow","ClowCardTheBubbles"],"picked":"ClowCardTheLibra","floor":1.0},{"not_picked":["ClowCardTheSilent","ClowCardTheChange"],"picked":"ClowCardTheFly","floor":5.0},{"not_picked":["ClowCardTheWood","ClowCardTheSnow"],"picked":"ClowCardTheCreate","floor":7.0},{"not_picked":["ClowCardTheVoice","ClowCardThePower"],"picked":"ClowCardTheGlow","floor":8.0},{"not_picked":["ClowCardTheCloud","ClowCardTheChange"],"picked":"ClowCardTheWave","floor":11.0},{"not_picked":["ClowCardTheDash","ClowCardTheRain"],"picked":"ClowCardTheFirey","floor":14.0},{"not_picked":["ClowCardTheTime","ClowCardTheLight"],"picked":"ClowCardTheDark","floor":16.0},{"not_picked":["ClowCardTheMist","ClowCardTheSleep"],"picked":"ClowCardTheRain","floor":18.0},{"not_picked":["ClowCardTheFly","ClowCardTheLibra"],"picked":"ClowCardTheJump","floor":19.0},{"not_picked":["ClowCardTheMirror","ClowCardTheGlow"],"picked":"ClowCardTheMaze+1","floor":22.0},{"not_picked":["ClowCardTheWood+1","ClowCardTheStorm"],"picked":"ClowCardTheTwin","floor":23.0},{"not_picked":["ClowCardTheLibra","ClowCardTheChange"],"picked":"ClowCardTheVoice","floor":25.0},{"not_picked":["ClowCardTheMist+1","ClowCardTheShot+1"],"picked":"ClowCardTheIllusion","floor":28.0},{"not_picked":["ClowCardTheShot","ClowCardTheFirey"],"picked":"ClowCardTheGlow","floor":29.0},{"not_picked":["ClowCardTheJump","ClowCardTheDream"],"picked":"ClowCardTheSleep+1","floor":30.0},{"not_picked":["ClowCardTheDash","ClowCardTheReturn"],"picked":"ClowCardTheLight","floor":33.0},{"not_picked":["ClowCardTheWatery+1","ClowCardTheCloud"],"picked":"ClowCardTheRain","floor":35},{"not_picked":["ClowCardTheFly","ClowCardTheBig+1"],"picked":"ClowCardTheSweet+1","floor":36},{"not_picked":["ClowCardTheMaze+1","ClowCardTheLittle+1"],"picked":"ClowCardTheFreeze","floor":38},{"not_picked":["ClowCardTheLibra+1","ClowCardTheArrow+1"],"picked":"ClowCardTheMirror","floor":42},{"not_picked":["ClowCardTheSand","ClowCardTheJump+1"],"picked":"ClowCardTheIllusion+1","floor":45},{"not_picked":["ClowCardTheShot","ClowCardTheCloud"],"picked":"ClowCardTheSong+1","floor":47},{"not_picked":["ClowCardTheFloat","ClowCardTheBig+1"],"picked":"ClowCardTheVoice+1","floor":48}],"player_experience":148972,"relics_obtained":[{"floor":4.0,"key":"Meat on the Bone"},{"floor":7.0,"key":"Thread and Needle"},{"floor":9.0,"key":"Old Coin"},{"floor":11.0,"key":"ZombieArmy"},{"floor":23.0,"key":"KSMOD_YukitosBentoBox"},{"floor":25.0,"key":"Unceasing Top"},{"floor":26.0,"key":"KSMOD_RollerSkates"},{"floor":30.0,"key":"Red Mask"},{"floor":43,"key":"Ccalipers"},{"floor":48,"key":"Blood Vial"}],"event_choices":[{"damage_healed":0.0,"max_hp_gain":0.0,"max_hp_loss":0.0,"gold_gain":75.0,"event_name":"World of Goop","player_choice":"Gather Gold","floor":2.0,"gold_loss":0.0,"damage_taken":11.0},{"damage_healed":0.0,"max_hp_gain":0.0,"max_hp_loss":0.0,"gold_gain":0.0,"event_name":"Living Wall","player_choice":"Grow","floor":3.0,"gold_loss":0.0,"damage_taken":0.0,"cards_upgraded":["ClowCardTheLibra"]},{"damage_healed":0.0,"max_hp_gain":0.0,"max_hp_loss":0.0,"gold_gain":0.0,"event_name":"Match and Keep!","player_choice":"2 cards matched","floor":27.0,"gold_loss":0.0,"damage_taken":0.0,"cards_obtained":["Panacea","ClowCardTheMove"]},{"damage_healed":0.0,"max_hp_gain":0.0,"max_hp_loss":0.0,"gold_gain":0.0,"event_name":"Masked Bandits","player_choice":"Fought Bandits","floor":30.0,"gold_loss":0.0,"damage_taken":0.0},{"damage_healed":0.0,"max_hp_gain":0.0,"max_hp_loss":0.0,"gold_gain":0.0,"event_name":"Vampires","player_choice":"Ignored","floor":31.0,"gold_loss":0.0,"damage_taken":0.0},{"cards_removed":["ClowCardTheCloud"],"damage_healed":5,"gold_gain":0,"player_choice":"Offered Common","damage_taken":0,"max_hp_gain":0,"max_hp_loss":0,"event_name":"Bonfire Elementals","floor":41,"gold_loss":0},{"cards_removed":["ClowCardTheCloud"],"damage_healed":5,"gold_gain":0,"player_choice":"Offered Special","damage_taken":0,"max_hp_gain":0,"max_hp_loss":0,"event_name":"Bonfire Elementals","floor":41,"gold_loss":0}],"is_beta":false,"boss_relics":[{"not_picked":["Astrolabe","energizedSpire:SpiderWeb"],"picked":"KSMOD_DarknessWand"},{"not_picked":["Velvet Choker","energizedSpire:NeverEndingSparkler"],"picked":"energizedSpire:StickyHand"}],"items_purged_floors":[21],"is_endless":false,"potions_floor_spawned":[7,14,16,23,28,29,30,33,36,45,47,48],"ascension_level":0}}