{"host":"c6u7e77myxvw4d0m","time":1612437703,"event":{"mods":["AchievementEnabler","BaseMod","Bestiary","Colored Map","Colored Powertips","Minty Spire (QoL Compilation)","Rare Cards Sparkle","Relic Stats","everything is the same but u backflip on backflip"],"gold_per_floor":[117,117,117,22,36,36,63,81,159,159,173,190,259,259,259],"floor_reached":14,"language":"ENG","playtime":672,"items_purged":[],"score":180,"play_id":"7546b51a-3b6d-41bd-a0d4-6a433c984b33","local_time":"20210204132143","is_ascension_mode":true,"campfire_choices":[{"data":"Dagger Spray","floor":6,"key":"SMITH"},{"data":"Blade Dance","floor":10,"key":"SMITH"}],"circlet_count":0,"master_deck":["AscendersBane","Strike_G","Strike_G","Strike_G","Strike_G","Strike_G+1","Defend_G","Defend_G","Defend_G+1","Defend_G","Defend_G","Survivor","Neutralize","Infinite Blades","Dagger Spray+1","Masterful Stab","Footwork","Dagger Throw","Blade Dance+1","Deadly Poison","Cloak And Dagger"],"relics":["HoveringKite","Omamori","Pantograph"],"acts_visited":["Exordium"],"potions_floor_usage":[7,11,14],"damage_taken":[{"damage":2,"enemies":"Jaw Worm","floor":1,"turns":6},{"damage":0,"enemies":"Small Slimes","floor":5,"turns":4},{"damage":3,"enemies":"3 Sentries","floor":7,"turns":8},{"damage":0,"enemies":"2 Louse","floor":8,"turns":2},{"damage":14,"enemies":"Large Slime","floor":11,"turns":5},{"damage":0,"enemies":"Blue Slaver","floor":12,"turns":3},{"damage":29,"enemies":"Gremlin Nob","floor":14,"turns":3}],"seed_played":"5508138991753708037","potions_obtained":[{"floor":5,"key":"DuplicationPotion"},{"floor":7,"key":"SkillPotion"},{"floor":11,"key":"SneckoOil"}],"is_trial":false,"path_per_floor":["M","?","?","$","M","R","E","M","T","R","M","M","?","E"],"character_chosen":"THE_SILENT","items_purchased":["Dagger Spray","Masterful Stab"],"campfire_rested":0,"item_purchase_floors":[4,4],"current_hp_per_floor":[57,62,41,41,41,41,38,38,38,38,24,24,24,0,0],"gold":259,"neow_bonus":"BOSS_RELIC","is_daily":false,"chose_seed":false,"campfire_upgraded":2,"win_rate":0.0,"timestamp":1612437703,"path_taken":["M","?","?","?","M","R","E","M","T","R","M","M","?","E"],"items_purchased_type":["Card","Card"],"build_version":"2020-12-22","purchased_purges":0,"victory":false,"max_hp_per_floor":[66,71,71,71,71,71,71,71,71,71,71,71,71,71,71],"relic_stats":{"counters":[7,31],"Pantograph":0,"HoveringKite":[8],"obtain_stats":[{"Pantograph":9,"HoveringKite":0,"Omamori":7,"Ring of the Snake":0},{"Pantograph":4,"HoveringKite":0,"Omamori":3,"Ring of the Snake":0},{"Pantograph":20,"HoveringKite":0,"Omamori":18,"Ring of the Snake":0}]},"card_choices":[{"not_picked":["Slice","Deadly Poison"],"picked":"Infinite Blades","floor":1},{"not_picked":["Well Laid Plans","Eviscerate"],"picked":"Footwork","floor":5},{"not_picked":["Acrobatics","Blur"],"picked":"Dagger Throw","floor":7},{"not_picked":["Bane","Expertise"],"picked":"Blade Dance","floor":8},{"not_picked":["Tactician","Backflip"],"picked":"Deadly Poison","floor":11},{"not_picked":["Deflect","Slice"],"picked":"Cloak And Dagger","floor":12}],"player_experience":657207,"relics_obtained":[{"floor":7,"key":"Omamori"},{"floor":9,"key":"Pantograph"}],"event_choices":[{"damage_healed":0,"gold_gain":0,"player_choice":"Donut","damage_taken":0,"max_hp_gain":5,"max_hp_loss":0,"event_name":"Big Fish","floor":2,"gold_loss":0},{"damage_healed":0,"gold_gain":0,"player_choice":"Entered Light","damage_taken":21,"max_hp_gain":0,"max_hp_loss":0,"event_name":"Shining Light","floor":3,"gold_loss":0,"cards_upgraded":["Defend_G","Strike_G"]},{"damage_healed":0,"gold_gain":69,"player_choice":"Gained Gold","damage_taken":0,"max_hp_gain":0,"max_hp_loss":0,"event_name":"Golden Wing","floor":13,"gold_loss":0}],"is_beta":false,"boss_relics":[],"items_purged_floors":[],"is_endless":false,"potions_floor_spawned":[5,7,11],"killed_by":"Gremlin Nob","ascension_level":20}}