{"host":"2zjdcgw4be5n15ja","time":1612444512,"event":{"mods":["2.2 Compatiblity","AchievementEnabler","BaseMod","Bestiary","Better Skull","Better Third Choice","BetterRewards","Colored Powertips","Downfall","Hermit","Marisa????????","Marked Mod","Minty Spire (QoL Compilation)","Quick Restart","Rare Cards Sparkle","Reimu??????","Relic Stats","Reliquary","StSLib","The Bug Knight","The Problem Sleuth","The Runesmith"],"gold_per_floor":[112,20,78,92,10,10,29,29,29,58,34,34,34,66,66,66,66],"floor_reached":16,"language":"ENG","playtime":1411,"items_purged":[],"score":111,"play_id":"2014cd05-1774-48dc-9003-8fc805d11ba5","local_time":"20210205021512","is_ascension_mode":true,"campfire_choices":[{"floor":6,"key":"RECALL"},{"floor":8,"key":"REST"},{"floor":13,"key":"REST"},{"floor":15,"key":"REST"}],"circlet_count":0,"master_deck":["Strike_G","Strike_G","Strike_G","Strike_G","Strike_G","Defend_G","Defend_G","Defend_G","Defend_G","Defend_G","Eviscerate","Footwork","Underhanded Strike","All Out Attack","Dodge and Roll","Footwork","Dagger Throw","Infinite Blades","Acrobatics","Wraith Form v2","Dagger Throw","Storm of Steel"],"relics":["Ring of the Snake","Oddly Smooth Stone","Thread and Needle","reliquary:TuningFork"],"acts_visited":["Exordium"],"potions_floor_usage":[7,10],"damage_taken":[{"damage":5,"enemies":"Cultist","floor":1,"turns":7},{"damage":0,"enemies":"Small Slimes","floor":4,"turns":1},{"damage":12,"enemies":"Jaw Worm","floor":7,"turns":4},{"damage":36,"enemies":"Gremlin Nob","floor":10,"turns":5},{"damage":22,"enemies":"3 Sentries","floor":14,"turns":7},{"damage":45,"enemies":"Slime Boss","floor":16,"turns":10}],"seed_played":"-2154540847884118597","potions_obtained":[{"floor":4,"key":"SteroidPotion"},{"floor":7,"key":"SpeedPotion"}],"is_trial":false,"path_per_floor":["M","$","?","M","$","R","M","R","T","E","$","?","R","E","R","B"],"character_chosen":"THE_SILENT","items_purchased":["All Out Attack","Dodge and Roll","Dagger Throw","Infinite Blades","Dagger Throw"],"campfire_rested":3,"item_purchase_floors":[2,2,5,5,11],"current_hp_per_floor":[58,58,58,58,58,58,46,63,63,27,27,24,42,20,38,0,0],"gold":66,"neow_bonus":"TRANSFORM_TWO_CARDS","is_daily":false,"chose_seed":false,"campfire_upgraded":0,"win_rate":0.0,"timestamp":1612444512,"path_taken":["M","?","?","?","$","R","M","R","T","E","?","?","R","E","R","BOSS"],"items_purchased_type":["Card","Card","Card","Card","Card"],"build_version":"2020-12-22","purchased_purges":0,"victory":false,"max_hp_per_floor":[63,63,63,63,63,63,63,63,63,63,63,63,63,63,63,63,63],"relic_stats":{"counters":[6,34],"obtain_stats":[{"Oddly Smooth Stone":10,"Thread and Needle":12,"reliquary:TuningFork":14,"Ring of the Snake":0},{"Oddly Smooth Stone":4,"Thread and Needle":4,"reliquary:TuningFork":5,"Ring of the Snake":0},{"Oddly Smooth Stone":17,"Thread and Needle":17,"reliquary:TuningFork":24,"Ring of the Snake":0}],"Ring of the Snake":[12]},"card_choices":[{"not_picked":["Outmaneuver","Backflip"],"picked":"Underhanded Strike","floor":1},{"not_picked":["Outmaneuver","Blade Dance"],"picked":"Footwork","floor":4},{"not_picked":["Blade Dance","Cloak And Dagger"],"picked":"Acrobatics","floor":7},{"not_picked":["Leg Sweep","All Out Attack"],"picked":"Wraith Form v2","floor":10},{"not_picked":["Flying Knee","Tactician"],"picked":"Storm of Steel","floor":14}],"player_experience":394373,"relics_obtained":[{"floor":10,"key":"Oddly Smooth Stone"},{"floor":14,"key":"reliquary:TuningFork"}],"event_choices":[{"damage_healed":0,"gold_gain":58,"player_choice":"Gained Gold","damage_taken":0,"max_hp_gain":0,"max_hp_loss":0,"event_name":"Golden Wing","floor":3,"gold_loss":0},{"damage_healed":0,"gold_gain":0,"player_choice":"Relic ","damage_taken":3,"max_hp_gain":0,"max_hp_loss":0,"event_name":"betterThird:BetterScrap","floor":12,"gold_loss":0,"cards_obtained":["Aggregate"]}],"is_beta":false,"boss_relics":[],"items_purged_floors":[],"is_endless":false,"potions_floor_spawned":[4,7],"killed_by":"Slime Boss","ascension_level":1}}