{"host":"facnppb4175fcpe2","time":1612464125,"event":{"mods":["AchievementEnabler","BaseMod","Colored Map","Colored Powertips","Highlight Path","Minty Spire (QoL Compilation)","Quick Restart","Rare Cards Sparkle","Relic Stats","StSLib","SuperFastMode"],"gold_per_floor":[112,122,3,19,39,68,88,116,142,142,142,170,170,188,188,288,288,301,47,60,60,77,103,118,118,118],"floor_reached":25,"language":"ZHS","playtime":726,"items_purged":[],"score":384,"play_id":"26b30bd1-698d-400c-8474-7d7427b8f305","local_time":"20210205024205","is_ascension_mode":true,"campfire_choices":[{"data":"Noxious Fumes","floor":10.0,"key":"SMITH"},{"data":"Bouncing Flask","floor":13.0,"key":"SMITH"},{"data":"Footwork","floor":15.0,"key":"SMITH"}],"circlet_count":0,"master_deck":["Strike_G","Strike_G","Strike_G","Strike_G","Strike_G","Defend_G","Defend_G","Defend_G","Defend_G","Defend_G","Survivor","Neutralize","Skewer","Bouncing Flask+1","Noxious Fumes+1","Leg Sweep","Escape Plan","Footwork+1","Corpse Explosion","Deadly Poison","Adrenaline"],"relics":["Coffee Dripper","Blood Vial","Bird Faced Urn","Happy Flower","Philosopher\u0027s Stone","Bottled Lightning","Nloth\u0027s Gift","Strawberry"],"acts_visited":["Exordium","TheCity"],"potions_floor_usage":[],"damage_taken":[{"damage":5.0,"enemies":"Jaw Worm","floor":1.0,"turns":6.0},{"damage":0.0,"enemies":"Cultist","floor":2.0,"turns":4.0},{"damage":0.0,"enemies":"Small Slimes","floor":4.0,"turns":2.0},{"damage":1.0,"enemies":"3 Louse","floor":5.0,"turns":4.0},{"damage":10.0,"enemies":"3 Sentries","floor":6.0,"turns":8.0},{"damage":5.0,"enemies":"Blue Slaver","floor":7.0,"turns":4.0},{"damage":4.0,"enemies":"Lagavulin","floor":8.0,"turns":7.0},{"damage":9.0,"enemies":"3 Sentries","floor":12.0,"turns":7.0},{"damage":5.0,"enemies":"Gremlin Gang","floor":14.0,"turns":6.0},{"damage":0.0,"enemies":"Hexaghost","floor":16.0,"turns":9.0},{"damage":16.0,"enemies":"2 Thieves","floor":18.0,"turns":3.0},{"damage":4.0,"enemies":"Shell Parasite","floor":20.0,"turns":5.0},{"damage":24.0,"enemies":"Chosen and Byrds","floor":22.0,"turns":6.0},{"damage":28.0,"enemies":"Book of Stabbing","floor":23.0,"turns":5.0},{"damage":24.0,"enemies":"Snake Plant","floor":24.0,"turns":4.0},{"damage":0,"enemies":"Gremlin Leader","floor":25,"turns":1}],"seed_played":"1353067972062773833","potions_obtained":[{"floor":1.0,"key":"Weak Potion"},{"floor":4.0,"key":"AttackPotion"},{"floor":7.0,"key":"FearPotion"},{"floor":14.0,"key":"Fire Potion"},{"floor":18.0,"key":"SkillPotion"},{"floor":24.0,"key":"EntropicBrew"}],"is_trial":false,"path_per_floor":["M","M","$","M","M","E","M","E","T","R","$","E","R","M","R","B",null,"M","$","M","?","M","E","M","E"],"character_chosen":"THE_SILENT","items_purchased":["Bouncing Flask","Noxious Fumes","Bottled Lightning"],"campfire_rested":0,"item_purchase_floors":[3,3,19],"current_hp_per_floor":[58,58,58,58,57,47,44,42,42,42,42,39,39,40,40,46,64,54,54,56,56,38,21,3,5,5],"gold":118,"neow_bonus":"BOSS_RELIC","is_daily":false,"chose_seed":false,"campfire_upgraded":3,"win_rate":0.0,"timestamp":1612464125,"path_taken":["M","M","$","M","M","E","M","E","T","R","$","E","R","M","R","BOSS","M","$","M","?","M","E","M","E"],"items_purchased_type":["Card","Card","Relic"],"build_version":"2020-12-22","purchased_purges":0,"victory":false,"max_hp_per_floor":[70,70,70,70,70,70,70,70,70,70,70,70,70,70,70,70,70,70,70,70,70,70,77,77,77,77],"relic_stats":{"Blood Vial":22,"Happy Flower":[15],"counters":[16,81],"Bird Faced Urn":[30],"Nloth\u0027s Gift":3,"obtain_stats":[{"Blood Vial":6,"Dream Catcher":12,"Happy Flower":9,"Bird Faced Urn":8,"Strawberry":23,"Philosopher\u0027s Stone":17,"Coffee Dripper":0,"Nloth\u0027s Gift":21,"Bottled Lightning":19,"Ring of the Snake":0},{"Blood Vial":5,"Dream Catcher":8,"Happy Flower":7,"Bird Faced Urn":7,"Strawberry":14,"Philosopher\u0027s Stone":10,"Coffee Dripper":0,"Nloth\u0027s Gift":12,"Bottled Lightning":11,"Ring of the Snake":0},{"Blood Vial":24,"Dream Catcher":42,"Happy Flower":35,"Bird Faced Urn":35,"Strawberry":76,"Philosopher\u0027s Stone":57,"Coffee Dripper":0,"Nloth\u0027s Gift":65,"Bottled Lightning":60,"Ring of the Snake":0}]},"card_choices":[{"not_picked":["PiercingWail","Bane"],"picked":"Skewer","floor":1.0},{"not_picked":["Tactician","Concentrate","Dagger Spray"],"picked":"SKIP","floor":2.0},{"not_picked":["Terror","Phantasmal Killer"],"picked":"Leg Sweep","floor":4.0},{"not_picked":["Dagger Spray","Dagger Throw","Dodge and Roll"],"picked":"SKIP","floor":5.0},{"not_picked":["Blade Dance","Eviscerate"],"picked":"Escape Plan","floor":6.0},{"not_picked":["Outmaneuver","Slice","Blur"],"picked":"SKIP","floor":7.0},{"not_picked":["Blur","Outmaneuver"],"picked":"Footwork","floor":8.0},{"not_picked":["Wraith Form v2","Underhanded Strike","Cloak And Dagger"],"picked":"SKIP","floor":12.0},{"not_picked":["Prepared","Underhanded Strike","Backstab"],"picked":"SKIP","floor":14.0},{"not_picked":["Glass Knife","Wraith Form v2"],"picked":"Corpse Explosion","floor":16.0},{"not_picked":["Quick Slash","Acrobatics","Poisoned Stab+1"],"picked":"SKIP","floor":18.0},{"not_picked":["Flying Knee","Blur","Slice"],"picked":"SKIP","floor":20.0},{"not_picked":["Terror","Quick Slash"],"picked":"Deadly Poison","floor":22.0},{"not_picked":["Flying Knee+1","Grand Finale","Night Terror"],"picked":"SKIP","floor":23.0},{"not_picked":["Deflect","Underhanded Strike"],"picked":"Adrenaline","floor":24.0}],"player_experience":130483,"relics_obtained":[{"floor":6.0,"key":"Blood Vial"},{"floor":8.0,"key":"Bird Faced Urn"},{"floor":9.0,"key":"Happy Flower"},{"floor":12.0,"key":"Dream Catcher"},{"floor":23.0,"key":"Strawberry"}],"event_choices":[{"damage_healed":0.0,"max_hp_gain":0.0,"max_hp_loss":0.0,"gold_gain":0.0,"event_name":"N\u0027loth","player_choice":"Traded Relic","floor":21.0,"relics_lost":["Dream Catcher"],"gold_loss":0.0,"damage_taken":0.0,"relics_obtained":["Nloth\u0027s Gift"]}],"is_beta":false,"boss_relics":[{"not_picked":["Pandora\u0027s Box","Fusion Hammer"],"picked":"Philosopher\u0027s Stone"}],"items_purged_floors":[],"is_endless":false,"potions_floor_spawned":[1,4,7,8,14,16,18,24],"killed_by":"Gremlin Leader","ascension_level":6}}