{"host":"mnpd8gh7cwxsn5kh","time":1612447198,"event":{"mods":["BaseMod","Bestiary","Block Reminder","Colored Map","Colored Powertips","Highlight Path","Minty Spire (QoL Compilation)","Relic Sorter","Relic Stats"],"gold_per_floor":[114,124,124,136,159,171,216,86,164,180,214,230,230,230],"floor_reached":13,"language":"ENG","playtime":731,"items_purged":[],"score":133,"play_id":"fdfb7ead-c676-481c-80b7-c31c61bf2fa3","local_time":"20210204145958","is_ascension_mode":true,"campfire_choices":[{"floor":6,"key":"REST"}],"circlet_count":0,"master_deck":["Strike_G","Strike_G","Strike_G+1","Strike_G+1","Strike_G","Defend_G","Defend_G","Defend_G","Defend_G","Defend_G","Survivor","Neutralize","Infinite Blades","Sucker Punch","Bouncing Flask","Blur","Die Die Die","Backstab","Dodge and Roll","Leg Sweep"],"relics":["Ring of the Snake","NeowsBlessing","MawBank","Happy Flower","Matryoshka","Bottled Flame"],"acts_visited":["Exordium"],"potions_floor_usage":[11,11,13],"damage_taken":[{"damage":0,"enemies":"Cultist","floor":1,"turns":1},{"damage":0,"enemies":"Jaw Worm","floor":2,"turns":1},{"damage":0,"enemies":"Small Slimes","floor":5,"turns":1},{"damage":27,"enemies":"3 Sentries","floor":7,"turns":12},{"damage":0,"enemies":"Blue Slaver","floor":10,"turns":4},{"damage":10,"enemies":"Lagavulin","floor":11,"turns":4},{"damage":11,"enemies":"Large Slime","floor":12,"turns":5},{"damage":5,"enemies":"Gremlin Nob","floor":13,"turns":3}],"seed_played":"1778950065541738916","potions_obtained":[{"floor":2,"key":"SteroidPotion"},{"floor":10,"key":"FearPotion"},{"floor":12,"key":"Fire Potion"}],"is_trial":false,"path_per_floor":["M","M","?","?","M","R","E","$","T","M","E","M","E"],"character_chosen":"THE_SILENT","items_purchased":["Die Die Die"],"campfire_rested":1,"item_purchase_floors":[8],"current_hp_per_floor":[63,63,45,31,31,52,25,25,25,25,15,4,0,0],"gold":230,"neow_bonus":"THREE_ENEMY_KILL","is_daily":false,"chose_seed":false,"campfire_upgraded":0,"win_rate":0.0,"timestamp":1612447198,"path_taken":["M","?","?","?","M","R","E","?","T","M","E","M","E"],"items_purchased_type":["Card"],"build_version":"2020-12-22","purchased_purges":0,"victory":false,"max_hp_per_floor":[70,70,70,70,70,70,70,70,70,70,70,70,70,70],"relic_stats":{"Happy Flower":[5],"counters":[8,31],"MawBank":60,"obtain_stats":[{"Bottled Flame":11,"Matryoshka":9,"NeowsBlessing":0,"Happy Flower":7,"MawBank":3,"Ring of the Snake":0},{"Bottled Flame":6,"Matryoshka":4,"NeowsBlessing":0,"Happy Flower":4,"MawBank":2,"Ring of the Snake":0},{"Bottled Flame":23,"Matryoshka":15,"NeowsBlessing":0,"Happy Flower":15,"MawBank":2,"Ring of the Snake":0}],"Ring of the Snake":[16]},"card_choices":[{"not_picked":["Quick Slash","Deadly Poison"],"picked":"Infinite Blades","floor":1},{"not_picked":["Quick Slash","Prepared"],"picked":"Sucker Punch","floor":2},{"not_picked":["A Thousand Cuts","Crippling Poison"],"picked":"Bouncing Flask","floor":5},{"not_picked":["Quick Slash","Dodge and Roll"],"picked":"Blur","floor":7},{"not_picked":["Leg Sweep","Flechettes"],"picked":"Backstab","floor":10},{"not_picked":["Predator","Reflex"],"picked":"Dodge and Roll","floor":11},{"not_picked":["Flying Knee","Prepared"],"picked":"Leg Sweep","floor":12}],"player_experience":285189,"relics_obtained":[{"floor":7,"key":"Happy Flower"},{"floor":9,"key":"Matryoshka"},{"floor":11,"key":"Bottled Flame"}],"event_choices":[{"damage_healed":0,"gold_gain":0,"player_choice":"Success","damage_taken":18,"relics_obtained":["MawBank"],"max_hp_gain":0,"max_hp_loss":0,"event_name":"Scrap Ooze","floor":3,"gold_loss":0},{"damage_healed":0,"gold_gain":0,"player_choice":"Entered Light","damage_taken":14,"max_hp_gain":0,"max_hp_loss":0,"event_name":"Shining Light","floor":4,"gold_loss":0,"cards_upgraded":["Strike_G","Strike_G"]}],"is_beta":false,"boss_relics":[],"items_purged_floors":[],"is_endless":false,"potions_floor_spawned":[2,10,12],"killed_by":"Gremlin Nob","ascension_level":8}}