{"host":"hqvh779b89tfrjxy","time":1612461448,"event":{"mods":["Act Like it!","BaseMod","Better Third Choice","Downfall","Elementarium","Filter the Spire","GifTheSpireLib","Minty Spire (QoL Compilation)","Replay The Spire","Spicy Shops","StSLib"],"gold_per_floor":[114,128,145,145,164,189,202,235,235,246,257,288,288,308,308,413,513,532,548,564,564,583,618,618,646,646,646,679,679,705,724,724,825,825,845,857,857,629,642,642,667,667,694,713,713,745,758,682,682,682,682,682,236,267,267],"floor_reached":56,"language":"ENG","playtime":2463,"items_purged":["Defend_R"],"score":2152,"play_id":"df4618c0-c90c-4e6a-ab31-773588088c6e","local_time":"20210204185728","is_ascension_mode":true,"campfire_choices":[{"data":"Demon Form","floor":13,"key":"SMITH"},{"floor":15,"key":"DIG"},{"data":"Immolate","floor":27,"key":"SMITH"},{"data":"Armaments","floor":29,"key":"SMITH"},{"data":"Heavy Blade","floor":32,"key":"SMITH"},{"floor":40,"key":"RECALL"},{"data":"Impervious","floor":42,"key":"SMITH"},{"data":"Perfected Strike","floor":45,"key":"SMITH"},{"floor":49,"key":"DIG"},{"data":"Perfected Strike","floor":52,"key":"SMITH"}],"circlet_count":0,"master_deck":["AscendersBane","Strike_R","Strike_R","Strike_R","Strike_R","Strike_R","Defend_R","Defend_R","Bash","Carnage","Perfected Strike+1","Heavy Blade+1","Double Tap+1","Defy Death","Impervious+1","Perfected Strike+1","Clothesline","Demon Form+1","Immolate+1","Armaments+1","Carnage+1","Ghostly Armor+1","Shockwave+1","Barricade","Pot Of Greed+1","Pot Of Greed+1","Pot Of Greed+1","Dual Wield+1","True Grit+1"],"relics":["Snecko Eye","ReplayTheSpireMod:Shallot","Ginger","Pantograph","Mummified Hand","Potion Belt","Replay:Wanted Poster","Ornamental Fan","Garlic","Toxic Egg 2","Grinning Jar","Anchor","Elementarium:ElementariumTrophy","Coffee Dripper","Vajra","Centennial Puzzle","OrangePellets","Shuriken","Oddly Smooth Stone","Mango","Bronze Scales"],"acts_visited":["Exordium","Elementarium:Elementarium","TheBeyond","TheEnding"],"potions_floor_usage":[23,55,55,55,55],"damage_taken":[{"damage":0,"enemies":"Cultist","floor":1,"turns":3},{"damage":0,"enemies":"Small Slimes","floor":2,"turns":2},{"damage":2,"enemies":"Jaw Worm","floor":3,"turns":2},{"damage":0,"enemies":"3 Louse","floor":5,"turns":2},{"damage":15,"enemies":"3 Sentries","floor":6,"turns":6},{"damage":0,"enemies":"Exordium Thugs","floor":7,"turns":1},{"damage":4,"enemies":"Gremlin Nob","floor":8,"turns":3},{"damage":0,"enemies":"Looter","floor":10,"turns":2},{"damage":0,"enemies":"Blue Slaver","floor":11,"turns":3},{"damage":0,"enemies":"3 Sentries","floor":12,"turns":2},{"damage":0,"enemies":"Large Slime","floor":14,"turns":2},{"damage":25,"enemies":"The Guardian","floor":16,"turns":6},{"damage":0,"enemies":"Elementarium:2_ELEMENTALS","floor":18,"turns":1},{"damage":3,"enemies":"Elementarium:VoidCorruption","floor":19,"turns":2},{"damage":0,"enemies":"Elementarium:RubyGolem","floor":20,"turns":2},{"damage":0,"enemies":"Elementarium:CYCLONE_AND_ORB_OF_FIRE","floor":22,"turns":3},{"damage":8,"enemies":"Elementarium:ElementalPortal","floor":23,"turns":5},{"damage":0,"enemies":"Elementarium:WarGolem","floor":25,"turns":2},{"damage":0,"enemies":"Elementarium:FIRE_NOBILITY","floor":28,"turns":5},{"damage":0,"enemies":"Elementarium:ElementalPortal","floor":30,"turns":4},{"damage":0,"enemies":"Elementarium:STONE_GOLEMS","floor":31,"turns":2},{"damage":0,"enemies":"Elementarium:PHOENIXES","floor":33,"turns":6},{"damage":0,"enemies":"3 Darklings","floor":35,"turns":2},{"damage":0,"enemies":"Orb Walker","floor":36,"turns":1},{"damage":0,"enemies":"4 Shapes","floor":39,"turns":2},{"damage":0,"enemies":"Giant Head","floor":41,"turns":7},{"damage":0,"enemies":"Maw","floor":44,"turns":4},{"damage":0,"enemies":"R_Hoarder","floor":46,"turns":6},{"damage":0,"enemies":"Transient","floor":47,"turns":5},{"damage":15,"enemies":"Time Eater","floor":50,"turns":4},{"damage":8,"enemies":"Shield and Spear","floor":54,"turns":4},{"damage":0,"enemies":"The Heart","floor":55,"turns":5}],"seed_played":"8993199073135813951","potions_obtained":[{"floor":6,"key":"Venom Potion"},{"floor":8,"key":"GamblersBrew"},{"floor":10,"key":"Elixir"},{"floor":14,"key":"champ:CounterPotion"},{"floor":16,"key":"Elixir"},{"floor":22,"key":"PowerPotion"},{"floor":30,"key":"SkillPotion"},{"floor":33,"key":"Guardian:BlockOnCardUsePotion"},{"floor":39,"key":"DistilledChaos"}],"is_trial":false,"path_per_floor":["M","M","M","?","M","E","M","E","T","M","M","E","R","M","R","B",null,"M","M","M","?","M","E","?","E","T","R","E","R","E","M","R","B",null,"M","M","?","$","M","R","E","R","T","M","R","E","M","$","R","B",null,"R","$","E","B",null],"character_chosen":"IRONCLAD","items_purchased":["Vajra","OrangePellets","Oddly Smooth Stone","Mango"],"campfire_rested":0,"item_purchase_floors":[38,48,53,53],"current_hp_per_floor":[72,72,70,70,70,55,55,51,51,51,51,51,51,51,51,51,73,73,70,70,70,70,62,62,62,62,62,62,62,62,62,62,80,80,80,80,80,80,80,80,80,80,80,80,80,80,80,80,80,65,76,76,90,82,94],"gold":267,"neow_bonus":"BOSS_RELIC","is_daily":false,"chose_seed":false,"campfire_upgraded":7,"win_rate":0.0,"timestamp":1612461448,"path_taken":["M","?","M","?","M","E","M","E","T","M","M","E","R","M","R","BOSS","M","M","M","?","M","E","?","E","T","R","E","R","E","?","R","BOSS","M","M","?","$","M","R","E","R","T","M","R","E","M","$","R","BOSS","R","$","E","BOSS"],"items_purchased_type":["Relic","Relic","Relic","Relic"],"build_version":"2020-12-22","purchased_purges":1,"victory":true,"max_hp_per_floor":[80,80,80,80,80,80,80,80,80,80,80,80,80,80,80,80,80,80,80,80,80,80,80,80,80,80,80,80,80,80,80,80,80,80,80,80,80,80,80,80,80,80,80,80,80,80,80,80,80,80,80,80,94,94,94],"card_choices":[{"not_picked":["Headbutt","Wild Strike"],"picked":"Carnage","floor":1},{"not_picked":["True Grit","Shrug It Off"],"picked":"Perfected Strike","floor":2},{"not_picked":["Wild Strike","Havoc"],"picked":"Heavy Blade","floor":3},{"not_picked":["Clash","ReplayTheSpireMod:Stacked","Wild Strike"],"picked":"SKIP","floor":5},{"not_picked":["Rage","Wild Strike"],"picked":"Defy Death","floor":6},{"not_picked":["Reckless Charge","Flex","Rupture"],"picked":"SKIP","floor":7},{"not_picked":["Thunderclap","Massacre"],"picked":"Impervious","floor":8},{"not_picked":["Anger","Replay:Undeath\u0027s Touch"],"picked":"Perfected Strike","floor":10},{"not_picked":["Carnage","Perfected Strike"],"picked":"Clothesline","floor":11},{"not_picked":["Fire Breathing","Cleave"],"picked":"Demon Form","floor":12},{"not_picked":["Clash","Power Through","Carnage"],"picked":"SKIP","floor":14},{"not_picked":["Double Tap","Demonic Infusion"],"picked":"Immolate","floor":16},{"not_picked":["Shrug It Off","Body Slam"],"picked":"Armaments","floor":18},{"not_picked":["Warcry+1","Dark Embrace"],"picked":"Carnage+1","floor":19},{"not_picked":["Battle Trance","Second Wind"],"picked":"Ghostly Armor+1","floor":20},{"not_picked":["Replay:Undeath\u0027s Touch+1","Run Through+1"],"picked":"Shockwave+1","floor":22},{"not_picked":["ReplayTheSpireMod:Strike From Hell","ReplayTheSpireMod:Muscle Training+1","Bloodletting+1"],"picked":"SKIP","floor":23},{"not_picked":["Rampage","Flame Barrier+1"],"picked":"Barricade","floor":25},{"not_picked":["Heavy Blade","Thunderclap","Pommel Strike"],"picked":"SKIP","floor":28},{"not_picked":["Eclipse+1","Wild Strike+1","Flex+1"],"picked":"SKIP","floor":30},{"not_picked":["Defy Death+1","Clothesline","Sentinel+1"],"picked":"SKIP","floor":31},{"not_picked":["Feel No Pain","Sword Boomerang+1","ReplayTheSpireMod:Muscle Training+1"],"picked":"SKIP","floor":35},{"not_picked":["Pummel+1","Battle Trance+1","Cleave+1"],"picked":"SKIP","floor":36},{"not_picked":["Perfected Strike","Iron Wave","Defy Death+1"],"picked":"SKIP","floor":39},{"not_picked":["Armaments+1","Ghostly Armor+1"],"picked":"Dual Wield+1","floor":41},{"not_picked":["Dark Embrace","Carnage+1","Double Tap+1"],"picked":"SKIP","floor":44},{"not_picked":["Anger+1","Sever Soul"],"picked":"True Grit+1","floor":46},{"not_picked":["Wild Strike","Bloodletting+1","Iron Wave"],"picked":"SKIP","floor":47},{"not_picked":["True Grit+1","Infernal Blade+1","Replay:Undeath\u0027s Touch"],"picked":"SKIP","floor":54}],"player_experience":216556,"relics_obtained":[{"floor":6,"key":"ReplayTheSpireMod:Shallot"},{"floor":8,"key":"Ginger"},{"floor":9,"key":"Pantograph"},{"floor":12,"key":"Mummified Hand"},{"floor":15,"key":"Potion Belt"},{"floor":23,"key":"Ornamental Fan"},{"floor":25,"key":"Garlic"},{"floor":26,"key":"Toxic Egg 2"},{"floor":28,"key":"Grinning Jar"},{"floor":30,"key":"Anchor"},{"floor":46,"key":"Centennial Puzzle"},{"floor":49,"key":"Shuriken"},{"floor":54,"key":"Bronze Scales"}],"event_choices":[{"damage_healed":0,"gold_gain":0,"player_choice":"Ignored","damage_taken":0,"max_hp_gain":0,"max_hp_loss":0,"event_name":"Elementarium:BladeSeller","floor":21,"gold_loss":0},{"damage_healed":0,"gold_gain":0,"player_choice":"Ignored","damage_taken":0,"max_hp_gain":0,"max_hp_loss":0,"event_name":"Elementarium:ChestOfTheGoldenMirage","floor":37,"gold_loss":0}],"is_beta":false,"boss_relics":[{"not_picked":["Ectoplasm","Kintsugi"],"picked":"Replay:Wanted Poster"},{"not_picked":["Busted Crown","Replay:Bronze Core"],"picked":"Coffee Dripper"}],"items_purged_floors":[38],"is_endless":false,"potions_floor_spawned":[6,8,10,11,14,16,22,23,28,30,33,39,44,54],"ascension_level":10}}