{"host":"61ejhfsushs0xmcl","time":1612433992,"event":{"mods":["ATMod(阿瑾Mod)","Act Like it!","BaseMod","Colored Map","Gold Saver","Minty Spire (QoL Compilation)","MostiFishMod","Reliquary","Spicy Shops","StSLib","TestMod","[IsaacMod]以撒尖塔","【遗物卡牌】REMEMod","篝火指南"],"gold_per_floor":[1187,1187,1207,1220,1045,1045,1075,1075,1124,1154,1188,1205,1216,1277,1277,1385,1385,1400,1800,1813,1813,1813,1838,1848,1880,1880,1880,1894,1605,1617,1651,883,1012,1012,1067,352,384,384,415,415,468,508,508,586,418,501,420,481,481,548,628,628,628,81,140,253],"floor_reached":57,"language":"ZHS","playtime":1864,"items_purged":["Strike_R","Defend_R","Defend_R","Defend_R","Defend_R","Strike_R","Bash","Bloodletting","Bloodletting+1"],"score":3655,"play_id":"39f29319-8f82-44ac-83bf-a6e284600c50","local_time":"20210204181952","is_ascension_mode":true,"campfire_choices":[{"data":"MostiFishMod:RacingGame","floor":6.0,"key":"SMITH"},{"data":"Rupture","floor":8.0,"key":"SMITH"},{"data":"Bloodletting","floor":15.0,"key":"SMITH"},{"data":"REME_Scribble","floor":27.0,"key":"SMITH"},{"floor":40.0,"key":"RECALL"}],"circlet_count":0,"master_deck":["AscendersBane","AT_MachinaRedman","MostiFishMod:RacingGame+1","Rupture+1","Feel No Pain","Offering","REME_Scribble+1","Brutality+1","MostiFishMod:FlyOverUtopia+1","Limit Break","AT_LightSaberMaster","REME_FirmDetermination","REME_ACTH","Twin Strike"],"relics":["Burning Blood","testmod-TestBox","AT_ATBox","REME_ComplimentaryCards","HushsDoor","GuppysPaw","testmod-SaigiyounoYou","Jackal-EndForJourney","SynthV:TestCard","AT_PhaseBoots","ChiXiaoBlade","Void","Ice Cream","Tiny Chest","Art of War","REME_ArchaeologicalTools","BelialBook","NineLifeCat","Technique","SatanicBible","SalivaCoin","Lantern","Sundial","Blue Candle"],"acts_visited":["Exordium","TheCity","TheBeyond","TheEnding"],"potions_floor_usage":[],"damage_taken":[{"damage":0.0,"enemies":"2 Louse","floor":1.0,"turns":2.0},{"damage":0.0,"enemies":"Cultist","floor":3.0,"turns":2.0},{"damage":8.0,"enemies":"Small Slimes","floor":4.0,"turns":2.0},{"damage":3.0,"enemies":"Lagavulin","floor":7.0,"turns":2.0},{"damage":33.0,"enemies":"The Mushroom Lair","floor":10.0,"turns":3.0},{"damage":3.0,"enemies":"3 Sentries","floor":11.0,"turns":2.0},{"damage":9.0,"enemies":"Red Slaver","floor":12.0,"turns":2.0},{"damage":3.0,"enemies":"Exordium Wildlife","floor":13.0,"turns":2.0},{"damage":13.0,"enemies":"Gremlin Nob","floor":14.0,"turns":3.0},{"damage":3.0,"enemies":"Hexaghost","floor":16.0,"turns":2.0},{"damage":13.0,"enemies":"3 Byrds","floor":18.0,"turns":2.0},{"damage":6.0,"enemies":"Chosen","floor":20.0,"turns":2.0},{"damage":27.0,"enemies":"Book of Stabbing","floor":23.0,"turns":2.0},{"damage":8.0,"enemies":"Snecko","floor":24.0,"turns":2.0},{"damage":12.0,"enemies":"Slavers","floor":25.0,"turns":3.0},{"damage":15.0,"enemies":"Shelled Parasite and Fungi","floor":28.0,"turns":2.0},{"damage":27.0,"enemies":"Centurion and Healer","floor":30.0,"turns":2.0},{"damage":35.0,"enemies":"Book of Stabbing","floor":31.0,"turns":3.0},{"damage":15.0,"enemies":"Automaton","floor":33.0,"turns":1.0},{"damage":43.0,"enemies":"3 Darklings","floor":35.0,"turns":3.0},{"damage":32.0,"enemies":"3 Shapes","floor":37.0,"turns":2.0},{"damage":30.0,"enemies":"Sphere and 2 Shapes","floor":39.0,"turns":2.0},{"damage":17.0,"enemies":"Giant Head","floor":41.0,"turns":2.0},{"damage":14.0,"enemies":"Spire Growth","floor":42.0,"turns":2.0},{"damage":20.0,"enemies":"Nemesis","floor":46.0,"turns":1.0},{"damage":33.0,"enemies":"Transient","floor":48.0,"turns":2.0},{"damage":30.0,"enemies":"Donu and Deca","floor":50.0,"turns":2.0},{"damage":18,"enemies":"Awakened One","floor":51,"turns":2},{"damage":7,"enemies":"Shield and Spear","floor":55,"turns":1},{"damage":18,"enemies":"Delirium","floor":56,"turns":2}],"seed_played":"-3469397817271410643","potions_obtained":[{"floor":1.0,"key":"Ancient Potion"},{"floor":3.0,"key":"ElixirPotion"},{"floor":7.0,"key":"DistilledChaos"},{"floor":12.0,"key":"SkillPotion"},{"floor":13.0,"key":"REME_GoldPotion"},{"floor":14.0,"key":"REME_GoldPotion"},{"floor":16.0,"key":"LiquidBronze"},{"floor":18.0,"key":"AttackPotion"},{"floor":20.0,"key":"CultistPotion"},{"floor":23.0,"key":"testmod-TestPotion"},{"floor":25.0,"key":"PowerPotion"},{"floor":42.0,"key":"FairyPotion"}],"is_trial":false,"path_per_floor":["M","?","M","M","$","R","E","R","T","?","E","M","M","E","R","B",null,"M","?","M","?","?","E","M","E","T","R","M","$","M","E","R","B",null,"M","$","M","?","M","R","E","M","T","T","R","E","R","M","R","B","B",null,"R","$","E","B",null],"character_chosen":"IRONCLAD","items_purchased":["GuppysTail","Offering","HandDrill","Art of War","REME_ArchaeologicalTools","Limit Break","BelialBook","FairyPotion","AT_LightSaberMaster","NineLifeCat","Strawberry","Technique","SatanicBible","SalivaCoin","Lantern","Sundial","Twin Strike"],"campfire_rested":0,"item_purchase_floors":[17,17,29,32,32,34,34,34,34,34,36,36,36,45,47,54,54],"current_hp_per_floor":[75,75,75,75,75,75,75,75,75,51,65,68,75,71,71,75,56,56,56,56,56,56,43,46,50,50,50,45,45,35,20,20,22,7,7,14,10,5,20,20,21,18,18,18,18,11,11,32,32,16,19,33,33,33,41,44],"gold":253,"neow_bonus":"RANDOM_COMMON_RELIC","is_daily":false,"chose_seed":false,"campfire_upgraded":4,"win_rate":0.0,"timestamp":1612433992,"path_taken":["M","?","M","?","$","R","E","R","T","?","E","M","M","E","R","BOSS","M","?","M","?","?","E","M","E","T","R","M","$","M","E","R","BOSS","M","?","M","?","?","R","E","M","T","?","R","E","R","M","R","BOSS","BOSS","R","$","E","BOSS"],"items_purchased_type":["Relic","Card","Relic","Relic","Relic","Card","Relic","Potion","Card","Relic","Relic","Relic","Relic","Relic","Relic","Relic","Card"],"build_version":"2020-12-22","purchased_purges":9,"victory":true,"max_hp_per_floor":[75,75,75,75,75,75,75,75,75,75,75,75,75,75,75,75,56,56,56,56,56,56,56,56,56,56,56,56,56,59,62,62,65,7,7,14,17,17,20,20,23,26,26,26,26,29,29,32,32,35,38,38,38,38,41,44],"card_choices":[{"not_picked":[],"picked":"ChaosCard","floor":0.0},{"not_picked":["Armaments","Warcry"],"picked":"Rupture","floor":1.0},{"not_picked":["Headbutt","Wild Strike","Cleave","Rampage","Sever Soul"],"picked":"SKIP","floor":3.0},{"not_picked":["Cleave","REME_Fury","Entrench","Warcry"],"picked":"Bloodletting","floor":4.0},{"not_picked":["Intimidate","Juggernaut","MostiFishMod:#F4004","Cleave","AT_BodySlamDance"],"picked":"SKIP","floor":7.0},{"not_picked":["Havoc","Headbutt","Bludgeon","Warcry"],"picked":"Feel No Pain","floor":10.0},{"not_picked":["Clothesline","Warcry","AT_ShrugMaster","REME_Cut","Spot Weakness"],"picked":"SKIP","floor":11.0},{"not_picked":["Clash","Perfected Strike","Shrug It Off","Combust","Heavy Blade"],"picked":"SKIP","floor":12.0},{"not_picked":["Cleave","Sword Boomerang","Thunderclap","Clothesline","Burning Pact"],"picked":"SKIP","floor":13.0},{"not_picked":["Searing Blow","Carnage","Bomb","AT_GerminateFire"],"picked":"Bloodletting","floor":14.0},{"not_picked":["MostiFishMod:Chiaki","MostiFishMod:TemporaryOutbreak","MostiFishMod:PerfectStrikeMKII","AT_Dispersion"],"picked":"Limit Break","floor":16.0},{"not_picked":["Sword Boomerang","Anger","REME_Cut","Body Slam+1","Ghostly Armor"],"picked":"SKIP","floor":18.0},{"not_picked":["Dark Embrace","REME_SingleHolding","Pommel Strike","Intimidate","Clash"],"picked":"SKIP","floor":20.0},{"not_picked":["Inflame","Flex","REME_TheLastStrike","Clothesline","Havoc"],"picked":"SKIP","floor":23.0},{"not_picked":["Intimidate","Ghostly Armor","Anger","Clash"],"picked":"REME_Scribble","floor":24.0},{"not_picked":["Sword Boomerang","AT_IchimonjiDouble","AT_GerminateFire+1","Seeing Red","Thunderclap"],"picked":"SKIP","floor":25.0},{"not_picked":["Spot Weakness","AT_IchimonjiDouble","Havoc","Thunderclap"],"picked":"Brutality","floor":28.0},{"not_picked":["Twin Strike","Pommel Strike","AT_CaressingTears","Body Slam","AT_IchimonjiDouble"],"picked":"SKIP","floor":30.0},{"not_picked":["Wild Strike","Iron Wave+1","Shrug It Off","Perfected Strike+1","AT_GerminateFire"],"picked":"SKIP","floor":31.0},{"not_picked":["Corruption","REME_Fury","MostiFishMod:WingOfPhoenix","Double Tap"],"picked":"MostiFishMod:FlyOverUtopia","floor":33.0},{"not_picked":["Dual Wield+1","Armaments","Evolve","AT_ShrugMaster","Anger"],"picked":"SKIP","floor":35.0},{"not_picked":["Clash+1","Shrug It Off","MostiFishMod:#F4004","Twin Strike","Armaments"],"picked":"SKIP","floor":37.0},{"not_picked":["Enlightenment","testmod-BackupPower","testmod-WeaknessCounterattack","testmod-ConditionedReflex"],"picked":"REME_FirmDetermination","floor":38.0},{"not_picked":["Armaments","Thunderclap","Cleave","Blood for Blood","AT_BodySlamDance"],"picked":"SKIP","floor":39.0},{"not_picked":["Whirlwind+1","Hemokinesis","Headbutt","Warcry"],"picked":"REME_ACTH","floor":41.0},{"not_picked":["Sword Boomerang+1","Iron Wave","Clothesline","Pommel Strike","Seeing Red"],"picked":"SKIP","floor":42.0},{"not_picked":["Evolve","Disarm","Seeing Red","True Grit","Iron Wave+1"],"picked":"SKIP","floor":46.0},{"not_picked":["True Grit","Iron Wave","AT_ShrugMaster","Offering","Sword Boomerang"],"picked":"SKIP","floor":48.0},{"not_picked":["Intimidate","Flex","Dual Wield+1","Offering","Havoc+1"],"picked":"SKIP","floor":55}],"player_experience":850130,"relics_obtained":[{"floor":1.0,"key":"SynthV:TestCard"},{"floor":7.0,"key":"White Beast Statue"},{"floor":10.0,"key":"Odd Mushroom"},{"floor":11.0,"key":"AT_SpeedBoots"},{"floor":14.0,"key":"reliquary:JackalopeAntler"},{"floor":23.0,"key":"Void"},{"floor":25.0,"key":"reliquary:MedicineBall"},{"floor":26.0,"key":"Ice Cream"},{"floor":31.0,"key":"Tiny Chest"},{"floor":41.0,"key":"testmod-TurbochargingSystem"},{"floor":43.0,"key":"reliquary:FeatherDuster"},{"floor":46.0,"key":"reliquary:Boomerang"},{"floor":55,"key":"Blue Candle"}],"event_choices":[{"damage_healed":0.0,"max_hp_gain":0.0,"max_hp_loss":0.0,"gold_gain":0.0,"event_name":"WeMeetAgain","player_choice":"Gave Potion","floor":2.0,"gold_loss":0.0,"damage_taken":0.0,"relics_obtained":["reliquary:Knoch"]},{"damage_healed":0.0,"max_hp_gain":0.0,"max_hp_loss":0.0,"gold_gain":0.0,"event_name":"Mushrooms","player_choice":"Fought Mushrooms","floor":10.0,"gold_loss":0.0,"damage_taken":0.0},{"damage_healed":0.0,"max_hp_gain":0.0,"max_hp_loss":0.0,"gold_gain":400.0,"event_name":"恩洛斯的盘子","player_choice":"Sell","floor":19.0,"relics_lost":["DaveBox"],"gold_loss":0.0,"damage_taken":0.0},{"cards_removed":["Strike_R"],"damage_healed":0.0,"max_hp_gain":0.0,"max_hp_loss":0.0,"gold_gain":0.0,"event_name":"Back to Basics","player_choice":"Elegance","floor":21.0,"gold_loss":0.0,"damage_taken":0.0},{"damage_healed":0.0,"max_hp_gain":0.0,"max_hp_loss":0.0,"gold_gain":0.0,"event_name":"给自己的盒子","player_choice":"Ignored","floor":22.0,"gold_loss":0.0,"damage_taken":0.0},{"damage_healed":0.0,"max_hp_gain":0.0,"max_hp_loss":0.0,"gold_gain":0.0,"event_name":"SensoryStone","player_choice":"Memory 2","floor":38.0,"gold_loss":0.0,"damage_taken":5.0}],"is_beta":false,"boss_relics":[{"not_picked":["JellyFishMachine","testmod-NegativeEmotionEnhancer"],"picked":"ChiXiaoBlade"},{"not_picked":[]},{"not_picked":["FeatherPendant","Snecko Eye"],"picked":"Empty Cage"},{"not_picked":[]}],"items_purged_floors":[5,5,17,29,32,32,34,36,54],"is_endless":false,"potions_floor_spawned":[1,3,7,10,11,12,13,14,16,18,20,23,24,25,28,30,31,37,42,46,48,55],"ascension_level":20}}