{"host":"Ringo","time":1612451427,"event":{"mods":["BaseMod","Colored Map","Conspire","Dota2Spire","Hubris","Minty Spire (QoL Compilation)","Replay The Spire","StSLib","The Construct","[IsaacMod]ÒÔÈö¼âËþ","¡¾ÒÅÎï¿¨ÅÆ¡¿REMEMod"],"gold_per_floor":[116,127,143,156,174,201,230,245,316,350,383,415,449,477,477,551,551,571,587,69,587,607,634,661,688,713,757,821,262,309,370,370,484,484,553,553,131,167,208,297,358,464,489,554,624,685,685,744,744,934,982],"floor_reached":52,"language":"ZHS","playtime":1441,"items_purged":["Underhanded Strike","Eviscerate"],"score":4126,"play_id":"9049ef3b-fdbb-4fb8-8ebf-de02c3ca3682","local_time":"20210204231027","daily_mods":["SealedDeck","Vintage","Heirloom","Time Dilation","Flight","DeadlyEvents","Elite Swarm","Lethality","Binary"],"is_ascension_mode":true,"campfire_choices":[{"data":"Acrobatics","floor":15,"key":"SMITH"},{"data":"Blade Dance","floor":32,"key":"SMITH"},{"data":"Footwork","floor":49,"key":"SMITH"}],"circlet_count":0,"master_deck":["AscendersBane","construct:Disrupt+1","Riddle With Holes+1","Backflip","Blade Dance+1","Underhanded Strike","Deflect","Dagger Spray","Prepared","Escape Plan","Eviscerate","Acrobatics+1","Footwork+1","Dagger Throw"],"relics":["Ring of the Serpent","Busted Crown","HushsDoor","REME_ComplimentaryCards","replay:Trail_Library","BookofShadows","StoneCalendar","Dota2Spire:Desolator","PreservedInsect","hubris:GlazedTorus","SalivaCoin","TheBible","Happy Flower","Replay:Baseball","Durian","SharpPlug","Quantum Egg","YumHeart","BookOfRevelations","hubris:ToyBattleship","Replay:PocketPolymizer","MealTicket","conspire:Dentures","Guide Book","Dota2Spire:EyeOfSkadi","BloodDonationBag","Lizard Tail","Dota2Spire:DrumOfEndurance","Tough Bandages","Dota2Spire:LotusOrb","Dota2Spire:HandOfMidas","PokeGo","MawBank","Replay:Bandana","hubris:Metronome","Gremlin Horn","hubris:Potato","Empty Cage","REME_HandOfSuture","Membership Card","Ice Cream","Regal Pillow","Potion Belt","Dota2Spire:PowerTreads","Garlic","Bronze Scales","GnawedLeaf","Blood Vial","Incense Burner","hubris:Towel","Replay:Rubber Ducky"],"acts_visited":["Exordium","TheCity","TheBeyond"],"potions_floor_usage":[28,40,50,51,51,51],"damage_taken":[{"damage":0,"enemies":"Small Slimes","floor":1,"turns":1},{"damage":0,"enemies":"Cultist","floor":2,"turns":1},{"damage":0,"enemies":"Jaw Worm","floor":3,"turns":1},{"damage":0,"enemies":"3 Louse","floor":4,"turns":1},{"damage":0,"enemies":"Exordium Wildlife","floor":5,"turns":1},{"damage":0,"enemies":"3 Sentries","floor":6,"turns":1},{"damage":0,"enemies":"Lagavulin","floor":7,"turns":1},{"damage":0,"enemies":"Blue Slaver","floor":8,"turns":1},{"damage":0,"enemies":"3 Sentries","floor":10,"turns":1},{"damage":0,"enemies":"Lagavulin","floor":11,"turns":1},{"damage":0,"enemies":"3 Sentries","floor":12,"turns":1},{"damage":0,"enemies":"Lagavulin","floor":13,"turns":1},{"damage":0,"enemies":"Gremlin Nob","floor":14,"turns":1},{"damage":0,"enemies":"The Guardian","floor":16,"turns":1},{"damage":0,"enemies":"conspire:FuzzyDice","floor":18,"turns":1},{"damage":0,"enemies":"2 Thieves","floor":19,"turns":1},{"damage":0,"enemies":"Cultist and Chosen","floor":21,"turns":1},{"damage":0,"enemies":"3 Cultists","floor":22,"turns":1},{"damage":0,"enemies":"Slavers","floor":23,"turns":1},{"damage":0,"enemies":"Book of Stabbing","floor":24,"turns":1},{"damage":0,"enemies":"Slavers","floor":25,"turns":1},{"damage":0,"enemies":"Snake Plant","floor":27,"turns":1},{"damage":0,"enemies":"REME_1_Revenger","floor":28,"turns":1},{"damage":0,"enemies":"Book of Stabbing","floor":30,"turns":1},{"damage":0,"enemies":"Slavers","floor":31,"turns":1},{"damage":0,"enemies":"hubris:MusketHawk","floor":33,"turns":1},{"damage":0,"enemies":"3 Shapes","floor":35,"turns":1},{"damage":0,"enemies":"Orb Walker","floor":38,"turns":1},{"damage":0,"enemies":"Writhing Mass","floor":39,"turns":1},{"damage":0,"enemies":"R_Hoarder","floor":40,"turns":1},{"damage":0,"enemies":"Nemesis","floor":41,"turns":1},{"damage":0,"enemies":"Reptomancer","floor":42,"turns":1},{"damage":0,"enemies":"R_Hoarder","floor":44,"turns":1},{"damage":0,"enemies":"Reptomancer","floor":45,"turns":1},{"damage":0,"enemies":"R_Hoarder","floor":46,"turns":1},{"damage":0,"enemies":"Nemesis","floor":48,"turns":1},{"damage":0,"enemies":"Donu and Deca","floor":50,"turns":1},{"damage":0,"enemies":"hubris:GrandSnecko","floor":51,"turns":1}],"seed_played":"-2199725679306611024","potions_obtained":[{"floor":4,"key":"Ancient Potion"},{"floor":7,"key":"Cursed Concoction"},{"floor":25,"key":"REME_GoldPotion"},{"floor":30,"key":"Dota2Spire:Clarity"},{"floor":40,"key":"Fruit Juice"},{"floor":42,"key":"SpeedPotion"},{"floor":44,"key":"Regen Potion"}],"is_trial":true,"path_per_floor":["M","M","M","M","M","E","E","M","T","E","E","E","E","E","R","B",null,"M","M","$","M","M","E","E","E","T","M","E","$","E","E","R","B",null,"M","?","$","M","M","E","E","E","T","E","E","E","?","E","R","B","B",null],"character_chosen":"THE_SILENT","items_purchased":["Guide Book","Dota2Spire:EyeOfSkadi","Replay:Bandana","hubris:Metronome","Eviscerate","Membership Card","Ice Cream","Footwork"],"campfire_rested":0,"item_purchase_floors":[20,20,29,29,29,37,37,37],"current_hp_per_floor":[59,59,59,59,59,59,59,64,64,64,64,64,64,64,64,64,69,69,69,76,37,37,37,37,37,37,37,37,52,52,52,52,52,70,70,70,76,76,76,81,81,81,81,81,81,81,81,81,81,81,81],"gold":982,"neow_bonus":"","is_daily":false,"chose_seed":false,"campfire_upgraded":3,"win_rate":0.0,"timestamp":1612451427,"path_taken":["M","M","M","M","M","E","E","M","T","E","E","E","E","E","R","BOSS","M","M","$","M","M","E","E","E","T","M","E","$","E","E","R","BOSS","M","?","$","M","M","E","E","E","T","E","E","E","?","E","R","BOSS","BOSS"],"items_purchased_type":["Relic","Relic","Relic","Relic","Card","Relic","Relic","Card"],"build_version":"2020-12-18","purchased_purges":2,"victory":true,"max_hp_per_floor":[66,66,66,66,66,66,66,71,71,71,71,71,71,71,71,71,71,71,71,76,76,76,76,76,76,76,76,76,76,76,76,76,76,76,76,76,76,76,76,81,81,81,81,81,81,81,81,81,81,81,81],"card_choices":[],"player_experience":629123,"relics_obtained":[{"floor":1,"key":"Dota2Spire:Desolator"},{"floor":2,"key":"PreservedInsect"},{"floor":3,"key":"hubris:GlazedTorus"},{"floor":4,"key":"SalivaCoin"},{"floor":5,"key":"TheBible"},{"floor":6,"key":"Happy Flower"},{"floor":7,"key":"Replay:Baseball"},{"floor":8,"key":"Durian"},{"floor":9,"key":"SharpPlug"},{"floor":10,"key":"Quantum Egg"},{"floor":11,"key":"YumHeart"},{"floor":12,"key":"BookOfRevelations"},{"floor":13,"key":"hubris:ToyBattleship"},{"floor":14,"key":"Replay:PocketPolymizer"},{"floor":18,"key":"MealTicket"},{"floor":19,"key":"conspire:Dentures"},{"floor":21,"key":"BloodDonationMachine"},{"floor":22,"key":"Lizard Tail"},{"floor":23,"key":"Dota2Spire:DrumOfEndurance"},{"floor":24,"key":"Tough Bandages"},{"floor":25,"key":"Dota2Spire:LotusOrb"},{"floor":26,"key":"Dota2Spire:HandOfMidas"},{"floor":27,"key":"PokeGo"},{"floor":28,"key":"MawBank"},{"floor":30,"key":"Gremlin Horn"},{"floor":31,"key":"hubris:Potato"},{"floor":35,"key":"REME_HandOfSuture"},{"floor":38,"key":"Regal Pillow"},{"floor":39,"key":"Potion Belt"},{"floor":40,"key":"Dota2Spire:PowerTreads"},{"floor":41,"key":"Garlic"},{"floor":42,"key":"Bronze Scales"},{"floor":44,"key":"GnawedLeaf"},{"floor":45,"key":"Blood Vial"},{"floor":46,"key":"Incense Burner"},{"floor":48,"key":"Replay:Rubber Ducky"}],"event_choices":[{"damage_healed":0,"gold_gain":0,"player_choice":"Ignored","damage_taken":0,"max_hp_gain":0,"max_hp_loss":0,"event_name":"SecretPortal","floor":36,"gold_loss":0}],"is_beta":true,"boss_relics":[{"not_picked":["Replay:Bronze Core","Honey Jar"],"picked":"Ring of the Serpent"},{"not_picked":[]},{"not_picked":["SacredBark","Runic Pyramid"],"picked":"Empty Cage"},{"not_picked":[]}],"items_purged_floors":[29,37],"is_endless":false,"potions_floor_spawned":[4,7,8,10,12,13,14,18,24,25,27,30,31,35,38,40,42,44],"ascension_level":20}}