{"host":"92wx9z21c4p52du4","time":1612400919,"event":{"mods":["BaseMod","Downfall","Hermit","Minty Spire (QoL Compilation)","Reliquary","StSLib","The Hierophant"],"gold_per_floor":[99,99,99,99,99,99,122,137,152,152,182,182,192,33,46,145,145,145,163,163,163,163],"floor_reached":20,"language":"ENG","playtime":899,"items_purged":[],"score":160,"play_id":"a987faf7-4236-42a3-9793-47bb0076c92f","local_time":"20210203190839","is_ascension_mode":false,"campfire_choices":[{"data":"sneckomod:PureSnecko","floor":18,"key":"SMITH"}],"circlet_count":0,"master_deck":["sneckomod:Strike","sneckomod:Strike","sneckomod:Strike","sneckomod:Defend","sneckomod:Defend","sneckomod:Defend","sneckomod:TailWhip","sneckomod:SnekBite","sneckomod:Unknown","Uppercut","sneckomod:PureSnecko+1","sneckomod:ImprovisedAttack","sneckomod:UnknownCommonSkill","sneckomod:Unknown1Cost","sneckomod:QuickBite","Regret","sneckomod:UnlimitedRolls","sneckomod:RainOfDice","sneckomod:UnknownUncommonAttack","sneckomod:UnknownVulnerable","sneckomod:MorePower","sneckomod:UnknownRareAttack+1","sneckomod:QuickMove"],"relics":["sneckomod:SneckoSoul","downfall:HeartsMalice","Toy Ornithopter","Strawberry","Odd Mushroom","Chemical X","bronze:MakeshiftBattery"],"acts_visited":["Exordium","TheCity"],"potions_floor_usage":[9,16],"damage_taken":[{"damage":0,"enemies":"Small Slimes","floor":2,"turns":1},{"damage":0,"enemies":"2 Louse","floor":3,"turns":1},{"damage":0,"enemies":"Cultist","floor":6,"turns":1},{"damage":13,"enemies":"Large Slime","floor":8,"turns":3},{"damage":14,"enemies":"3 Louse","floor":9,"turns":3},{"damage":7,"enemies":"The Mushroom Lair","floor":11,"turns":4},{"damage":4,"enemies":"Exordium Thugs","floor":13,"turns":4},{"damage":5,"enemies":"downfall:FleeingMerchant","floor":14,"turns":4},{"damage":3,"enemies":"Large Slime","floor":15,"turns":4},{"damage":36,"enemies":"IC_STATUS_ARCHETYPE","floor":16,"turns":6},{"damage":81,"enemies":"Spheric Guardian","floor":19,"turns":8},{"damage":20,"enemies":"3 Cultists","floor":20,"turns":5}],"seed_played":"-7275239990125368399","potions_obtained":[{"floor":8,"key":"SkillPotion"},{"floor":15,"key":"SkillPotion"},{"floor":19,"key":"Guardian:BlockOnCardUsePotion"}],"is_trial":false,"path_per_floor":["R","M","M","?","?","M","T","M","M","?","?","?","M","$","M","B",null,"R","M","M"],"character_chosen":"THE_SNECKO","items_purchased":["Chemical X"],"campfire_rested":0,"item_purchase_floors":[14],"current_hp_per_floor":[90,90,90,90,90,90,90,77,76,83,76,76,72,67,64,33,97,97,16,0,0,0],"gold":163,"neow_bonus":"THREE_ENEMY_KILL","is_daily":false,"chose_seed":false,"campfire_upgraded":1,"win_rate":0.0,"timestamp":1612400919,"path_taken":["R","M","M","?","?","M","T","?","M","?","?","?","M","$","M","BOSS","R","M","M"],"items_purchased_type":["Relic"],"build_version":"2020-12-22","purchased_purges":0,"victory":false,"max_hp_per_floor":[90,90,90,90,90,90,90,90,90,97,97,97,97,97,97,97,97,97,97,97,97,97],"card_choices":[{"not_picked":["sneckomod:UnknownCommonSkill","sneckomod:QuickMove"],"picked":"sneckomod:PureSnecko","floor":2},{"not_picked":["sneckomod:UnknownStrike","sneckomod:UnknownCommonAttack"],"picked":"sneckomod:ImprovisedAttack","floor":3},{"not_picked":["sneckomod:DiceBlock","sneckomod:Unknown1Cost"],"picked":"sneckomod:UnknownCommonSkill","floor":6},{"not_picked":["sneckomod:DiceCrush","sneckomod:Nope"],"picked":"sneckomod:Unknown1Cost","floor":8},{"not_picked":["sneckomod:SoulDraw","sneckomod:MasterEye"],"picked":"sneckomod:QuickBite","floor":9},{"not_picked":["sneckomod:UnknownCommonSkill","sneckomod:UnknownBlock"],"picked":"sneckomod:UnlimitedRolls","floor":11},{"not_picked":["sneckomod:TrashToTreasure","sneckomod:UnknownBlock"],"picked":"sneckomod:RainOfDice","floor":13},{"not_picked":["sneckomod:SnakeSap","sneckomod:Memorize"],"picked":"sneckomod:UnknownUncommonAttack","floor":14},{"not_picked":["sneckomod:UnknownBlock","sneckomod:UnknownCommonAttack"],"picked":"sneckomod:UnknownVulnerable","floor":15},{"not_picked":["sneckomod:DangerNoodle","sneckomod:UnknownRarePower"],"picked":"sneckomod:MorePower","floor":16},{"not_picked":["sneckomod:UnknownClassRED+1","sneckomod:UnknownClassHIEROPHANT_GOLD_COLOR+1"],"picked":"sneckomod:UnknownRareAttack+1","floor":19},{"not_picked":["sneckomod:SoulRoll+1","sneckomod:Unknown1Cost"],"picked":"sneckomod:QuickMove","floor":19}],"player_experience":252638,"relics_obtained":[{"floor":7,"key":"Toy Ornithopter"},{"floor":11,"key":"Odd Mushroom"}],"event_choices":[{"damage_healed":0,"gold_gain":0,"player_choice":"Box","damage_taken":0,"relics_obtained":["Strawberry"],"max_hp_gain":0,"max_hp_loss":0,"event_name":"Big Fish","floor":10,"gold_loss":0,"cards_obtained":["Regret"]},{"damage_healed":0,"gold_gain":0,"player_choice":"Fought Mushrooms","damage_taken":0,"max_hp_gain":0,"max_hp_loss":0,"event_name":"Mushrooms","floor":11,"gold_loss":0},{"damage_healed":0,"gold_gain":0,"player_choice":"Ignored","damage_taken":0,"max_hp_gain":0,"max_hp_loss":0,"event_name":"NoteForYourself","floor":12,"gold_loss":0}],"is_beta":false,"boss_relics":[{"not_picked":["Empty Cage","Snecko Eye"],"picked":"bronze:MakeshiftBattery"}],"items_purged_floors":[],"is_endless":false,"potions_floor_spawned":[8,15,19],"killed_by":"3 Cultists","ascension_level":0}}