{"host":"q5l3nirlejh5mn15","time":1612442673,"event":{"mods":["100% Spire Juice","BaseMod","Energized Spire","Hermit","Koishi","Marisa£®ÏF”Í°°ƒß¿Ì…≥£©","Minty Spire (QoL Compilation)","Reimu£®≤©¿ˆ¡È√Œ£©","Relic Filter Mod","Reliquary","Remilia£®¿Ÿ√◊¿Ú—«£©","RumiaBox-¬∂√◊Ê´µƒ…Ò√ÿ∫–◊”","Spicy Shops","StSLib","The Hierophant","The Servant 0.9.4","[IsaacMod]“‘»ˆº‚À˛","°æπ¶ƒ‹Mod°øªÏ„Á÷Æª∑–ﬁ∏¥≤π∂°"],"gold_per_floor":[110,12,12,287,287,287,298,298,366,92,118,135,76,76,76],"floor_reached":14,"language":"ZHS","playtime":580,"items_purged":[],"score":88,"play_id":"7822145a-ac94-49e9-a1c0-1bab6587260c","local_time":"20210204204433","is_ascension_mode":false,"campfire_choices":[{"data":"Moonworks:SubspaceTunnel","floor":6,"key":"SMITH"},{"data":"DoctorFetus","floor":8,"key":"SMITH"}],"circlet_count":0,"master_deck":["Moonworks:Strike","Moonworks:Strike","Moonworks:Strike","Moonworks:Strike","Moonworks:Defend","Moonworks:Defend","Moonworks:Defend","Moonworks:Defend","Moonworks:Ambush","Moonworks:LongDistanceShot","DoctorFetus+1","Moonworks:SubspaceTunnel+1","Moonworks:JonathanRush","Regret","Moonworks:NicePresent"],"relics":["Moonworks:BrokenBomb","Moonworks:Homemark","HushsDoor","Leech","AddBug","SecretRecord","SecretRecord","Baka2","SecretRecord"],"acts_visited":["Exordium"],"potions_floor_usage":[10,14],"damage_taken":[{"damage":10,"enemies":"Small Slimes","floor":1,"turns":3},{"damage":7,"enemies":"Cultist","floor":7,"turns":3},{"damage":3,"enemies":"2 Louse","floor":10,"turns":3},{"damage":22,"enemies":"3 Sentries","floor":11,"turns":4},{"damage":48,"enemies":"Gremlin Gang","floor":12,"turns":3},{"damage":6,"enemies":"Gremlin Nob","floor":13,"turns":2},{"damage":19,"enemies":"Gremlin Nob","floor":14,"turns":2}],"seed_played":"400760768095903551","potions_obtained":[{"floor":1,"key":"Explosive Potion"},{"floor":11,"key":"SpeedPotion"}],"is_trial":false,"path_per_floor":["M","$","?","?","?","R","M","R","T","M","E","M","?","E"],"character_chosen":"THE_STARBREAKER","items_purchased":["Fruit Juice"],"campfire_rested":0,"item_purchase_floors":[2],"current_hp_per_floor":[51,51,51,51,48,48,43,43,43,50,31,16,16,0,0],"gold":76,"neow_bonus":"ONE_RANDOM_RARE_CARD","is_daily":false,"chose_seed":false,"campfire_upgraded":2,"win_rate":0.0,"timestamp":1612442673,"path_taken":["M","$","?","?","?","R","M","R","T","?","E","M","?","E"],"items_purchased_type":["Potion"],"build_version":"2020-12-22","purchased_purges":0,"victory":false,"max_hp_per_floor":[60,60,60,60,60,60,60,60,60,65,65,59,59,59,59],"card_choices":[{"not_picked":[],"picked":"DoctorFetus","floor":0},{"not_picked":["Moonworks:ImOnFire","Moonworks:SakisCookie"],"picked":"Moonworks:JonathanRush","floor":1},{"not_picked":["Moonworks:LulusLuckyEgg","Moonworks:FullSpeedAlicianrone","Bomb"],"picked":"SKIP","floor":7},{"not_picked":["Moonworks:SakisCookie","Moonworks:UnpaidWork","Moonworks:LuckyCharm"],"picked":"SKIP","floor":10},{"not_picked":["Bomb","Moonworks:Assault"],"picked":"Moonworks:NicePresent","floor":11},{"not_picked":["Moonworks:EvilSpyWorkPreparation","Moonworks:CastOff","Moonworks:EvilMastermind"],"picked":"SKIP","floor":12}],"player_experience":164364,"relics_obtained":[{"floor":1,"key":"AddBug"},{"floor":1,"key":"Baka"},{"floor":7,"key":"Baka2"},{"floor":9,"key":"MagicDraw4"},{"floor":10,"key":"SecretRecord"},{"floor":11,"key":"CrazyTorch:ReiMu"},{"floor":13,"key":"InkBottle"}],"event_choices":[{"damage_healed":0,"gold_gain":275,"player_choice":"Desecrate","damage_taken":0,"max_hp_gain":0,"max_hp_loss":0,"event_name":"Golden Shrine","floor":4,"gold_loss":0,"cards_obtained":["Regret"]},{"damage_healed":0,"gold_gain":0,"player_choice":"Success","damage_taken":3,"relics_obtained":["SecretRecord"],"max_hp_gain":0,"max_hp_loss":0,"event_name":"Scrap Ooze","floor":5,"gold_loss":0},{"damage_healed":0,"gold_gain":30,"player_choice":"Searched \u00273\u0027 times","damage_taken":0,"max_hp_gain":0,"max_hp_loss":0,"event_name":"Dead Adventurer","floor":13,"gold_loss":0}],"is_beta":false,"boss_relics":[],"items_purged_floors":[],"is_endless":false,"potions_floor_spawned":[1,11],"killed_by":"Gremlin Nob","ascension_level":723677239}}