{"host":"hs5g5f0q56ds4vmn","time":1612410215,"event":{"mods":["AchievementEnabler","BaseMod","Colored Map","DeckTracker","Highlight Path","Minty Spire (QoL Compilation)","SuperFastMode","everything is the same but u backflip on backflip"],"gold_per_floor":[109,109,109,27,43,43,76,76,76,76,99,139,170,214,214,344,344,359,274,274,298,36,36,36,36],"floor_reached":24,"language":"KOR","playtime":1238,"items_purged":[],"score":378,"play_id":"8e712b7b-38c3-48a1-942e-b811aa8398d4","local_time":"20210204124335","is_ascension_mode":true,"campfire_choices":[{"data":"Sunder","floor":6.0,"key":"SMITH"},{"data":"Conserve Battery","floor":8.0,"key":"SMITH"},{"data":"Dualcast","floor":10.0,"key":"SMITH"},{"data":"Conserve Battery","floor":15.0,"key":"SMITH"},{"data":"Buffer","floor":23,"key":"SMITH"}],"circlet_count":0,"master_deck":["AscendersBane","Defend_B","Defend_B","Defend_B","Defend_B","Zap","Dualcast+1","Ball Lightning","Echo Form","Sunder+1","Conserve Battery+1","Hologram","Conserve Battery+1","Defragment","Buffer+1","Bite","Bite","Bite","Bite","Bite","Beam Cell"],"relics":["FrozenCore","NeowsBlessing","Golden Idol","White Beast Statue","Meat on the Bone","Pear","Odd Mushroom","Singing Bowl","Symbiotic Virus","Matryoshka"],"acts_visited":["Exordium","TheCity"],"potions_floor_usage":[],"damage_taken":[{"damage":0.0,"enemies":"2 Louse","floor":1.0,"turns":1.0},{"damage":0.0,"enemies":"Cultist","floor":5.0,"turns":1.0},{"damage":0.0,"enemies":"Lagavulin","floor":7.0,"turns":1.0},{"damage":0.0,"enemies":"Small Slimes","floor":11.0,"turns":2.0},{"damage":18.0,"enemies":"Gremlin Nob","floor":12.0,"turns":3.0},{"damage":12.0,"enemies":"The Mushroom Lair","floor":13.0,"turns":3.0},{"damage":18.0,"enemies":"3 Sentries","floor":14.0,"turns":6.0},{"damage":35.0,"enemies":"Slime Boss","floor":16.0,"turns":8.0},{"damage":10.0,"enemies":"Chosen","floor":18.0,"turns":4.0},{"damage":13,"enemies":"3 Byrds","floor":21,"turns":5},{"damage":80,"enemies":"Slavers","floor":24,"turns":5}],"seed_played":"4163637027047196604","potions_obtained":[{"floor":7.0,"key":"Ancient Potion"},{"floor":11.0,"key":"Strength Potion"},{"floor":12.0,"key":"Dexterity Potion"},{"floor":13.0,"key":"EssenceOfSteel"},{"floor":18.0,"key":"FairyPotion"}],"is_trial":false,"path_per_floor":["M","?","?","$","M","R","E","R","T","R","M","E","?","E","R","B",null,"M","?","?","M","$","R","E"],"character_chosen":"DEFECT","items_purchased":["Sunder","Conserve Battery","Matryoshka"],"campfire_rested":0,"item_purchase_floors":[4,4,22],"current_hp_per_floor":[68,50,50,50,50,50,50,50,50,50,50,54,54,48,48,25,70,62,62,60,55,55,55,0,0],"gold":36,"neow_bonus":"THREE_ENEMY_KILL","is_daily":false,"chose_seed":false,"campfire_upgraded":5,"win_rate":0.0,"timestamp":1612410215,"path_taken":["M","?","?","$","?","R","E","R","T","R","M","E","?","E","R","BOSS","M","?","?","?","$","R","E"],"items_purchased_type":["Card","Card","Relic"],"build_version":"2020-12-22","purchased_purges":0,"victory":false,"max_hp_per_floor":[75,75,75,75,75,75,75,75,75,75,75,85,85,85,85,85,85,87,87,60,60,60,60,60,60],"card_choices":[{"not_picked":["Storm","Steam"],"picked":"Ball Lightning","floor":1.0},{"not_picked":["Ball Lightning","Consume","Leap"],"picked":"SKIP","floor":5.0},{"not_picked":["Redo","Consume","Chaos"],"picked":"SKIP","floor":7.0},{"not_picked":["Tempest","Beam Cell"],"picked":"Hologram","floor":11.0},{"not_picked":["Redo","Steam Power","Fusion"],"picked":"SKIP","floor":12.0},{"not_picked":["Rip and Tear","Aggregate"],"picked":"Conserve Battery","floor":13.0},{"not_picked":["Turbo","Stack"],"picked":"Defragment","floor":14.0},{"not_picked":["Creative AI","Multi-Cast"],"picked":"Buffer","floor":16.0},{"not_picked":["Steam","Streamline","Rebound"],"picked":"Singing Bowl","floor":18.0},{"not_picked":["Sweeping Beam","Heatsinks"],"picked":"Beam Cell","floor":21}],"player_experience":568287,"relics_obtained":[{"floor":7.0,"key":"White Beast Statue"},{"floor":9.0,"key":"Meat on the Bone"},{"floor":12.0,"key":"Pear"},{"floor":13.0,"key":"Odd Mushroom"},{"floor":14.0,"key":"Singing Bowl"}],"event_choices":[{"damage_healed":0.0,"max_hp_gain":0.0,"max_hp_loss":0.0,"gold_gain":0.0,"event_name":"Golden Idol","player_choice":"Take Damage","floor":2.0,"gold_loss":0.0,"damage_taken":18.0,"relics_obtained":["Golden Idol"]},{"damage_healed":0.0,"max_hp_gain":0.0,"max_hp_loss":0.0,"gold_gain":0.0,"event_name":"Match and Keep!","player_choice":"1 cards matched","floor":3.0,"gold_loss":0.0,"damage_taken":0.0,"cards_obtained":["Echo Form"]},{"damage_healed":0.0,"max_hp_gain":0.0,"max_hp_loss":0.0,"gold_gain":0.0,"event_name":"Mushrooms","player_choice":"Fought Mushrooms","floor":13.0,"gold_loss":0.0,"damage_taken":0.0},{"damage_healed":0.0,"max_hp_gain":0.0,"max_hp_loss":0.0,"gold_gain":0.0,"event_name":"Addict","player_choice":"Obtained Relic","floor":19.0,"gold_loss":85.0,"damage_taken":0.0,"relics_obtained":["Symbiotic Virus"]},{"damage_healed":0.0,"max_hp_gain":0.0,"max_hp_loss":27.0,"gold_gain":0.0,"event_name":"Vampires","player_choice":"Became a vampire","floor":20.0,"gold_loss":0.0,"damage_taken":0.0,"cards_obtained":["Bite","Bite","Bite","Bite","Bite"]}],"is_beta":false,"boss_relics":[{"not_picked":["Velvet Choker","Astrolabe"],"picked":"FrozenCore"}],"items_purged_floors":[],"is_endless":false,"potions_floor_spawned":[7,11,12,13,14,16,18,21],"killed_by":"Slavers","ascension_level":10}}