{"host":"kq5z4hx2798lxd5l","time":1612481692,"event":{"mods":["BaseMod","Better Note","BetterRewards","Colored Map","Colored Powertips","Downfall","Hermit","Hubris","Infinite Spire","Jorbs\u0027s Wanderer Trilogy","Marisa????????","Minty Spire (QoL Compilation)","Rare Cards Sparkle","Reliquary","Replay The Spire","StSLib","The Cursed","The Disciple","The Hierophant","The Necromancer","The Runesmith","The Servant 0.9.4"],"gold_per_floor":[109,109,126,54,54,54,121,140,140,168,188,188,221,233,233,233,233],"floor_reached":16,"language":"SPA","playtime":799,"items_purged":[],"score":104,"play_id":"5e191408-1691-4bf4-a481-fd2e91c28c94","local_time":"20210204233452","is_ascension_mode":false,"campfire_choices":[{"data":"hermit:DeadOrAlive","floor":6,"key":"SMITH"},{"data":"hermit:Glare","floor":12,"key":"SMITH"}],"circlet_count":0,"master_deck":["hermit:Strike_Hermit","hermit:Strike_Hermit","hermit:Strike_Hermit","hermit:Strike_Hermit","hermit:Defend_Hermit","hermit:Defend_Hermit","hermit:Defend_Hermit","hermit:Defend_Hermit","hermit:Snapshot","hermit:Glare+1","hermit:Deadeye+1","hermit:DeadOrAlive+1","hermit:Coalescence+1","hermit:Deadeye","hermit:Maintenance","hermit:LowProfile","hermit:Combo","hermit:Shortfuse","hermit:Ricochet"],"relics":["hermit:Momento","hubris:CrystalStatue","Happy Flower","infinitespire:BottledMercury"],"acts_visited":["Exordium"],"potions_floor_usage":[16,16],"damage_taken":[{"damage":0,"enemies":"Small Slimes","floor":1,"turns":4},{"damage":6,"enemies":"Jaw Worm","floor":3,"turns":4},{"damage":45,"enemies":"Gremlin Nob","floor":7,"turns":5},{"damage":0,"enemies":"Cultist","floor":8,"turns":3},{"damage":2,"enemies":"3 Louse","floor":10,"turns":3},{"damage":0,"enemies":"Large Slime","floor":11,"turns":8},{"damage":19,"enemies":"Exordium Wildlife","floor":13,"turns":5},{"damage":9,"enemies":"Red Slaver","floor":14,"turns":2},{"damage":25,"enemies":"The Guardian","floor":16,"turns":7}],"seed_played":"4475521446269557803","potions_obtained":[{"floor":1,"key":"Energy Potion"},{"floor":11,"key":"Dexterity Potion"},{"floor":14,"key":"Strength Potion"}],"is_trial":false,"path_per_floor":["M","?","M","$","?","R","E","M","T","M","M","R","M","M","R_BF","B"],"character_chosen":"HERMIT","items_purchased":["hermit:DeadOrAlive"],"campfire_rested":0,"item_purchase_floors":[4],"current_hp_per_floor":[82,82,76,76,76,76,31,31,31,29,29,29,10,1,25,0,0],"gold":233,"neow_bonus":"TEN_PERCENT_HP_BONUS","is_daily":false,"chose_seed":false,"campfire_upgraded":2,"win_rate":0.0,"timestamp":1612481692,"path_taken":["M","?","M","$","?","R","E","M","T","M","M","R","M","M","R_BF","BOSS"],"items_purchased_type":["Card"],"build_version":"2020-12-22","purchased_purges":0,"victory":false,"max_hp_per_floor":[82,82,82,82,82,82,82,82,82,82,82,82,82,82,82,82,82],"card_choices":[{"not_picked":["hermit:Snipe","hermit:LuckOfTheDraw"],"picked":"hermit:Glare","floor":1},{"not_picked":["hermit:Snipe","hermit:TrackingShot"],"picked":"hermit:Deadeye","floor":3},{"not_picked":["hermit:Coalescence","hermit:WideOpen"],"picked":"hermit:Deadeye","floor":7},{"not_picked":["hermit:Showdown","hermit:Ricochet"],"picked":"hermit:Maintenance","floor":8},{"not_picked":["hermit:Enervate","hermit:Ricochet"],"picked":"hermit:LowProfile","floor":10},{"not_picked":["hermit:Snipe","hermit:LoneWolf"],"picked":"hermit:Combo","floor":11},{"not_picked":["hermit:SprayPray","hermit:ItchyTrigger"],"picked":"hermit:Shortfuse","floor":13},{"not_picked":["hermit:Glare","hermit:FinalCanter"],"picked":"hermit:Ricochet","floor":14}],"player_experience":494114,"relics_obtained":[{"floor":2,"key":"hubris:CrystalStatue"},{"floor":7,"key":"Happy Flower"},{"floor":9,"key":"infinitespire:BottledMercury"}],"event_choices":[],"is_beta":false,"boss_relics":[],"items_purged_floors":[],"is_endless":false,"potions_floor_spawned":[1,11,14],"killed_by":"The Guardian","ascension_level":0}}