{"host":"j49z5jz0n7e8vjox","time":1612471627,"event":{"mods":["AchievementEnabler","BaseMod","Bestiary","Colored Map","Colored Powertips","DeckTracker","Minty Spire (QoL Compilation)","Permanent Neow","UnlockEverythingMod"],"gold_per_floor":[110,5,21,21,41,41,58,58,109,142,142,7,7,42,42,140,140,164,439,464,464,26,26,40,59,59,75,75,75],"floor_reached":28,"language":"ENG","playtime":4468,"items_purged":["Regret"],"score":506,"play_id":"aae5cc13-47b4-44ed-9381-b717ef9f04e2","local_time":"20210204144707","is_ascension_mode":true,"campfire_choices":[{"data":"Eruption","floor":6,"key":"SMITH"},{"data":"Conclude","floor":8,"key":"SMITH"},{"floor":15,"key":"REST"},{"floor":23,"key":"REST"}],"circlet_count":0,"master_deck":["AscendersBane","Strike_P","Strike_P","Strike_P","Strike_P","Defend_P+1","Defend_P","Defend_P+1","Defend_P","Eruption+1","Vigilance","SpiritShield","Protect","CutThroughFate","Adaptation+1","Conclude+1","ThirdEye","ThirdEye","Blasphemy","EmptyFist","Vault","ClearTheMind","Halt","Tantrum","FlurryOfBlows","CutThroughFate"],"relics":["PureWater","War Paint","Blood Vial","Golden Idol","Art of War","Snecko Eye","MutagenicStrength","Question Card","Singing Bowl"],"acts_visited":["Exordium","TheCity"],"potions_floor_usage":[14,16,16,18,27],"damage_taken":[{"damage":8,"enemies":"Cultist","floor":1,"turns":4},{"damage":8,"enemies":"Small Slimes","floor":3,"turns":3},{"damage":4,"enemies":"2 Louse","floor":5,"turns":3},{"damage":0,"enemies":"Looter","floor":7,"turns":1},{"damage":26,"enemies":"Gremlin Nob","floor":10,"turns":3},{"damage":0,"enemies":"Lagavulin","floor":14,"turns":5},{"damage":35,"enemies":"Slime Boss","floor":16,"turns":10},{"damage":11,"enemies":"Chosen","floor":18,"turns":4},{"damage":19,"enemies":"Shell Parasite","floor":20,"turns":5},{"damage":0,"enemies":"Shelled Parasite and Fungi","floor":24,"turns":1},{"damage":0,"enemies":"3 Cultists","floor":25,"turns":1},{"damage":40,"enemies":"Snecko","floor":27,"turns":5},{"damage":9,"enemies":"Book of Stabbing","floor":28,"turns":4}],"seed_played":"-6683200249259781089","potions_obtained":[{"floor":5,"key":"LiquidBronze"},{"floor":7,"key":"Fire Potion"},{"floor":14,"key":"LiquidMemories"},{"floor":16,"key":"SteroidPotion"},{"floor":25,"key":"FearPotion"}],"is_trial":false,"path_per_floor":["M","$","M","$","M","R","M","R","T","E","?","$","?","E","R","B",null,"M","?","M","?","$","R","M","M","T","M","E"],"character_chosen":"WATCHER","items_purchased":["CutThroughFate","Adaptation","Blasphemy","SteroidPotion","Tantrum","Question Card"],"campfire_rested":2,"item_purchase_floors":[2,2,12,12,22,22],"current_hp_per_floor":[53,53,45,45,41,41,41,41,41,15,15,15,15,17,35,2,47,38,38,21,21,21,39,41,43,43,7,0,0],"gold":75,"neow_bonus":"ONE_RANDOM_RARE_CARD","is_daily":false,"chose_seed":false,"campfire_upgraded":2,"win_rate":0.0,"timestamp":1612471627,"path_taken":["M","$","M","?","M","R","M","R","T","E","?","$","?","E","R","BOSS","M","?","?","?","$","R","M","M","T","M","E"],"items_purchased_type":["Card","Card","Card","Potion","Card","Relic"],"build_version":"2020-12-22","purchased_purges":1,"victory":false,"max_hp_per_floor":[68,68,68,68,68,68,68,68,68,68,68,68,62,62,62,62,62,62,62,62,62,62,62,62,62,62,64,64,64],"card_choices":[{"not_picked":["Crescendo","ThirdEye"],"picked":"Protect","floor":1},{"not_picked":["SashWhip","Devotion"],"picked":"Conclude","floor":3},{"not_picked":["WreathOfFlame","Prostrate"],"picked":"ThirdEye","floor":5},{"not_picked":["Conclude","Perseverance"],"picked":"ThirdEye","floor":7},{"not_picked":["Collect","WreathOfFlame","Evaluate"],"picked":"SKIP","floor":10},{"not_picked":["ThirdEye","SignatureMove"],"picked":"EmptyFist","floor":14},{"not_picked":["DeusExMachina","Alpha"],"picked":"Vault","floor":16},{"not_picked":["Consecrate","SashWhip+1"],"picked":"ClearTheMind","floor":18},{"not_picked":["Worship","Crescendo"],"picked":"Halt","floor":20},{"not_picked":["Halt","WreathOfFlame","ThirdEye+1"],"picked":"FlurryOfBlows","floor":24},{"not_picked":["FlyingSleeves","Halt","Perseverance"],"picked":"CutThroughFate","floor":25},{"not_picked":["Sanctity+1","ClearTheMind","EmptyFist","Protect"],"picked":"Singing Bowl","floor":27}],"player_experience":811514,"relics_obtained":[{"floor":9,"key":"War Paint"},{"floor":10,"key":"Blood Vial"},{"floor":14,"key":"Art of War"},{"floor":26,"key":"Singing Bowl"}],"event_choices":[{"damage_healed":0,"gold_gain":0,"player_choice":"Grow","damage_taken":0,"max_hp_gain":0,"max_hp_loss":0,"event_name":"Living Wall","floor":11,"gold_loss":0,"cards_upgraded":["Adaptation"]},{"damage_healed":0,"gold_gain":0,"player_choice":"Lose Max HP","damage_taken":0,"relics_obtained":["Golden Idol"],"max_hp_gain":0,"max_hp_loss":6,"event_name":"Golden Idol","floor":13,"gold_loss":0},{"damage_healed":0,"gold_gain":275,"player_choice":"Desecrate","damage_taken":0,"max_hp_gain":0,"max_hp_loss":0,"event_name":"Golden Shrine","floor":19,"gold_loss":0,"cards_obtained":["Regret"]},{"damage_healed":0,"gold_gain":0,"player_choice":"Inject Mutagens","damage_taken":0,"relics_obtained":["MutagenicStrength"],"max_hp_gain":0,"max_hp_loss":0,"event_name":"Drug Dealer","floor":21,"gold_loss":0}],"is_beta":false,"boss_relics":[{"not_picked":["HolyWater","Runic Pyramid"],"picked":"Snecko Eye"}],"items_purged_floors":[22],"is_endless":false,"potions_floor_spawned":[5,7,14,16,25],"killed_by":"Book of Stabbing","ascension_level":20}}