{"host":"1a9bbjeis3rg03b1","time":1612478731,"event":{"mods":["BaseMod","Downfall","Googly Eyes","Mimic Mod","Minty Spire (QoL Compilation)","Morshu Shopkeeper","Reliquary","Robot Space Explorer","StSLib","The Jungle","The Poker Player","Wide Potions","everything is the same but u backflip on backflip"],"gold_per_floor":[111,37,112,112,129,129,158,177,204,204,234,234,234,247,247,342,342,362,22,22,33,33,33,50,83,153,153,170,186,201,236,236,337,337,351,351,401,676,692,722,8,8,35,60,78,404,22,22,22,22,22,22],"floor_reached":50,"language":"ENG","playtime":4631,"items_purged":["Regret"],"score":785,"play_id":"a92c270e-0043-40d1-8890-1d46dc6635af","local_time":"20210204154531","is_ascension_mode":true,"metric_token":850,"campfire_choices":[{"data":"PokerPlayerMod:TrumpStrike","floor":6,"key":"SMITH"},{"data":"PokerPlayerMod:Sharpen","floor":10,"key":"SMITH"},{"data":"PokerPlayerMod:Mulligan","floor":12,"key":"SMITH"},{"data":"PokerPlayerMod:WasteCollection","floor":15,"key":"SMITH"},{"floor":23,"key":"RECALL"},{"data":"PokerPlayerMod:Configure","floor":27,"key":"SMITH"},{"data":"PokerPlayerMod:WildCard","floor":32,"key":"SMITH"},{"floor":49,"key":"REST"}],"circlet_count":0,"master_deck":["PokerPlayerMod:Diamond1","PokerPlayerMod:Diamond2","PokerPlayerMod:Diamond3","PokerPlayerMod:Diamond4","PokerPlayerMod:Diamond5","PokerPlayerMod:Spade1","PokerPlayerMod:Spade2","PokerPlayerMod:Spade3","PokerPlayerMod:Spade4","PokerPlayerMod:Club1","PokerPlayerMod:Club2","PokerPlayerMod:Heart2","PokerPlayerMod:TrumpStrike+1","PokerPlayerMod:BadJoker","PokerPlayerMod:Mulligan+1","PokerPlayerMod:Diamond2","PokerPlayerMod:Spade3","PokerPlayerMod:CloakAndDiamond","PokerPlayerMod:Sharpen+1","PokerPlayerMod:Diamond4","PokerPlayerMod:CloakAndDiamond","PokerPlayerMod:WasteCollection+1","PokerPlayerMod:Club1","PokerPlayerMod:WasteCollection","PokerPlayerMod:Club3","Secret Technique","PokerPlayerMod:Diamond3","PokerPlayerMod:Diamond2","PokerPlayerMod:Configure+1","PokerPlayerMod:Overdeal","PokerPlayerMod:Club3","PokerPlayerMod:Spade3","PokerPlayerMod:Diamond4","PokerPlayerMod:Diamond2","PokerPlayerMod:WildCard+1","PokerPlayerMod:WasteCollection","PokerPlayerMod:Club2","Violence","Jack Of All Trades","PokerPlayerMod:FlyingCard"],"relics":["PokerPlayerMod:DeckCase","NeowsBlessing","Anchor","reliquary:OuijaBoard","reliquary:RedCape","reliquary:Sideboard","Bronze Scales","reliquary:PurpleTingedLeaf","Singing Bowl","Busted Crown","StoneCalendar","Toy Ornithopter","reliquary:PorcupineQuills","Mercury Hourglass","Omamori","reliquary:SharkskinSheath","Old Coin","Gambling Chip"],"acts_visited":["Exordium","Exordium","TheBeyond"],"potions_floor_usage":[11,21,25,28,31,40,44,44],"damage_taken":[{"damage":0,"enemies":"Jaw Worm","floor":1,"turns":1},{"damage":0,"enemies":"2 Louse","floor":5,"turns":1},{"damage":0,"enemies":"Lagavulin","floor":7,"turns":1},{"damage":0,"enemies":"Cultist","floor":8,"turns":3},{"damage":0,"enemies":"Gremlin Nob","floor":11,"turns":2},{"damage":0,"enemies":"Blue Slaver","floor":14,"turns":2},{"damage":0,"enemies":"Slime Boss","floor":16,"turns":4},{"damage":0,"enemies":"theJungle:MUSHROOMGANG","floor":18,"turns":3},{"damage":1,"enemies":"theJungle:5_Spyders","floor":21,"turns":7},{"damage":0,"enemies":"theJungle:Lyon","floor":24,"turns":3},{"damage":14,"enemies":"theJungle:2_Phrogs","floor":25,"turns":5},{"damage":0,"enemies":"Snake Plant","floor":28,"turns":2},{"damage":0,"enemies":"theJungle:Snecko_Cultist_And_Trap","floor":29,"turns":2},{"damage":1,"enemies":"theJungle:JungleHuntersEncounter","floor":30,"turns":2},{"damage":5,"enemies":"theJungle:Cassacara","floor":31,"turns":4},{"damage":37,"enemies":"theJungle:TotemBoss","floor":33,"turns":5},{"damage":0,"enemies":"Orb Walker","floor":35,"turns":2},{"damage":0,"enemies":"Mind Bloom Boss Battle","floor":37,"turns":4},{"damage":14,"enemies":"3 Darklings","floor":39,"turns":3},{"damage":20,"enemies":"Nemesis","floor":40,"turns":7},{"damage":24,"enemies":"Giant Head","floor":44,"turns":7},{"damage":2,"enemies":"Writhing Mass","floor":45,"turns":4},{"damage":23,"enemies":"Reptomancer","floor":46,"turns":3},{"damage":53,"enemies":"Awakened One","floor":50,"turns":8}],"seed_played":"-6231181912394905583","potions_obtained":[{"floor":7,"key":"Fire Potion"},{"floor":14,"key":"DuplicationPotion"},{"floor":21,"key":"bronze:BurnAndBuffPotion"},{"floor":25,"key":"champ:CounterPotion"},{"floor":28,"key":"Slimebound:ThreeZeroPotion"},{"floor":29,"key":"ColorlessPotion"},{"floor":30,"key":"ColorlessPotion"},{"floor":35,"key":"Strength Potion"},{"floor":40,"key":"Guardian:BlockOnCardUsePotion"}],"is_trial":false,"path_per_floor":["M","$","?","?","M","R","E","M","T","R","E","R","?","M","R","B",null,"M","$","?","M","?","R","M","E","T","R","M","M","M","E","R","B",null,"M","?","?","?","M","E","$","?","T","E","M","E","$","?","R","B"],"character_chosen":"THE_POKER_PLAYER","items_purchased":["PokerPlayerMod:Spade3","PokerPlayerMod:ClubStrike","Secret Technique","PokerPlayerMod:Diamond3","PokerPlayerMod:Diamond2","PokerPlayerMod:Configure","PokerPlayerMod:Overdeal","reliquary:PorcupineQuills","Violence","Mercury Hourglass","PowerPotion","Gambling Chip","PokerPlayerMod:FlyingCard"],"campfire_rested":1,"item_purchase_floors":[2,2,19,19,19,19,19,41,41,41,41,47,47],"current_hp_per_floor":[52,52,41,52,52,52,52,52,52,52,52,52,52,52,52,52,52,52,52,52,51,51,51,52,43,43,43,52,52,51,47,47,27,52,54,54,56,56,56,37,37,31,31,32,44,31,31,31,50,0,0,0],"gold":22,"neow_bonus":"THREE_ENEMY_KILL","is_daily":false,"chose_seed":false,"campfire_upgraded":6,"win_rate":0.0,"timestamp":1612478731,"path_taken":["M","$","?","?","?","R","E","M","T","R","E","R","?","?","R","BOSS","M","$","?","M","?","R","?","E","T","R","M","M","M","E","R","BOSS","M","?","?","?","?","E","$","?","T","E","M","E","$","?","R","BOSS"],"items_purchased_type":["Card","Card","Card","Card","Card","Card","Card","Relic","Card","Relic","Potion","Relic","Card"],"build_version":"2020-12-22","purchased_purges":1,"victory":false,"max_hp_per_floor":[52,52,52,52,52,52,52,52,52,52,52,52,52,52,52,52,52,52,52,52,52,52,52,52,52,52,52,52,52,52,52,52,52,52,54,54,56,56,56,56,56,60,60,62,62,64,64,64,64,64,64,64],"card_choices":[{"not_picked":["PokerPlayerMod:ClubsClub","PokerPlayerMod:Fold"],"picked":"PokerPlayerMod:Diamond2","floor":1},{"not_picked":["PokerPlayerMod:DamnStraight","PokerPlayerMod:ClubsClub"],"picked":"PokerPlayerMod:CloakAndDiamond","floor":5},{"not_picked":["PokerPlayerMod:Fold","PokerPlayerMod:FlyingCard"],"picked":"PokerPlayerMod:Sharpen","floor":7},{"not_picked":["PokerPlayerMod:Diamond3","PokerPlayerMod:Trickery"],"picked":"PokerPlayerMod:Diamond4","floor":8},{"not_picked":["PokerPlayerMod:Configure","PokerPlayerMod:ChangeRules"],"picked":"PokerPlayerMod:CloakAndDiamond","floor":11},{"not_picked":["PokerPlayerMod:ClubsClub","PokerPlayerMod:Spade2"],"picked":"PokerPlayerMod:Club1","floor":14},{"not_picked":["PokerPlayerMod:Diamond7","PokerPlayerMod:Heart9"],"picked":"PokerPlayerMod:WasteCollection","floor":16},{"not_picked":["PokerPlayerMod:Spade7","PokerPlayerMod:Diamond1"],"picked":"PokerPlayerMod:Club3","floor":18},{"not_picked":["PokerPlayerMod:CardBurn","PokerPlayerMod:Spade2"],"picked":"PokerPlayerMod:Club3","floor":21},{"not_picked":["PokerPlayerMod:Heart2","PokerPlayerMod:CardBurn+1"],"picked":"PokerPlayerMod:Spade3","floor":24},{"not_picked":["PokerPlayerMod:DartThrow","PokerPlayerMod:ClubDance"],"picked":"PokerPlayerMod:Diamond2","floor":25},{"not_picked":["PokerPlayerMod:CloakAndDiamond","PokerPlayerMod:Harden+1"],"picked":"PokerPlayerMod:WildCard","floor":28},{"not_picked":["PokerPlayerMod:ClubShade","PokerPlayerMod:Spade2"],"picked":"PokerPlayerMod:Fold+1","floor":29},{"not_picked":["PokerPlayerMod:CardBurn","PokerPlayerMod:Spade3"],"picked":"PokerPlayerMod:Spade1","floor":30},{"not_picked":["PokerPlayerMod:Heart5","PokerPlayerMod:Spade1"],"picked":"PokerPlayerMod:Diamond4","floor":31},{"not_picked":["PokerPlayerMod:Spade8","PokerPlayerMod:RoyalStrike"],"picked":"PokerPlayerMod:WasteCollection","floor":33},{"not_picked":["PokerPlayerMod:FlyingCard+1"],"picked":"Singing Bowl","floor":35},{"not_picked":["PokerPlayerMod:Trickery"],"picked":"Singing Bowl","floor":37},{"not_picked":[],"picked":"PokerPlayerMod:SecondChance+1","floor":39},{"not_picked":[],"picked":"PokerPlayerMod:Club2","floor":40},{"not_picked":["Madness"],"picked":"Singing Bowl","floor":42},{"not_picked":[],"picked":"Jack Of All Trades","floor":42},{"not_picked":["Transmutation"],"picked":"Singing Bowl","floor":42},{"not_picked":["PokerPlayerMod:Diamond7"],"picked":"Singing Bowl","floor":44},{"not_picked":[],"picked":"PokerPlayerMod:FillThePot","floor":45},{"not_picked":["PokerPlayerMod:Diamond7"],"picked":"Singing Bowl","floor":46}],"player_experience":689670,"relics_obtained":[{"floor":7,"key":"Anchor"},{"floor":11,"key":"reliquary:OuijaBoard"},{"floor":25,"key":"Bronze Scales"},{"floor":26,"key":"reliquary:PurpleTingedLeaf"},{"floor":31,"key":"Singing Bowl"},{"floor":37,"key":"StoneCalendar"},{"floor":40,"key":"Toy Ornithopter"},{"floor":43,"key":"Omamori"},{"floor":44,"key":"reliquary:SharkskinSheath"},{"floor":46,"key":"Old Coin"}],"event_choices":[{"damage_healed":0,"gold_gain":75,"player_choice":"Gather Gold","damage_taken":11,"max_hp_gain":0,"max_hp_loss":0,"event_name":"World of Goop","floor":3,"gold_loss":0},{"cards_removed":["PokerPlayerMod:ClubStrike"],"damage_healed":11,"gold_gain":0,"player_choice":"Offered Uncommon","damage_taken":0,"max_hp_gain":0,"max_hp_loss":0,"event_name":"Bonfire Elementals","floor":4,"gold_loss":0},{"damage_healed":0,"gold_gain":0,"player_choice":"1 cards matched","damage_taken":0,"max_hp_gain":0,"max_hp_loss":0,"event_name":"Match and Keep!","floor":13,"gold_loss":0,"cards_obtained":["PokerPlayerMod:WasteCollection"]},{"damage_healed":0,"gold_gain":0,"player_choice":"Gave Potion","damage_taken":0,"relics_obtained":["reliquary:Sideboard"],"max_hp_gain":0,"max_hp_loss":0,"event_name":"WeMeetAgain","floor":22,"gold_loss":0},{"damage_healed":0,"gold_gain":0,"player_choice":"Ignored","damage_taken":0,"max_hp_gain":0,"max_hp_loss":0,"event_name":"Tomb of Lord Red Mask","floor":36,"gold_loss":0},{"damage_healed":0,"gold_gain":0,"player_choice":"Fight","damage_taken":0,"max_hp_gain":0,"max_hp_loss":0,"event_name":"MindBloom","floor":37,"gold_loss":0},{"damage_healed":0,"gold_gain":275,"player_choice":"Desecrate","damage_taken":0,"max_hp_gain":0,"max_hp_loss":0,"event_name":"Golden Shrine","floor":38,"gold_loss":0,"cards_obtained":["Regret"]},{"damage_healed":0,"gold_gain":0,"player_choice":"Memory 3","damage_taken":10,"max_hp_gain":0,"max_hp_loss":0,"event_name":"SensoryStone","floor":42,"gold_loss":0},{"cards_removed":["PokerPlayerMod:SecondChance"],"damage_healed":0,"gold_gain":0,"player_choice":"Removed Attack","damage_taken":0,"max_hp_gain":0,"max_hp_loss":0,"event_name":"Falling","floor":48,"gold_loss":0}],"is_beta":false,"boss_relics":[{"not_picked":["Philosopher\u0027s Stone","Velvet Choker"],"picked":"reliquary:RedCape"},{"not_picked":["Astrolabe","Coffee Dripper"],"picked":"Busted Crown"}],"items_purged_floors":[41],"is_endless":false,"potions_floor_spawned":[7,14,21,25,28,29,30,35,39,40],"killed_by":"Awakened One","ascension_level":1}}