{"host":"utqe55yv0jihe4d6","time":1612402078,"event":{"mods":["2.2 Compatiblity","AchievementEnabler","BaseMod","Block Reminder","Colored Map","Colored Powertips","Minty Spire (QoL Compilation)","Quick Restart","Rare Cards Sparkle","Relic Stats","SuperFastMode"],"gold_per_floor":[113,113,33,33,51,83,8,8,54,54,84,100,126,126,126,202,202,216,227,117,42,54,54,88,88,88,88,99,99,99],"floor_reached":29,"language":"ENG","playtime":1153,"items_purged":[],"score":568,"play_id":"5f6f4ec7-69e2-4cb7-b76b-879eae5f1c6a","local_time":"20210203202758","is_ascension_mode":true,"campfire_choices":[{"data":"Envenom","floor":8.0,"key":"SMITH"},{"data":"Infinite Blades","floor":10.0,"key":"SMITH"},{"data":"Catalyst","floor":15.0,"key":"SMITH"},{"floor":23,"key":"REST"},{"floor":25,"key":"REST"},{"data":"Wraith Form v2","floor":27,"key":"SMITH"}],"circlet_count":0,"master_deck":["AscendersBane","Strike_G+1","Strike_G","Strike_G","Strike_G","Defend_G","Defend_G","Defend_G","Defend_G","Defend_G","Survivor","Neutralize+1","Infinite Blades+1","Envenom+1","Deadly Poison+1","Quick Slash","Tools of the Trade","Crippling Poison","Catalyst+1","Catalyst","Wraith Form v2+1","PiercingWail","Well Laid Plans","Leg Sweep","Bouncing Flask","Predator"],"relics":["Ring of the Snake","NeowsBlessing","Boot","Orichalcum","Happy Flower","Darkstone Periapt","HoveringKite","Potion Belt","MealTicket"],"acts_visited":["Exordium","TheCity"],"potions_floor_usage":[24,24],"damage_taken":[{"damage":0.0,"enemies":"Jaw Worm","floor":1.0,"turns":1.0},{"damage":0.0,"enemies":"2 Louse","floor":5.0,"turns":1.0},{"damage":0.0,"enemies":"3 Sentries","floor":6.0,"turns":2.0},{"damage":12.0,"enemies":"Gremlin Nob","floor":11.0,"turns":4.0},{"damage":0.0,"enemies":"Cultist","floor":12.0,"turns":4.0},{"damage":19.0,"enemies":"3 Sentries","floor":13.0,"turns":7.0},{"damage":18.0,"enemies":"Slime Boss","floor":16.0,"turns":7.0},{"damage":7,"enemies":"2 Thieves","floor":18,"turns":5},{"damage":13,"enemies":"Shell Parasite","floor":19,"turns":5},{"damage":24,"enemies":"Snake Plant","floor":22,"turns":4},{"damage":25,"enemies":"Slavers","floor":24,"turns":9},{"damage":16,"enemies":"Chosen and Byrds","floor":28,"turns":5},{"damage":11,"enemies":"3 Cultists","floor":29,"turns":3}],"seed_played":"7554306536463887977","potions_obtained":[{"floor":1.0,"key":"SneckoOil"},{"floor":12.0,"key":"Dexterity Potion"},{"floor":16.0,"key":"BlessingOfTheForge"},{"floor":22,"key":"Block Potion"}],"is_trial":false,"path_per_floor":["M","?","$","?","M","E","$","R","T","R","E","M","E","?","R","B",null,"M","M","?","$","M","R","E","R","T","R","M","M"],"character_chosen":"THE_SILENT","items_purchased":["Envenom","Tools of the Trade","Well Laid Plans"],"campfire_rested":2,"item_purchase_floors":[3,7,21],"current_hp_per_floor":[59,39,39,32,32,32,32,32,32,32,20,20,1,23,23,5,55,48,35,35,35,11,31,6,26,26,26,10,0,0],"gold":99,"neow_bonus":"THREE_ENEMY_KILL","is_daily":false,"chose_seed":false,"campfire_upgraded":4,"win_rate":0.0,"timestamp":1612402078,"path_taken":["M","?","$","?","M","E","$","R","T","R","E","?","E","?","R","BOSS","M","M","?","$","M","R","E","R","T","R","M","?"],"items_purchased_type":["Card","Card","Card"],"build_version":"2020-12-22","purchased_purges":0,"victory":false,"max_hp_per_floor":[66,66,66,66,66,66,66,66,66,66,66,66,66,72,72,72,72,72,72,69,69,69,69,69,69,69,69,69,69,69],"relic_stats":{"Darkstone Periapt":6,"Happy Flower":[16],"counters":[13,57],"HoveringKite":[16],"MealTicket":0,"Orichalcum":[198],"Boot":[66],"obtain_stats":[{"Darkstone Periapt":13,"Potion Belt":24,"NeowsBlessing":0,"Happy Flower":11,"HoveringKite":17,"MealTicket":26,"Orichalcum":9,"Boot":6,"Ring of the Snake":0},{"Darkstone Periapt":6,"Potion Belt":11,"NeowsBlessing":0,"Happy Flower":4,"HoveringKite":7,"MealTicket":11,"Orichalcum":3,"Boot":3,"Ring of the Snake":0},{"Darkstone Periapt":19,"Potion Belt":49,"NeowsBlessing":0,"Happy Flower":8,"HoveringKite":26,"MealTicket":49,"Orichalcum":4,"Boot":4,"Ring of the Snake":0}],"Ring of the Snake":[26]},"card_choices":[{"not_picked":["Reflex","Blur"],"picked":"Infinite Blades","floor":1.0},{"not_picked":["Backflip","Expertise"],"picked":"Deadly Poison","floor":5.0},{"not_picked":["Flying Knee","Sucker Punch"],"picked":"Quick Slash","floor":6.0},{"not_picked":["Slice","Outmaneuver"],"picked":"Crippling Poison","floor":11.0},{"not_picked":["Dash","Skewer"],"picked":"Catalyst","floor":12.0},{"not_picked":["Phantasmal Killer","Terror"],"picked":"Catalyst","floor":13.0},{"not_picked":["Burst","Storm of Steel"],"picked":"Wraith Form v2","floor":16.0},{"not_picked":["Poisoned Stab","Dagger Spray"],"picked":"PiercingWail","floor":18},{"not_picked":["Sucker Punch","Bane+1","Dagger Throw"],"picked":"SKIP","floor":19},{"not_picked":["Bane","Deflect"],"picked":"Leg Sweep","floor":22},{"not_picked":["Flying Knee","Deflect"],"picked":"Bouncing Flask","floor":24},{"not_picked":["Sucker Punch","Expertise+1"],"picked":"Predator","floor":28}],"player_experience":3006719,"relics_obtained":[{"floor":6.0,"key":"Boot"},{"floor":9.0,"key":"Orichalcum"},{"floor":11.0,"key":"Happy Flower"},{"floor":13.0,"key":"Darkstone Periapt"},{"floor":24,"key":"Potion Belt"},{"floor":26,"key":"MealTicket"}],"event_choices":[{"damage_healed":0.0,"max_hp_gain":0.0,"max_hp_loss":0.0,"gold_gain":0.0,"event_name":"Shining Light","player_choice":"Entered Light","floor":2.0,"gold_loss":0.0,"damage_taken":20.0,"cards_upgraded":["Strike_G","Neutralize"]},{"cards_removed":["Strike_G"],"damage_healed":0.0,"max_hp_gain":0.0,"max_hp_loss":0.0,"gold_gain":0.0,"event_name":"Golden Wing","player_choice":"Card Removal","floor":4.0,"gold_loss":0.0,"damage_taken":7.0},{"damage_healed":16.0,"max_hp_gain":0.0,"max_hp_loss":0.0,"gold_gain":0.0,"event_name":"Mushrooms","player_choice":"Healed and dodged fight","floor":14.0,"gold_loss":0.0,"damage_taken":0.0,"cards_obtained":["Parasite"]},{"cards_removed":["Parasite"],"damage_healed":0,"gold_gain":0,"player_choice":"Upgrade and Remove","damage_taken":0,"max_hp_gain":0,"max_hp_loss":0,"event_name":"Designer","floor":20,"gold_loss":110,"cards_upgraded":["Deadly Poison"]}],"is_beta":false,"boss_relics":[{"not_picked":["Empty Cage","Ring of the Serpent"],"picked":"HoveringKite"}],"items_purged_floors":[],"is_endless":false,"potions_floor_spawned":[1,12,16,22],"killed_by":"3 Cultists","ascension_level":20}}