{"host":"zs3tguvuxkh90jf4","time":1612412362,"event":{"mods":["AchievementEnabler","BaseMod","Better-Laid Plans","BetterRewards","Block Reminder","Colored Map","Colored Powertips","Gold Saver","Minty Spire (QoL Compilation)","Shop Mod","StSLib","Transform Curses"],"gold_per_floor":[2448,2448,1242,1262,1274,1304,1304,1331,1331,1346,1346,1042,1074,1249,1249,1349,1349,1363,1453,864,874,789,824,824,856,882,897,929,943,472,499,499,594,594,611,611,629,40,52,87,137,169,169,204,257,272,303,313,313,313],"floor_reached":51,"language":"ENG","playtime":3164,"items_purged":["Strike_B","Defend_B","Strike_B","Defend_B","Strike_B"],"score":2048,"play_id":"9ccc5f18-681d-42a7-9509-1cd268913ca0","local_time":"20210203201922","is_ascension_mode":true,"campfire_choices":[{"data":"Dualcast","floor":7,"key":"SMITH"},{"data":"White Noise","floor":11,"key":"SMITH"},{"data":"Loop","floor":15,"key":"SMITH"},{"data":"Aggregate","floor":32,"key":"SMITH"},{"data":"Seek","floor":49,"key":"SMITH"}],"circlet_count":0,"master_deck":["AscendersBane","Strike_B","Defend_B","Defend_B","Zap","Dualcast+1","Self Repair","Redo","Cold Snap","Ball Lightning","Tempest","White Noise+1","Sunder","Melter","Coolheaded","Capacitor","Fusion","Beam Cell","BootSequence+1","Stack","Redo","Ball Lightning","Loop+1","Conserve Battery","Electrodynamics","Self Repair","Deep Breath","Storm","Chaos+1","Echo Form","Aggregate+1","Defragment","Thunder Strike","Seek+1","Madness","Madness","Compile Driver+1","Cold Snap+1","Turbo+1","Multi-Cast","Blizzard"],"relics":["Cracked Core","Calipers","Omamori","PreservedInsect","Ice Cream","Shovel","Orrery","MerchantsRug","Meat on the Bone","Orichalcum","Anchor","Pen Nib","SlaversCollar","Unceasing Top","DataDisk","Thread and Needle","Smiling Mask","White Beast Statue","HandDrill","Ginger","Bag of Marbles","Nuclear Battery","Bottled Lightning","Dead Branch","Potion Belt","Prayer Wheel","War Paint","Kunai","InkBottle","Lizard Tail","Torii"],"acts_visited":["Exordium","TheCity","TheBeyond"],"potions_floor_usage":[16,16,21,23,25,29,31,31,31,33,37,42,47,50,50,50,50],"damage_taken":[{"damage":6,"enemies":"Jaw Worm","floor":1,"turns":4},{"damage":10,"enemies":"Small Slimes","floor":4,"turns":4},{"damage":6,"enemies":"Cultist","floor":5,"turns":3},{"damage":11,"enemies":"Gremlin Nob","floor":6,"turns":3},{"damage":14,"enemies":"Lagavulin","floor":8,"turns":5},{"damage":8,"enemies":"Large Slime","floor":10,"turns":4},{"damage":0,"enemies":"Gremlin Nob","floor":13,"turns":2},{"damage":17,"enemies":"The Guardian","floor":16,"turns":9},{"damage":21,"enemies":"Shell Parasite","floor":18,"turns":5},{"damage":18,"enemies":"2 Thieves","floor":21,"turns":4},{"damage":11,"enemies":"Book of Stabbing","floor":23,"turns":4},{"damage":0,"enemies":"Slavers","floor":25,"turns":3},{"damage":0,"enemies":"Shelled Parasite and Fungi","floor":27,"turns":4},{"damage":12,"enemies":"Book of Stabbing","floor":28,"turns":5},{"damage":4,"enemies":"Centurion and Healer","floor":29,"turns":5},{"damage":26,"enemies":"Slavers","floor":31,"turns":3},{"damage":27,"enemies":"Collector","floor":33,"turns":6},{"damage":4,"enemies":"Orb Walker","floor":35,"turns":3},{"damage":0,"enemies":"3 Darklings","floor":37,"turns":2},{"damage":0,"enemies":"Maw","floor":39,"turns":4},{"damage":0,"enemies":"Nemesis","floor":40,"turns":3},{"damage":0,"enemies":"Mind Bloom Boss Battle","floor":41,"turns":1},{"damage":0,"enemies":"Reptomancer","floor":42,"turns":4},{"damage":0,"enemies":"Giant Head","floor":44,"turns":2},{"damage":0,"enemies":"2 Orb Walkers","floor":45,"turns":2},{"damage":0,"enemies":"Sphere and 2 Shapes","floor":46,"turns":2},{"damage":0,"enemies":"Nemesis","floor":47,"turns":1},{"damage":0,"enemies":"3 Darklings","floor":48,"turns":1},{"damage":13,"enemies":"Awakened One","floor":50,"turns":5}],"seed_played":"6054525302694884783","potions_obtained":[{"floor":1,"key":"LiquidBronze"},{"floor":5,"key":"PotionOfCapacity"},{"floor":16,"key":"LiquidMemories"},{"floor":18,"key":"Block Potion"},{"floor":21,"key":"Weak Potion"},{"floor":28,"key":"Energy Potion"},{"floor":29,"key":"Explosive Potion"},{"floor":31,"key":"EntropicBrew"},{"floor":33,"key":"PotionOfCapacity"},{"floor":35,"key":"PotionOfCapacity"},{"floor":37,"key":"Energy Potion"},{"floor":40,"key":"DistilledChaos"},{"floor":41,"key":"EssenceOfSteel"},{"floor":42,"key":"LiquidMemories"},{"floor":44,"key":"FearPotion"},{"floor":46,"key":"Fruit Juice"},{"floor":47,"key":"EssenceOfSteel"}],"is_trial":false,"path_per_floor":["M","?","$","M","M","E","R","E","T","M","R","$","E","?","R","B",null,"M","?","$","M","?","E","?","E","T","M","E","M","$","E","R","B",null,"M","?","M","$","M","E","?","E","T","E","?","M","E","M","R","B",null],"character_chosen":"DEFECT","items_purchased":["Calipers","Self Repair","Redo","Omamori","Cold Snap","Ice Cream","Tempest","White Noise","Sunder","Melter","Shovel","Orrery","MerchantsRug","Anchor","Loop","Unceasing Top","Storm","Chaos","HandDrill","Ginger","Bottled Lightning","Dead Branch"],"campfire_rested":0,"item_purchase_floors":[0,0,0,0,0,3,3,3,3,3,3,3,3,12,12,20,20,20,30,30,38,38],"current_hp_per_floor":[69,69,69,66,67,63,63,56,66,58,58,58,58,58,58,60,79,65,47,47,55,55,51,51,65,65,72,74,84,84,77,77,64,89,97,85,85,85,92,97,97,97,97,97,97,97,102,102,102,96],"gold":313,"neow_bonus":"","is_daily":false,"chose_seed":false,"campfire_upgraded":5,"win_rate":0.0,"timestamp":1612412362,"path_taken":["M","?","$","M","M","E","R","E","T","M","R","$","E","?","R","BOSS","M","?","$","?","?","E","?","E","T","M","E","M","$","E","R","BOSS","M","?","M","$","M","E","?","E","T","E","?","M","E","?","R","BOSS"],"items_purchased_type":["Relic","Card","Card","Relic","Card","Relic","Card","Card","Card","Card","Relic","Relic","Relic","Relic","Card","Relic","Card","Card","Relic","Relic","Relic","Relic"],"build_version":"2020-12-22","purchased_purges":5,"victory":true,"max_hp_per_floor":[75,75,75,75,75,75,75,75,85,85,85,85,85,85,85,85,85,85,85,85,85,85,85,85,92,92,92,92,92,92,97,97,97,97,97,97,97,97,97,97,97,97,97,97,97,97,102,102,102,102],"card_choices":[{"not_picked":["Streamline","Steam"],"picked":"Ball Lightning","floor":1},{"not_picked":["Stack","Cold Snap"],"picked":"Coolheaded","floor":3},{"not_picked":["Stack","Steam Power"],"picked":"Capacitor","floor":3},{"not_picked":["Gash","Fission"],"picked":"Fusion","floor":3},{"not_picked":["Turbo","Steam Power"],"picked":"Beam Cell","floor":3},{"not_picked":["Reinforced Body","Beam Cell"],"picked":"BootSequence","floor":4},{"not_picked":["FTL","Fusion"],"picked":"Stack","floor":5},{"not_picked":["Capacitor","BootSequence"],"picked":"Redo","floor":6},{"not_picked":["Melter","Steam"],"picked":"Ball Lightning","floor":8},{"not_picked":["Steam","FTL","Beam Cell"],"picked":"SKIP","floor":10},{"not_picked":["Hello World","Recycle"],"picked":"Conserve Battery","floor":13},{"not_picked":["Meteor Strike","Buffer"],"picked":"Electrodynamics","floor":16},{"not_picked":["Gash","Stack"],"picked":"Self Repair","floor":18},{"not_picked":["Recycle","Beam Cell","Scrape"],"picked":"SKIP","floor":21},{"not_picked":["Gash","Conserve Battery"],"picked":"Echo Form","floor":23},{"not_picked":["Glacier","Hologram"],"picked":"Aggregate","floor":25},{"not_picked":["Steam","Turbo","Ball Lightning"],"picked":"SKIP","floor":27},{"not_picked":["Sweeping Beam","Scrape"],"picked":"Defragment","floor":28},{"not_picked":["Gash","Rip and Tear","Melter"],"picked":"SKIP","floor":29},{"not_picked":["Storm","Genetic Algorithm"],"picked":"Thunder Strike","floor":31},{"not_picked":["Fission","Meteor Strike"],"picked":"Seek","floor":33},{"not_picked":["Reprogram","Streamline+1","Go for the Eyes"],"picked":"SKIP","floor":35},{"not_picked":["Static Discharge+1","Rip and Tear+1"],"picked":"Compile Driver+1","floor":37},{"not_picked":["Hologram+1","FTL","Ball Lightning"],"picked":"SKIP","floor":39},{"not_picked":["Conserve Battery","Ball Lightning"],"picked":"Cold Snap+1","floor":40},{"not_picked":["Coolheaded+1","Doom and Gloom"],"picked":"Turbo+1","floor":42},{"not_picked":["Hologram","Auto Shields+1"],"picked":"Multi-Cast","floor":44},{"not_picked":["Hologram","Turbo"],"picked":"Blizzard","floor":46},{"not_picked":["Barrage","Self Repair","Beam Cell"],"picked":"SKIP","floor":46},{"not_picked":["Streamline+1","Rebound","Coolheaded"],"picked":"SKIP","floor":47},{"not_picked":["Leap","White Noise","Buffer"],"picked":"SKIP","floor":48},{"not_picked":["Steam","Streamline+1","Redo"],"picked":"SKIP","floor":48}],"player_experience":508686,"relics_obtained":[{"floor":6,"key":"Meat on the Bone"},{"floor":8,"key":"Orichalcum"},{"floor":9,"key":"Pear"},{"floor":13,"key":"Pen Nib"},{"floor":23,"key":"Thread and Needle"},{"floor":25,"key":"Strawberry"},{"floor":26,"key":"Smiling Mask"},{"floor":28,"key":"White Beast Statue"},{"floor":31,"key":"Bag of Marbles"},{"floor":40,"key":"Potion Belt"},{"floor":41,"key":"Prayer Wheel"},{"floor":42,"key":"War Paint"},{"floor":43,"key":"Kunai"},{"floor":44,"key":"InkBottle"},{"floor":45,"key":"Lizard Tail"},{"floor":47,"key":"Torii"}],"event_choices":[{"damage_healed":0,"gold_gain":0,"player_choice":"Box","damage_taken":0,"relics_obtained":["PreservedInsect"],"max_hp_gain":0,"max_hp_loss":0,"event_name":"Big Fish","floor":2,"gold_loss":0,"cards_obtained":["Regret"]},{"damage_healed":0,"gold_gain":175,"player_choice":"AGREE","damage_taken":0,"max_hp_gain":0,"max_hp_loss":0,"event_name":"Liars Game","floor":14,"gold_loss":0,"cards_obtained":["Doubt"]},{"damage_healed":0,"gold_gain":90,"player_choice":"CARD GOLD ","damage_taken":18,"max_hp_gain":0,"max_hp_loss":0,"event_name":"Knowing Skull","floor":19,"potions_obtained":[],"gold_loss":0,"cards_obtained":["Deep Breath"]},{"damage_healed":0,"gold_gain":0,"player_choice":"Obtained Relic","damage_taken":0,"relics_obtained":["DataDisk"],"max_hp_gain":0,"max_hp_loss":0,"event_name":"Addict","floor":22,"gold_loss":85},{"damage_healed":0,"gold_gain":0,"player_choice":"Ignored","damage_taken":0,"max_hp_gain":0,"max_hp_loss":0,"event_name":"Ghosts","floor":24,"gold_loss":0},{"damage_healed":0,"gold_gain":0,"player_choice":"Embrace Madness","damage_taken":12,"max_hp_gain":0,"max_hp_loss":0,"event_name":"Winding Halls","floor":36,"gold_loss":0,"cards_obtained":["Madness","Madness"]},{"damage_healed":0,"gold_gain":0,"player_choice":"Fight","damage_taken":0,"max_hp_gain":0,"max_hp_loss":0,"event_name":"MindBloom","floor":41,"gold_loss":0},{"damage_healed":0,"gold_gain":0,"player_choice":"Fight","damage_taken":0,"max_hp_gain":0,"max_hp_loss":0,"event_name":"Mysterious Sphere","floor":45,"gold_loss":0}],"is_beta":false,"boss_relics":[{"not_picked":["FrozenCore","Snecko Eye"],"picked":"SlaversCollar"},{"not_picked":["Fusion Hammer","Tiny House"],"picked":"Nuclear Battery"}],"items_purged_floors":[3,12,20,30,38],"is_endless":false,"potions_floor_spawned":[1,5,8,13,16,18,21,28,29,31,33,35,37,39,40,41,42,44,45,46,47,48],"ascension_level":12}}