{"host":"fpfqy36ymrhhouft","time":1612442296,"event":{"mods":["100% Spire Juice","Act Like it!","Arknights","BaseMod","Colored Powertips","Downfall","Gensokyo","Hermit","Marisa????????","Minty Spire (QoL Compilation)","Reliquary","Replay The Spire","Spire Arcade","StSLib"],"gold_per_floor":[99,99,157,175,175,193,193,193,211,16,48,58,58,76,92,193,193,93,109,1,1,15,15,15,15,15,15,15],"floor_reached":26,"language":"ENG","playtime":1395,"items_purged":[],"score":281,"play_id":"a73c43d4-446f-4c00-b48f-0c27844e4773","local_time":"20210204053816","is_ascension_mode":false,"campfire_choices":[{"data":"hexamod:Float","floor":1,"key":"SMITH"},{"data":"hexamod:RadiantFlame","floor":8,"key":"SMITH"},{"data":"hexamod:Again","floor":13,"key":"SMITH"},{"data":"hexamod:UnlimitedPower","floor":18,"key":"SMITH"},{"data":"hexamod:PhantomCloak","floor":23,"key":"SMITH"},{"data":"Gensokyo:SlitMouthedWoman","floor":25,"key":"SMITH"}],"circlet_count":0,"master_deck":["hexamod:Strike","hexamod:Strike","hexamod:Strike","hexamod:Strike","hexamod:Defend","hexamod:Defend","hexamod:Defend","hexamod:Defend","hexamod:Sear+1","hexamod:Float+1","hexamod:SkipABeat","hexamod:RadiantFlame+1","hexamod:HeatMetal","Gensokyo:SlitMouthedWoman+1","hexamod:FourthSeal","hexamod:Again+1","hexamod:UnlimitedPower+1","hexamod:DynamicBlow","hexamod:HexaLevel","hexamod:FourthSeal","Gensokyo:BlemishedSteel","Gensokyo:TarnishedGold","hexamod:PhantomCloak+1"],"relics":["hexamod:SpiritBrand","NeowsBlessing","Divine Protection","Gensokyo:OccultBall","Garlic","HornCleat","ChewingGum","downfall:HeartBlessingGreen","Gensokyo:ConquerorOfFear","Kunai","Frozen Eye"],"acts_visited":["Gensokyo:Gensokyo","Gensokyo:Gensokyoer"],"potions_floor_usage":[],"damage_taken":[{"damage":0,"enemies":"Gensokyo:3_Fairies","floor":4,"turns":1},{"damage":0,"enemies":"Gensokyo:2_Kodama","floor":6,"turns":1},{"damage":0,"enemies":"Gensokyo:Python","floor":9,"turns":1},{"damage":0,"enemies":"Gensokyo:Aya","floor":11,"turns":6},{"damage":0,"enemies":"Gensokyo:3_Kodama","floor":12,"turns":4},{"damage":0,"enemies":"Gensokyo:2_Rabbits","floor":14,"turns":4},{"damage":0,"enemies":"Gensokyo:Kitsune","floor":15,"turns":3},{"damage":0,"enemies":"SI_SHIV_ARCHETYPE","floor":16,"turns":8},{"damage":0,"enemies":"Gensokyo:Chomper","floor":19,"turns":3},{"damage":34,"enemies":"Gensokyo:3_Dogs","floor":22,"turns":10},{"damage":39,"enemies":"Gensokyo:Koishi","floor":26,"turns":6}],"seed_played":"-2696577557229806646","potions_obtained":[{"floor":3,"key":"Toxic Potion"},{"floor":6,"key":"bronze:BurnAndBuffPotion"},{"floor":9,"key":"LiquidBronze"},{"floor":15,"key":"Slimebound:ThreeZeroPotion"},{"floor":19,"key":"Milkshake"}],"is_trial":false,"path_per_floor":["R","?","?","M","?","M","T","R","M","COS","E","M","R","M","M","B",null,"R","M","COS","?","M","R","T","R","E"],"character_chosen":"THE_SPIRIT","items_purchased":[],"campfire_rested":0,"item_purchase_floors":[],"current_hp_per_floor":[70,70,70,70,70,70,70,70,70,70,70,70,70,70,70,70,70,70,70,70,70,36,36,36,36,0,0,0],"gold":15,"neow_bonus":"THREE_ENEMY_KILL","is_daily":false,"chose_seed":false,"campfire_upgraded":6,"win_rate":0.0,"timestamp":1612442296,"path_taken":["R","?","?","?","?","M","T","R","M","COS","E","M","R","?","M","BOSS","R","M","COS","?","?","R","T","R","E"],"items_purchased_type":[],"build_version":"2020-12-22","purchased_purges":0,"victory":false,"max_hp_per_floor":[70,70,70,70,70,70,70,70,70,70,70,70,70,70,70,70,70,70,70,70,70,70,70,70,70,70,70,70],"card_choices":[{"not_picked":["hexamod:RetreatToShadows","hexamod:ThermalTransfer"],"picked":"hexamod:SkipABeat","floor":3},{"not_picked":["hexamod:InspiringFlames","hexamod:SpectersWail"],"picked":"hexamod:ThirdSeal","floor":4},{"not_picked":["hexamod:ThermalTransfer","hexamod:BacktrackSmack"],"picked":"hexamod:RadiantFlame","floor":6},{"not_picked":["hexamod:SwordOfDarkness","hexamod:ThermalTransfer"],"picked":"hexamod:HeatMetal","floor":9},{"not_picked":["hexamod:GhostflameBarrier","hexamod:SecondSeal"],"picked":"hexamod:FourthSeal","floor":11},{"not_picked":["hexamod:GhostLash","hexamod:InspiringFlames"],"picked":"hexamod:Again","floor":12},{"not_picked":["hexamod:ThermalTransfer","hexamod:FastForward"],"picked":"hexamod:UnlimitedPower","floor":14},{"not_picked":["hexamod:GhostLash","hexamod:Firestarter"],"picked":"hexamod:DynamicBlow","floor":15},{"not_picked":["hexamod:UnlimitedPower","hexamod:GhostflameInferno"],"picked":"hexamod:HexaLevel","floor":16},{"not_picked":["hexamod:RetreatToShadows","hexamod:SwordOfDarkness+1"],"picked":"hexamod:FourthSeal","floor":19},{"not_picked":["hexamod:RadiantFlame","hexamod:ShieldOfDarkness"],"picked":"hexamod:PhantomCloak","floor":22}],"player_experience":763151,"relics_obtained":[{"floor":3,"key":"Divine Protection"},{"floor":6,"key":"Gensokyo:OccultBall"},{"floor":7,"key":"Garlic"},{"floor":11,"key":"HornCleat"},{"floor":16,"key":"Gensokyo:OccultBall"},{"floor":22,"key":"Gensokyo:ConquerorOfFear"},{"floor":24,"key":"Kunai"}],"event_choices":[],"is_beta":false,"boss_relics":[{"not_picked":["Astrolabe","Honey Jar"],"picked":"ChewingGum"}],"items_purged_floors":[],"is_endless":false,"potions_floor_spawned":[6,9,15,19,22],"killed_by":"Gensokyo:Koishi","ascension_level":0}}