{"host":"q8ewzd1tf4mqkgtb","time":1612477026,"event":{"mods":["BaseMod","Hermit","Marisa????????","Minty Spire (QoL Compilation)","Relic Stats","StSLib","The Cursed","The Servant 0.9.4"],"gold_per_floor":[359,375,375,190,201,201,236,236,236,236,236],"floor_reached":10,"language":"ENG","playtime":2410,"items_purged":["Strike_R"],"score":132,"play_id":"54f944d7-7f93-44d8-9d60-57717d2d8a87","local_time":"20210204161706","is_ascension_mode":true,"campfire_choices":[{"data":"Wild Strike","floor":6,"key":"SMITH"},{"data":"Fire Breathing","floor":8,"key":"SMITH"}],"circlet_count":0,"master_deck":["AscendersBane","Strike_R","Strike_R","Strike_R","Strike_R","Defend_R+1","Defend_R","Defend_R","Defend_R","Bash+1","Cleave","Fire Breathing+1","Evolve","Wild Strike+1","Corruption"],"relics":["Burning Blood","InkBottle","Eternal Feather"],"acts_visited":["Exordium"],"potions_floor_usage":[7,10],"damage_taken":[{"damage":8,"enemies":"2 Louse","floor":1,"turns":4},{"damage":7,"enemies":"Jaw Worm","floor":2,"turns":3},{"damage":0,"enemies":"Small Slimes","floor":5,"turns":3},{"damage":19,"enemies":"Gremlin Nob","floor":7,"turns":4},{"damage":20,"enemies":"Lagavulin","floor":10,"turns":4}],"seed_played":"618125950242733005","potions_obtained":[{"floor":2,"key":"Weak Potion"},{"floor":7,"key":"Weak Potion"}],"is_trial":false,"path_per_floor":["M","M","?","$","M","R","E","R","T","E"],"character_chosen":"IRONCLAD","items_purchased":["Evolve","Wild Strike"],"campfire_rested":0,"item_purchase_floors":[4,4],"current_hp_per_floor":[48,47,24,24,30,30,17,17,17,0,0],"gold":236,"neow_bonus":"TWO_FIFTY_GOLD","is_daily":false,"chose_seed":false,"campfire_upgraded":2,"win_rate":0.0,"timestamp":1612477026,"path_taken":["M","M","?","$","M","R","E","R","T","E"],"items_purchased_type":["Card","Card"],"build_version":"2020-12-22","purchased_purges":1,"victory":false,"max_hp_per_floor":[75,75,75,75,75,75,75,75,75,75,75],"relic_stats":{"counters":[5,18],"Eternal Feather":0,"obtain_stats":[{"Eternal Feather":9,"Burning Blood":0,"InkBottle":7},{"Eternal Feather":4,"Burning Blood":0,"InkBottle":4},{"Eternal Feather":14,"Burning Blood":0,"InkBottle":14}],"Burning Blood":24,"InkBottle":[1]},"card_choices":[{"not_picked":["Warcry","Heavy Blade"],"picked":"Cleave","floor":1},{"not_picked":["Rage","Shockwave"],"picked":"Fire Breathing","floor":2},{"not_picked":["True Grit","Spot Weakness","Heavy Blade"],"picked":"SKIP","floor":5},{"not_picked":["Metallicize","Clothesline"],"picked":"Corruption","floor":7}],"player_experience":504903,"relics_obtained":[{"floor":7,"key":"InkBottle"},{"floor":9,"key":"Eternal Feather"}],"event_choices":[{"damage_healed":0,"gold_gain":0,"player_choice":"Entered Light","damage_taken":23,"max_hp_gain":0,"max_hp_loss":0,"event_name":"Shining Light","floor":3,"gold_loss":0,"cards_upgraded":["Defend_R","Bash"]}],"is_beta":false,"boss_relics":[],"items_purged_floors":[4],"is_endless":false,"potions_floor_spawned":[2,7],"killed_by":"Lagavulin","ascension_level":20}}