{"host":"rnjhaewkefy4rz3c","time":1612471456,"event":{"mods":["2.2 Compatiblity","AchievementEnabler","Aspiration","BaseMod","CCEM2","Colored Map","Conspire","Downfall","Halation","Hubris","Jedi Mod","Minty Spire (QoL Compilation)","Permanent Neow","Relic Filter","Relic Sorter","Reliquary","StS++","StSLib"],"gold_per_floor":[109,127,52,62,162,194,214,214,214,234,250,250,250,261,261,363,363,374,129,129,146,21,40,40,40,65,65,79,178,28,38,38,133,133,146,146,146,146,146],"floor_reached":38,"language":"ENG","playtime":2236,"items_purged":["theextravagant:SlyStrike","theextravagant:SlyStrike","theextravagant:SlyStrike","theextravagant:SlyStrike"],"score":376,"play_id":"aeb51977-574e-429b-80ff-7b9d3e152623","local_time":"20210204164416","is_ascension_mode":false,"campfire_choices":[{"data":"theextravagant:Ravage","floor":8,"key":"SMITH"},{"data":"theextravagant:GlyphOfChoice","floor":12,"key":"SMITH"},{"floor":15,"key":"REST"},{"floor":24,"key":"REST"},{"floor":32,"key":"REST"}],"circlet_count":0,"master_deck":["theextravagant:Fence","theextravagant:Fence","theextravagant:Fence","theextravagant:Fence","theextravagant:QuickAttack","theextravagant:Triumph","theextravagant:SpontaneousStrike","theextravagant:Razor","theextravagant:Ravage+1","theextravagant:Urgency","theextravagant:GlyphOfChoice+1","theextravagant:DAMNATION","theextravagant:Ravage","theextravagant:Urgency","theextravagant:Tension","theextravagant:Redemption","CurseOfTheBell","theextravagant:CutTheDeck"],"relics":["theextravagant:TranslucentFeather","hubris:SlimyHat","Darkstone Periapt","hubris:TenFootPole","halation:Risk","champ:PowerArmor","Calling Bell","StSpp:BoiledEgg","Matryoshka","CCEMRelics:TeddyBear"],"acts_visited":["Exordium","TheCity","TheBeyond"],"potions_floor_usage":[6,14,16,16,23,33,35,38,38],"damage_taken":[{"damage":2,"enemies":"Small Slimes","floor":1,"turns":4},{"damage":0,"enemies":"Cultist","floor":2,"turns":4},{"damage":6,"enemies":"Jaw Worm","floor":4,"turns":3},{"damage":21,"enemies":"Lagavulin","floor":6,"turns":9},{"damage":0,"enemies":"Gremlin Gang","floor":7,"turns":3},{"damage":7,"enemies":"Exordium Thugs","floor":10,"turns":4},{"damage":0,"enemies":"conspire:2 RoseBushes","floor":11,"turns":6},{"damage":0,"enemies":"Large Slime","floor":14,"turns":4},{"damage":45,"enemies":"Slime Boss","floor":16,"turns":6},{"damage":10,"enemies":"2 Thieves","floor":18,"turns":3},{"damage":0,"enemies":"3 Byrds","floor":21,"turns":3},{"damage":36,"enemies":"Snake Plant","floor":23,"turns":5},{"damage":5,"enemies":"conspire:HollyBat","floor":28,"turns":6},{"damage":0,"enemies":"Snecko","floor":31,"turns":6},{"damage":31,"enemies":"Automaton","floor":33,"turns":8},{"damage":13,"enemies":"Orb Walker","floor":35,"turns":4},{"damage":50,"enemies":"2 Orb Walkers","floor":38,"turns":4}],"seed_played":"-7373160402715753403","potions_obtained":[{"floor":1,"key":"sneckomod:MuddlingPotion"},{"floor":6,"key":"DuplicationPotion"},{"floor":11,"key":"champ:CounterPotion"},{"floor":14,"key":"LiquidMemories"},{"floor":21,"key":"ColorlessPotion"},{"floor":23,"key":"ColorlessPotion"},{"floor":31,"key":"AttackPotion"},{"floor":33,"key":"DistilledChaos"},{"floor":35,"key":"LiquidMemories"}],"is_trial":false,"path_per_floor":["M","M","$","M","?","E","M","R","T","M","M","R","?","M","R","B",null,"M","$","?","M","$","M","R","$","T","$","M","?","$","M","R","B",null,"M","?","?","?"],"character_chosen":"THE_EXTRAVAGANT","items_purchased":["theextravagant:Ravage","theextravagant:Urgency"],"campfire_rested":3,"item_purchase_floors":[19,19],"current_hp_per_floor":[73,73,73,67,67,46,46,46,46,39,39,39,36,36,58,13,75,65,65,57,57,57,21,38,38,38,38,33,33,33,33,50,19,63,50,50,50,0,0],"gold":146,"neow_bonus":"THREE_CARDS","is_daily":false,"chose_seed":false,"campfire_upgraded":2,"win_rate":0.0,"timestamp":1612471456,"path_taken":["M","M","$","M","?","E","M","R","T","?","M","R","?","M","R","BOSS","M","$","?","?","?","M","R","$","T","$","M","?","?","M","R","BOSS","M","?","?","?"],"items_purchased_type":["Card","Card"],"build_version":"2020-12-22","purchased_purges":4,"victory":false,"max_hp_per_floor":[75,75,75,75,75,75,75,75,75,75,75,75,75,75,75,75,75,75,75,57,57,57,57,57,57,57,57,57,57,57,57,57,57,63,63,63,63,63,63],"card_choices":[{"not_picked":["theextravagant:Shatter","theextravagant:Precaution"],"picked":"theextravagant:SpontaneousStrike","floor":0},{"not_picked":["theextravagant:Shove","theextravagant:Foil"],"picked":"theextravagant:Razor","floor":1},{"not_picked":["theextravagant:Firework","theextravagant:StepBack"],"picked":"theextravagant:Ravage","floor":2},{"not_picked":["theextravagant:Drift","theextravagant:Radiance","theextravagant:Shove"],"picked":"SKIP","floor":4},{"not_picked":["theextravagant:Pushthrough","theextravagant:TreasureHunt","theextravagant:RiskyStrike"],"picked":"SKIP","floor":6},{"not_picked":["theextravagant:PuffUp","theextravagant:Cutthroat","theextravagant:Flashback"],"picked":"SKIP","floor":7},{"not_picked":["theextravagant:Riot","theextravagant:PuffUp"],"picked":"theextravagant:Urgency","floor":10},{"not_picked":["theextravagant:PuffUp","theextravagant:Shove"],"picked":"theextravagant:GlyphOfChoice","floor":11},{"not_picked":["theextravagant:Shake","theextravagant:Defy","theextravagant:CuttingEdge"],"picked":"SKIP","floor":14},{"not_picked":["theextravagant:Outrun","theextravagant:Erase"],"picked":"theextravagant:DAMNATION","floor":16},{"not_picked":["theextravagant:Riot","theextravagant:Drift","theextravagant:Shove+1"],"picked":"SKIP","floor":18},{"not_picked":["theextravagant:PerfectTheBasics","theextravagant:ShootingStar","theextravagant:Shake+1"],"picked":"SKIP","floor":21},{"not_picked":["theextravagant:Shove+1","theextravagant:RustyBuckler","theextravagant:Cutthroat"],"picked":"SKIP","floor":23},{"not_picked":["theextravagant:Drift+1","theextravagant:CuttingEdge"],"picked":"theextravagant:Tension","floor":28},{"not_picked":["theextravagant:Overpower","theextravagant:Twitch","theextravagant:Meditation"],"picked":"SKIP","floor":31},{"not_picked":["theextravagant:Outrun","theextravagant:WhiffOfMagic"],"picked":"theextravagant:Redemption","floor":33},{"not_picked":["theextravagant:Pushthrough+1","theextravagant:Shake+1"],"picked":"theextravagant:CutTheDeck","floor":35}],"player_experience":723631,"relics_obtained":[{"floor":6,"key":"hubris:SlimyHat"},{"floor":9,"key":"Darkstone Periapt"},{"floor":34,"key":"StSpp:BoiledEgg"},{"floor":34,"key":"Matryoshka"},{"floor":34,"key":"CCEMRelics:TeddyBear"}],"event_choices":[{"damage_healed":0,"gold_gain":100,"player_choice":"Pray","damage_taken":0,"max_hp_gain":0,"max_hp_loss":0,"event_name":"Golden Shrine","floor":5,"gold_loss":0},{"damage_healed":0,"gold_gain":0,"player_choice":"Success","damage_taken":3,"relics_obtained":["hubris:TenFootPole"],"max_hp_gain":0,"max_hp_loss":0,"event_name":"Scrap Ooze","floor":13,"gold_loss":0},{"damage_healed":0,"gold_gain":99,"player_choice":"Stole From Cult","damage_taken":0,"max_hp_gain":0,"max_hp_loss":0,"event_name":"Nest","floor":29,"gold_loss":0},{"damage_healed":0,"gold_gain":0,"player_choice":"Fight","damage_taken":0,"max_hp_gain":0,"max_hp_loss":0,"event_name":"Mysterious Sphere","floor":38,"gold_loss":0}],"is_beta":false,"boss_relics":[{"not_picked":["CCEMRelics:DefectiveTurbocharger","halation:SmartPhone"],"picked":"halation:Risk"},{"not_picked":["halation:ForbiddenBikini","CCEMRelics:GreenEgg"],"picked":"Calling Bell"}],"items_purged_floors":[3,19,22,30],"is_endless":false,"potions_floor_spawned":[1,6,11,14,21,23,31,33,35],"killed_by":"2 Orb Walkers","ascension_level":0}}