{"host":"1q02rw1wpi0nrsss","time":1612417985,"event":{"mods":["AchievementEnabler","BaseMod","Better Note","Custom Start","Dark Map","DeckTracker","Disable Question Mark Monsters","Hermit","Minty Spire (QoL Compilation)","Permanent Neow","Quick Restart","Rare Cards Sparkle","Relic Stats","StSLib","??????REMEMod"],"gold_per_floor":[114,16,91,107,126,126,126,126],"floor_reached":7,"language":"ENG","playtime":268,"items_purged":["Strike_G"],"score":45,"play_id":"11372fff-f866-4840-b3ba-7ca72dec6866","local_time":"20210203215305","is_ascension_mode":true,"campfire_choices":[{"data":"Blur","floor":6,"key":"SMITH"}],"circlet_count":0,"master_deck":["Strike_G","Strike_G","Strike_G","Strike_G","Defend_G","Defend_G","Defend_G","Defend_G","Defend_G","Survivor","Neutralize","Spot Weakness","Quick Slash","Backflip","Blur+1","Burst"],"relics":["Ring of the Snake","REME_ComplimentaryCards"],"acts_visited":["Exordium"],"potions_floor_usage":[1,7,7],"damage_taken":[{"damage":0,"enemies":"2 Louse","floor":1,"turns":2},{"damage":0,"enemies":"Jaw Worm","floor":4,"turns":3},{"damage":1,"enemies":"Cultist","floor":5,"turns":5},{"damage":67,"enemies":"Gremlin Nob","floor":7,"turns":7}],"seed_played":"1599684176220663045","potions_obtained":[{"floor":0,"key":"DistilledChaos"},{"floor":0,"key":"AttackPotion"},{"floor":0,"key":"Block Potion"},{"floor":4,"key":"SmokeBomb"}],"is_trial":false,"path_per_floor":["M","$","?","M","M","R","E"],"character_chosen":"THE_SILENT","items_purchased":["Backflip"],"campfire_rested":0,"item_purchase_floors":[2],"current_hp_per_floor":[70,70,59,59,58,58,0,0],"gold":126,"neow_bonus":"THREE_SMALL_POTIONS","is_daily":false,"chose_seed":false,"campfire_upgraded":1,"win_rate":0.0,"timestamp":1612417985,"path_taken":["M","$","?","M","M","R","E"],"items_purchased_type":["Card"],"build_version":"2020-12-22","purchased_purges":1,"victory":false,"max_hp_per_floor":[70,70,70,70,70,70,70,70],"relic_stats":{"counters":[4,17],"obtain_stats":[{"Ring of the Snake":0,"REME_ComplimentaryCards":0},{"Ring of the Snake":0,"REME_ComplimentaryCards":0},{"Ring of the Snake":0,"REME_ComplimentaryCards":0}],"Ring of the Snake":[8]},"card_choices":[{"not_picked":["Well Laid Plans","Catalyst"],"picked":"Quick Slash","floor":1},{"not_picked":["Poisoned Stab","Blade Dance"],"picked":"Blur","floor":4},{"not_picked":["Cloak And Dagger","Flying Knee"],"picked":"Burst","floor":5}],"player_experience":75162,"relics_obtained":[],"event_choices":[{"damage_healed":0,"gold_gain":75,"player_choice":"Gather Gold","damage_taken":11,"max_hp_gain":0,"max_hp_loss":0,"event_name":"World of Goop","floor":3,"gold_loss":0}],"is_beta":false,"boss_relics":[],"items_purged_floors":[2],"is_endless":false,"potions_floor_spawned":[4],"killed_by":"Gremlin Nob","ascension_level":2}}