{"host":"ugys05tpep779cl6","time":1612429877,"event":{"mods":["AchievementEnabler","Aspiration","BaseMod","Beaked The Cultist","CatGirl Mod","Colored Powertips","HololiveMod","Lobotomy","Minty Spire (QoL Compilation)","Quick Restart","Replay The Spire","Spicy Shops","StSLib","The Druid"],"gold_per_floor":[110,123,123,123,123,164,164,198,198,212,212,245,245,55,55,146,146,160,180,180,28,42,76,76,92,92,92,92,130,148,167,167,263,263,282,295,318,4,69,103,436,462,462,482,382,410,410,425,425,425,425,425,425,44,78,78],"floor_reached":57,"language":"ENG","playtime":4578,"items_purged":["theDruid:Strike_O","theDruid:Strike_O","theDruid:Defend_O+1"],"score":3671,"play_id":"b2b41036-d1a4-4fbb-af4d-8f926318bbfb","local_time":"20210204101117","is_ascension_mode":true,"campfire_choices":[{"data":"theDruid:BriarArmor","floor":7.0,"key":"SMITH"},{"data":"theDruid:PlagueClaw","floor":11.0,"key":"SMITH"},{"data":"theDruid:Defend_O","floor":15.0,"key":"SMITH"},{"data":"theDruid:Resourcefulness","floor":24.0,"key":"SMITH"},{"data":"beaked:FeelMyPain","floor":27.0,"key":"SMITH"},{"floor":32,"key":"RECALL"},{"data":"theDruid:Gore","floor":53,"key":"SMITH"}],"circlet_count":0,"master_deck":["AscendersBane","theDruid:Strike_O","theDruid:Strike_O","theDruid:Defend_O+1","theDruid:Defend_O+1","theDruid:Defend_O+1","theDruid:BriarArmor+1","theDruid:WildSlash","theDruid:BrambleLash+1","theDruid:Fortitude+1","theDruid:PlagueClaw+1","theDruid:Rummage","beaked:FeelMyPain+1","theDruid:Resourcefulness+1","theDruid:ViralBites","theDruid:Rabid","theDruid:ForestsSoul","theDruid:ForestGuard","theDruid:Gore+1","theDruid:Restoration"],"relics":["theDruid:CrownOfTheWilds","aspiration:Nostalgia","m_ByrdBlood","aspiration:BabyByrd","StoneCalendar","Akabeko","Shuriken","Iron Hammer","Black Star","Divine Protection","Unceasing Top","aspiration:EmptySkull","Torii","Happy Flower","Busted Crown","Replay:Wax Seal","Kunai","CaptainsWheel","Replay:Kaleidoscope","Ice Cream","FossilizedHelix","aspiration:Lifesprig","Oddly Smooth Stone","Replay:Bottled Eggs","Hololive_LightStick","HandDrill","Boot","Incense Burner"],"acts_visited":["Exordium","TheCity","TheBeyond","TheEnding"],"potions_floor_usage":[56],"damage_taken":[{"damage":2.0,"enemies":"2 Louse","floor":1.0,"turns":4.0},{"damage":5.0,"enemies":"Small Slimes","floor":2.0,"turns":5.0},{"damage":49.0,"enemies":"3 Sentries","floor":6.0,"turns":13.0},{"damage":2.0,"enemies":"Gremlin Nob","floor":8.0,"turns":3.0},{"damage":0.0,"enemies":"Cultist","floor":10.0,"turns":3.0},{"damage":49.0,"enemies":"Lagavulin","floor":12.0,"turns":7.0},{"damage":121.0,"enemies":"Fading Forest","floor":16.0,"turns":13.0},{"damage":20.0,"enemies":"3 Byrds","floor":18.0,"turns":5.0},{"damage":44.0,"enemies":"Shell Parasite","floor":19.0,"turns":7.0},{"damage":52.0,"enemies":"Shelled Parasite and Fungi","floor":22.0,"turns":5.0},{"damage":48.0,"enemies":"Book of Stabbing","floor":23.0,"turns":5.0},{"damage":30.0,"enemies":"Snake Plant","floor":25.0,"turns":4.0},{"damage":61,"enemies":"Gremlin Leader","floor":29,"turns":5},{"damage":20,"enemies":"Centurion and Healer","floor":30,"turns":6},{"damage":34,"enemies":"Cultist and Chosen","floor":31,"turns":5},{"damage":98,"enemies":"Pondfish","floor":33,"turns":8},{"damage":28,"enemies":"3 Darklings","floor":35,"turns":4},{"damage":28,"enemies":"3 Shapes","floor":36,"turns":2},{"damage":38,"enemies":"Writhing Mass","floor":37,"turns":5},{"damage":88,"enemies":"2 Orb Walkers","floor":39,"turns":5},{"damage":38,"enemies":"Nemesis","floor":40,"turns":5},{"damage":9,"enemies":"R_Hoarder","floor":42,"turns":5},{"damage":22,"enemies":"Maw","floor":44,"turns":6},{"damage":28,"enemies":"Reptomancer","floor":46,"turns":6},{"damage":9,"enemies":"Jaw Worm Horde","floor":48,"turns":4},{"damage":18,"enemies":"Donu and Deca","floor":50,"turns":7},{"damage":31,"enemies":"Time Eater","floor":51,"turns":7},{"damage":98,"enemies":"Shield and Spear","floor":55,"turns":8},{"damage":67,"enemies":"The Heart","floor":56,"turns":8}],"seed_played":"1970315569740277991","potions_obtained":[{"floor":1.0,"key":"SteroidPotion"},{"floor":2.0,"key":"PowerPotion"},{"floor":12.0,"key":"Strength Potion"},{"floor":19.0,"key":"Toxic Potion"},{"floor":23.0,"key":"Dexterity Potion"},{"floor":29,"key":"FairyPotion"}],"is_trial":false,"path_per_floor":["M","M","?","?","?","E","R","E","T","M","R","E","?","$","R","B",null,"M","M","?","$","M","E","R","M","T","R","?","E","M","M","R","B",null,"M","M","M","$","?","E","?","E","T","M","$","E","?","M","R","B","B",null,"R","$","E","B",null],"character_chosen":"DRUID","items_purchased":["Iron Hammer","beaked:FeelMyPain","theDruid:Resourcefulness","Replay:Wax Seal","Kunai","HandDrill","theDruid:Restoration"],"campfire_rested":0,"item_purchase_floors":[14,14,21,38,38,54,54],"current_hp_per_floor":[68,68,45,50,50,43,43,67,67,73,73,47,47,47,47,54,68,73,62,62,62,52,46,46,47,47,47,47,46,73,67,67,47,67,72,73,71,71,17,35,35,73,73,73,73,73,73,73,73,73,73,73,73,73,30,59],"gold":78,"neow_bonus":"NOSTALGIA","is_daily":false,"chose_seed":false,"campfire_upgraded":6,"win_rate":0.0,"timestamp":1612429877,"path_taken":["M","M","?","?","?","E","R","E","T","M","R","E","?","$","R","BOSS","M","?","?","$","M","E","R","M","T","R","?","E","M","M","R","BOSS","M","M","M","$","?","E","?","E","T","M","?","E","?","?","R","BOSS","BOSS","R","$","E","BOSS"],"items_purchased_type":["Relic","Card","Card","Relic","Relic","Relic","Card"],"build_version":"2020-12-22","purchased_purges":3,"victory":true,"max_hp_per_floor":[68,68,68,73,73,73,73,73,73,73,73,73,73,73,73,73,73,73,73,73,73,73,73,73,73,73,73,73,73,73,73,73,73,73,73,73,73,73,73,73,73,73,73,73,73,73,73,73,73,73,73,73,73,73,73,73],"card_choices":[{"not_picked":["Massacre","theDruid:BristlingBulwark","theDruid:MysticBarrier"],"picked":"SKIP","floor":1.0},{"not_picked":["beaked:WarriorEssence","theDruid:TakeShelter","theDruid:Gore"],"picked":"SKIP","floor":2.0},{"not_picked":["theDruid:SpiritCall","theDruid:Guidance"],"picked":"theDruid:BrambleLash","floor":6.0},{"not_picked":["theDruid:Resupply","beaked:BloodForTheGods"],"picked":"theDruid:Fortitude","floor":8.0},{"not_picked":["theDruid:Stampede","Flex"],"picked":"theDruid:PlagueClaw","floor":10.0},{"not_picked":["theDruid:Pathfinder","theDruid:TwilightsCall"],"picked":"theDruid:Rummage","floor":12.0},{"not_picked":["theDruid:Starburst","theDruid:BloodiedFur","theDruid:LunarScythe"],"picked":"SKIP","floor":18.0},{"not_picked":["theDruid:TakeShelter","theDruid:BristlingBulwark","theDruid:Swipe"],"picked":"SKIP","floor":19.0},{"not_picked":["beaked:BloodForTheGods","theDruid:Swipe","Flex"],"picked":"SKIP","floor":22.0},{"not_picked":["beaked:WarriorEssence","theDruid:Thornburst","theDruid:Rummage"],"picked":"SKIP","floor":23.0},{"not_picked":["theDruid:TwilightsCall","theDruid:Starfall+1"],"picked":"theDruid:ViralBites","floor":25.0},{"not_picked":["theDruid:Starburst","theDruid:BloodiedFur+1","theDruid:TwinStars"],"picked":"SKIP","floor":29},{"not_picked":["theDruid:Guidance","theDruid:FuriousSlash","theDruid:BlessedStrike"],"picked":"SKIP","floor":30},{"not_picked":["theDruid:TwilightsCall","theDruid:Guidance","theDruid:ViralBites"],"picked":"SKIP","floor":31},{"not_picked":["theDruid:WildFrenzy","theDruid:Earthquake"],"picked":"theDruid:Rabid","floor":33},{"not_picked":["theDruid:PouncingStrike"],"picked":"SKIP","floor":35},{"not_picked":["theDruid:BrambleLash"],"picked":"SKIP","floor":36},{"not_picked":["theDruid:TwilightsCall"],"picked":"SKIP","floor":37},{"not_picked":[],"picked":"theDruid:ForestsSoul","floor":39},{"not_picked":["theDruid:Swipe"],"picked":"SKIP","floor":40},{"not_picked":["theDruid:ThornStrike"],"picked":"SKIP","floor":42},{"not_picked":["theDruid:BlessedStrike+1"],"picked":"SKIP","floor":44},{"not_picked":[],"picked":"theDruid:ForestGuard","floor":46},{"not_picked":[],"picked":"theDruid:Gore","floor":48},{"not_picked":["theDruid:FullMoon+1"],"picked":"SKIP","floor":55}],"player_experience":1194833,"relics_obtained":[{"floor":6.0,"key":"StoneCalendar"},{"floor":8.0,"key":"Akabeko"},{"floor":12.0,"key":"Shuriken"},{"floor":23.0,"key":"Divine Protection"},{"floor":23.0,"key":"Unceasing Top"},{"floor":26.0,"key":"aspiration:EmptySkull"},{"floor":29,"key":"Torii"},{"floor":29,"key":"Happy Flower"},{"floor":39,"key":"CaptainsWheel"},{"floor":40,"key":"Replay:Kaleidoscope"},{"floor":40,"key":"Ice Cream"},{"floor":42,"key":"FossilizedHelix"},{"floor":42,"key":"aspiration:Lifesprig"},{"floor":43,"key":"Oddly Smooth Stone"},{"floor":46,"key":"Replay:Bottled Eggs"},{"floor":46,"key":"Hololive_LightStick"},{"floor":55,"key":"Boot"},{"floor":55,"key":"Incense Burner"}],"event_choices":[{"damage_healed":0.0,"max_hp_gain":0.0,"max_hp_loss":0.0,"gold_gain":0.0,"event_name":"Golden Idol","player_choice":"Take Damage","floor":3.0,"gold_loss":0.0,"damage_taken":23.0,"relics_obtained":["Golden Idol"]},{"damage_healed":0.0,"max_hp_gain":5.0,"max_hp_loss":0.0,"gold_gain":0.0,"event_name":"Big Fish","player_choice":"Donut","floor":4.0,"gold_loss":0.0,"damage_taken":0.0},{"damage_healed":0.0,"max_hp_gain":0.0,"max_hp_loss":0.0,"gold_gain":0.0,"event_name":"Accursed Blacksmith","player_choice":"Forge","floor":13.0,"gold_loss":0.0,"damage_taken":0.0,"cards_upgraded":["theDruid:Fortitude"]},{"damage_healed":0.0,"max_hp_gain":0.0,"max_hp_loss":0.0,"gold_gain":0.0,"event_name":"Cursed Tome","player_choice":"Ignored","floor":20.0,"gold_loss":0.0,"damage_taken":0.0},{"damage_healed":0.0,"max_hp_gain":0.0,"max_hp_loss":0.0,"gold_gain":0.0,"event_name":"Back to Basics","player_choice":"Simplicity","floor":28.0,"gold_loss":0.0,"damage_taken":0.0,"cards_upgraded":[]},{"damage_healed":0,"gold_gain":0,"player_choice":"Fight","damage_taken":0,"max_hp_gain":0,"max_hp_loss":0,"event_name":"Mysterious Sphere","floor":39,"gold_loss":0},{"damage_healed":0,"gold_gain":333,"player_choice":"Gave Idol","damage_taken":0,"max_hp_gain":0,"max_hp_loss":0,"event_name":"The Moai Head","floor":41,"relics_lost":["Golden Idol"],"gold_loss":0},{"damage_healed":0,"gold_gain":0,"player_choice":"Ignored","damage_taken":0,"max_hp_gain":0,"max_hp_loss":0,"event_name":"Tomb of Lord Red Mask","floor":47,"gold_loss":0}],"is_beta":false,"boss_relics":[{"not_picked":["SlaversCollar","aspiration:SilentSkillbook"],"picked":"Black Star"},{"not_picked":["Coffee Dripper","Fusion Hammer"],"picked":"Busted Crown"}],"items_purged_floors":[21,45,54],"is_endless":false,"potions_floor_spawned":[1,2,12,19,23,29,31,35,37,40,46,55],"ascension_level":20}}