{"host":"fmb9x04chdot191d","time":1612399270,"event":{"mods":["2.2 Compatiblity","AchievementEnabler","BaseMod","BetterRewards","Colored Map","Downfall","Hermit","Highlight Path","Marisa（霧雨　魔理沙）","Minty Spire (QoL Compilation)","Permanent Neow","Quick Restart","StSLib","The Servant 0.9.4"],"gold_per_floor":[115,134,191,191,205,235,235,252,252,269,269,269,300,300,300,398,398,411,427,443,443,461,486,486,515,515,430,460,460,473,492,492,592,592,610,610,452,466,477,502,502,516,587,587,587,190,221,221,221,221],"floor_reached":51,"language":"ENG","playtime":2287,"items_purged":["Defend_G","Parasite"],"score":811,"play_id":"414ebce1-104e-448a-bb39-9973ae94bae7","local_time":"20210204134110","is_ascension_mode":true,"campfire_choices":[{"data":"Unload","floor":7,"key":"SMITH"},{"floor":11,"key":"REST"},{"data":"Neutralize","floor":15,"key":"SMITH"},{"data":"Envenom","floor":24,"key":"SMITH"},{"data":"Masterful Stab","floor":29,"key":"SMITH"},{"floor":32,"key":"REST"},{"data":"Flash of Steel","floor":41,"key":"SMITH"},{"data":"Unload","floor":44,"key":"SMITH"},{"floor":49,"key":"REST"}],"circlet_count":0,"master_deck":["Strike_G+1","Strike_G+1","Strike_G+1","Strike_G+1","Defend_G+1","Defend_G+1","Defend_G+1","Defend_G+1","Survivor+1","Neutralize+1","Masterful Stab+1","Bane+1","Unload+1","Envenom+1","Masterful Stab+1","Slice+1","Escape Plan+1","Escape Plan+1","After Image+1","Unload+1","Flash of Steel+1","Outmaneuver+1","Trip+1","Slice+1"],"relics":["Ring of the Snake","Centennial Puzzle","Pen Nib","Ninja Scroll","Toy Ornithopter","WristBlade","MutagenicStrength","Boot","Matryoshka","Pear","Shuriken","Letter Opener","Blue Candle","Busted Crown","Ornamental Fan","Paper Crane","Meat on the Bone","ClockworkSouvenir","Bronze Scales","PreservedInsect","Mark of the Bloom"],"acts_visited":["Exordium","TheCity","TheBeyond"],"potions_floor_usage":[33,33,39,40,42,50,50],"damage_taken":[{"damage":0,"enemies":"Jaw Worm","floor":1,"turns":6},{"damage":0,"enemies":"Cultist","floor":2,"turns":3},{"damage":0,"enemies":"2 Louse","floor":5,"turns":3},{"damage":18,"enemies":"Gremlin Nob","floor":6,"turns":4},{"damage":0,"enemies":"2 Fungi Beasts","floor":8,"turns":2},{"damage":0,"enemies":"Large Slime","floor":10,"turns":5},{"damage":2,"enemies":"Lagavulin","floor":13,"turns":4},{"damage":22,"enemies":"The Guardian","floor":16,"turns":14},{"damage":0,"enemies":"Shell Parasite","floor":18,"turns":2},{"damage":0,"enemies":"Chosen","floor":19,"turns":2},{"damage":11,"enemies":"Shelled Parasite and Fungi","floor":20,"turns":4},{"damage":0,"enemies":"Cultist and Chosen","floor":22,"turns":2},{"damage":12,"enemies":"Book of Stabbing","floor":23,"turns":2},{"damage":7,"enemies":"Slavers","floor":25,"turns":4},{"damage":8,"enemies":"Book of Stabbing","floor":28,"turns":3},{"damage":0,"enemies":"Sentry and Sphere","floor":30,"turns":1},{"damage":0,"enemies":"3 Cultists","floor":31,"turns":3},{"damage":22,"enemies":"Collector","floor":33,"turns":7},{"damage":2,"enemies":"3 Shapes","floor":35,"turns":1},{"damage":1,"enemies":"3 Darklings","floor":38,"turns":3},{"damage":0,"enemies":"Writhing Mass","floor":39,"turns":2},{"damage":7,"enemies":"Giant Head","floor":40,"turns":5},{"damage":19,"enemies":"Transient","floor":42,"turns":5},{"damage":14,"enemies":"Reptomancer","floor":47,"turns":3},{"damage":10,"enemies":"Donu and Deca","floor":50,"turns":6}],"seed_played":"-1079565188579867244","potions_obtained":[{"floor":1,"key":"Poison Potion"},{"floor":5,"key":"sneckomod:MuddlingPotion"},{"floor":6,"key":"Ancient Potion"},{"floor":13,"key":"GhostInAJar"},{"floor":22,"key":"Energy Potion"},{"floor":23,"key":"Swift Potion"},{"floor":33,"key":"Guardian:BlockOnCardUsePotion"},{"floor":35,"key":"Swift Potion"},{"floor":39,"key":"PowerPotion"},{"floor":40,"key":"SneckoOil"}],"is_trial":false,"path_per_floor":["M","M","?","?","M","E","R","M","T","M","R","?","E","T","R","B",null,"M","M","M","?","M","E","R","E","T","?","E","R","M","M","R","B",null,"M","?","$","M","M","E","R","M","T","R","?","$","E","?","R","B",null],"character_chosen":"THE_SILENT","items_purchased":["Flash of Steel","ClockworkSouvenir","Bronze Scales"],"campfire_rested":3,"item_purchase_floors":[37,46,46],"current_hp_per_floor":[70,70,70,70,70,52,52,52,52,52,70,56,54,54,54,32,70,70,70,59,59,59,47,47,40,50,50,42,42,42,42,66,54,80,78,76,76,75,76,69,69,55,55,55,55,55,41,41,41,31],"gold":221,"neow_bonus":"REMOVE_CARD","is_daily":false,"chose_seed":false,"campfire_upgraded":6,"win_rate":0.0,"timestamp":1612399270,"path_taken":["M","M","?","?","M","E","R","?","T","M","R","?","E","?","R","BOSS","M","M","M","?","M","E","R","E","T","?","E","R","M","M","R","BOSS","M","?","$","M","M","E","R","M","T","R","?","$","E","?","R","BOSS"],"items_purchased_type":["Card","Relic","Relic"],"build_version":"2020-12-22","purchased_purges":2,"victory":true,"max_hp_per_floor":[70,70,70,70,70,70,70,70,70,70,70,70,70,70,70,70,70,70,70,70,70,70,70,70,70,80,80,80,80,80,80,80,80,80,80,76,76,76,76,76,76,76,76,76,76,73,73,73,73,73],"card_choices":[{"not_picked":["Acrobatics","Distraction"],"picked":"Masterful Stab","floor":1},{"not_picked":["Distraction","Dagger Throw","Flying Knee"],"picked":"SKIP","floor":2},{"not_picked":["Poisoned Stab","Flying Knee"],"picked":"Bane","floor":5},{"not_picked":["Dagger Throw","Eviscerate"],"picked":"Unload","floor":6},{"not_picked":["Poisoned Stab","Slice","Heel Hook"],"picked":"SKIP","floor":8},{"not_picked":["Heel Hook","Poisoned Stab","All Out Attack"],"picked":"SKIP","floor":10},{"not_picked":["Choke","Malaise","Deflect"],"picked":"SKIP","floor":13},{"not_picked":["Wraith Form v2","Burst"],"picked":"Envenom","floor":16},{"not_picked":["Sucker Punch","Bane"],"picked":"Masterful Stab","floor":18},{"not_picked":["Reflex+1","Footwork"],"picked":"Slice+1","floor":19},{"not_picked":["Predator","Sucker Punch+1","Deadly Poison"],"picked":"SKIP","floor":20},{"not_picked":["Underhanded Strike+1","Backflip","Sucker Punch"],"picked":"SKIP","floor":22},{"not_picked":["Dagger Throw","Acrobatics+1"],"picked":"Escape Plan","floor":23},{"not_picked":["Caltrops","Poisoned Stab"],"picked":"Escape Plan","floor":25},{"not_picked":["Backflip","Deadly Poison+1","Sucker Punch"],"picked":"SKIP","floor":28},{"not_picked":["Expertise","Bouncing Flask"],"picked":"After Image","floor":30},{"not_picked":["Poisoned Stab","Prepared","Dagger Throw"],"picked":"SKIP","floor":31},{"not_picked":["Envenom","Malaise"],"picked":"Unload","floor":33},{"not_picked":["Dodge and Roll+1"],"picked":"SKIP","floor":35},{"not_picked":["Choke"],"picked":"SKIP","floor":38},{"not_picked":[],"picked":"Outmaneuver","floor":39},{"not_picked":["Heel Hook+1"],"picked":"SKIP","floor":40},{"not_picked":["Poisoned Stab+1"],"picked":"SKIP","floor":42},{"not_picked":[],"picked":"Trip","floor":45},{"not_picked":[],"picked":"Slice+1","floor":47}],"player_experience":83367,"relics_obtained":[{"floor":6,"key":"Centennial Puzzle"},{"floor":9,"key":"Pen Nib"},{"floor":13,"key":"Ninja Scroll"},{"floor":14,"key":"Toy Ornithopter"},{"floor":23,"key":"Boot"},{"floor":25,"key":"Matryoshka"},{"floor":26,"key":"Pear"},{"floor":26,"key":"Shuriken"},{"floor":28,"key":"Blue Candle"},{"floor":40,"key":"Ornamental Fan"},{"floor":43,"key":"Paper Crane"},{"floor":43,"key":"Meat on the Bone"},{"floor":47,"key":"PreservedInsect"}],"event_choices":[{"damage_healed":0,"gold_gain":57,"player_choice":"Gained Gold","damage_taken":0,"max_hp_gain":0,"max_hp_loss":0,"event_name":"Golden Wing","floor":3,"gold_loss":0},{"damage_healed":0,"gold_gain":0,"player_choice":"Forge","damage_taken":0,"max_hp_gain":0,"max_hp_loss":0,"event_name":"Accursed Blacksmith","floor":4,"gold_loss":0,"cards_upgraded":["Masterful Stab"]},{"damage_healed":0,"gold_gain":0,"player_choice":"Entered Light","damage_taken":14,"max_hp_gain":0,"max_hp_loss":0,"event_name":"Shining Light","floor":12,"gold_loss":0,"cards_upgraded":["Defend_G","Bane"]},{"damage_healed":0,"gold_gain":0,"player_choice":"Inject Mutagens","damage_taken":0,"relics_obtained":["MutagenicStrength"],"max_hp_gain":0,"max_hp_loss":0,"event_name":"Drug Dealer","floor":21,"gold_loss":0},{"damage_healed":0,"gold_gain":0,"player_choice":"Obtained Relic","damage_taken":0,"relics_obtained":["Letter Opener"],"max_hp_gain":0,"max_hp_loss":0,"event_name":"Addict","floor":27,"gold_loss":85},{"damage_healed":0,"gold_gain":0,"player_choice":"Max HP","damage_taken":0,"max_hp_gain":0,"max_hp_loss":4,"event_name":"Winding Halls","floor":36,"gold_loss":0},{"damage_healed":0,"gold_gain":0,"player_choice":"Memory 1","damage_taken":0,"max_hp_gain":0,"max_hp_loss":0,"event_name":"SensoryStone","floor":45,"gold_loss":0},{"damage_healed":0,"gold_gain":0,"player_choice":"Upgrade","damage_taken":0,"relics_obtained":["Mark of the Bloom"],"max_hp_gain":0,"max_hp_loss":0,"event_name":"MindBloom","floor":48,"gold_loss":0,"cards_upgraded":["Strike_G","Strike_G","Strike_G","Strike_G","Defend_G","Defend_G","Defend_G","Survivor","Escape Plan","Escape Plan","After Image","Outmaneuver","Trip"]}],"is_beta":false,"boss_relics":[{"not_picked":["Fusion Hammer","Cursed Key"],"picked":"WristBlade"},{"not_picked":["Runic Pyramid","Coffee Dripper"],"picked":"Busted Crown"}],"items_purged_floors":[37,46],"is_endless":false,"potions_floor_spawned":[1,5,6,13,22,23,25,28,33,35,39,40],"ascension_level":1}}