{"host":"d2y4rmbezebiv8aj","time":1612431859,"event":{"mods":["AchievementEnabler","BaseMod","Bestiary","BetterRewards","Colored Map","Colored Powertips","Custom Start","Highlight Path","Minty Spire (QoL Compilation)","Quick Restart","Rare Cards Sparkle","Relic Sorter","Relic Stats","Shop Mod","Slay-I","StSLib","SuperFastMode"],"gold_per_floor":[111,130,405,417,431,431,449,449,494,525,525,539,539,552,552,628,628,645,645,744,234,245,296,296,315,340,354,380,380,380],"floor_reached":29,"language":"DEU","playtime":799,"items_purged":[],"score":590,"play_id":"e728683c-9450-4815-b332-a05554ad25d2","local_time":"20210204104419","is_ascension_mode":true,"campfire_choices":[{"data":"Apotheosis","floor":6.0,"key":"SMITH"},{"floor":8.0,"key":"REST"},{"data":"Infinite Blades","floor":11.0,"key":"SMITH"},{"data":"Blade Dance","floor":15,"key":"SMITH"}],"circlet_count":0,"master_deck":["AscendersBane","Strike_G","Strike_G","Strike_G","Strike_G","Strike_G","Defend_G","Defend_G","Defend_G","Defend_G","Defend_G","Survivor","Neutralize","Apotheosis+1","Dagger Spray","Backflip","Blade Dance+1","Flying Knee","Flying Knee","Cloak And Dagger","Infinite Blades+1","Slice+1","Parasite","Blade Dance","Unload+1","Quick Slash+1","Writhe","Accuracy","Swift Strike+1","Quick Slash+1","Caltrops","PiercingWail","Blade Dance+1","Slice+1"],"relics":["Ring of the Serpent","Torii","Anchor","Molten Egg 2","Centennial Puzzle","ClockworkSouvenir","Strawberry","Dream Catcher","Bag of Marbles","Regal Pillow"],"acts_visited":["Exordium","TheCity"],"potions_floor_usage":[22,28,28,29],"damage_taken":[{"damage":1.0,"enemies":"Jaw Worm","floor":1.0,"turns":6.0},{"damage":6.0,"enemies":"Cultist","floor":2.0,"turns":4.0},{"damage":3.0,"enemies":"Small Slimes","floor":4.0,"turns":4.0},{"damage":2.0,"enemies":"Blue Slaver","floor":5.0,"turns":4.0},{"damage":2.0,"enemies":"Looter","floor":7.0,"turns":3.0},{"damage":3.0,"enemies":"Gremlin Nob","floor":10.0,"turns":4.0},{"damage":12.0,"enemies":"3 Louse","floor":12.0,"turns":4.0},{"damage":1,"enemies":"Gremlin Gang","floor":14,"turns":4},{"damage":19,"enemies":"Hexaghost","floor":16,"turns":10},{"damage":13,"enemies":"Spheric Guardian","floor":18,"turns":4},{"damage":1,"enemies":"3 Byrds","floor":22,"turns":3},{"damage":27,"enemies":"3 Cultists","floor":25,"turns":5},{"damage":11,"enemies":"Snecko","floor":27,"turns":5},{"damage":7,"enemies":"Gremlin Leader","floor":28,"turns":6},{"damage":17,"enemies":"Shelled Parasite and Fungi","floor":29,"turns":3}],"seed_played":"2801540577787537350","potions_obtained":[{"floor":4.0,"key":"LiquidMemories"},{"floor":7.0,"key":"FearPotion"},{"floor":16,"key":"SpeedPotion"},{"floor":22,"key":"Explosive Potion"},{"floor":27,"key":"LiquidBronze"},{"floor":28,"key":"PowerPotion"}],"is_trial":false,"path_per_floor":["M","M","?","M","M","R","M","R","T","E","R","M","?","M","R","B",null,"M","?","?","$","M","T","?","M","T","M","E","M"],"character_chosen":"THE_SILENT","items_purchased":["Apotheosis","Torii","Dagger Spray","Accuracy","ClockworkSouvenir","Strawberry","Swift Strike+1","Quick Slash+1"],"campfire_rested":1,"item_purchase_floors":[0,0,0,21,21,21,21,21],"current_hp_per_floor":[41,35,35,32,30,30,28,47,47,44,44,32,48,47,47,28,57,44,44,44,51,50,50,50,23,23,12,5,0,0],"gold":380,"neow_bonus":"","is_daily":false,"chose_seed":false,"campfire_upgraded":3,"win_rate":0.0,"timestamp":1612431859,"path_taken":["M","M","?","M","M","R","?","R","T","E","R","M","?","M","R","BOSS","M","?","?","$","M","?","?","M","T","M","E","?"],"items_purchased_type":["Card","Relic","Card","Card","Relic","Relic","Card","Card"],"build_version":"2020-12-22","purchased_purges":0,"victory":false,"max_hp_per_floor":[66,66,66,66,66,66,66,66,66,66,66,66,66,66,66,66,66,66,66,66,73,73,73,73,73,73,73,73,73,73],"relic_stats":{"Centennial Puzzle":[15],"Dream Catcher":0,"Regal Pillow":0,"Torii":28,"counters":[170,838],"obtain_stats":[{"TwistedFunnel":12,"Ice Cream":47,"Gremlin Horn":17,"Nilry\u0027s Codex":20,"Vajra":43,"Ginger":22,"Boot":10,"Sling":4,"Blood Vial":7,"Centennial Puzzle":26,"HornCleat":8,"DollysMirror":25,"Sundial":43,"Strawberry":21,"Philosopher\u0027s Stone":17,"MealTicket":22,"Kunai":25,"Toxic Egg 2":0,"Happy Flower":26,"Dead Branch":0,"Oddly Smooth Stone":17,"Eternal Feather":8,"Pen Nib":19,"Paper Crane":29,"War Paint":24,"Question Card":40,"SlaversCollar":34,"Shuriken":43,"Bronze Scales":11,"Bird Faced Urn":6,"Molten Egg 2":10,"Black Star":34,"Ring of the Serpent":34,"Meat on the Bone":28,"Pocketwatch":17,"Darkstone Periapt":9,"Regal Pillow":21,"Lantern":46,"Singing Bowl":13,"Torii":24,"Snake Skull":15,"Juzu Bracelet":23,"Smiling Mask":19,"Empty Cage":17,"Ancient Tea Set":44,"Cursed Key":34,"ClockworkSouvenir":0,"Nunchaku":27,"Dream Catcher":26,"Shovel":0,"WristBlade":17,"Mummified Hand":28,"Ninja Scroll":0,"Gambling Chip":20,"Toolbox":14,"Tiny Chest":26,"Red Mask":19,"InkBottle":6,"Ring of the Snake":0,"Potion Belt":30,"Lee\u0027s Waffle":19,"NeowsBlessing":0,"The Specimen":17,"Thread and Needle":9,"PreservedInsect":29,"Omamori":9,"Orichalcum":9,"White Beast Statue":8,"Calling Bell":17,"Peace Pipe":45,"Anchor":40,"CaptainsWheel":0,"Ornamental Fan":11,"Bag of Marbles":26,"Membership Card":19,"FossilizedHelix":37,"Toy Ornithopter":10},{"TwistedFunnel":47,"Ice Cream":121,"Gremlin Horn":28,"Nilry\u0027s Codex":63,"Vajra":39,"Ginger":89,"Boot":46,"Sling":145,"Blood Vial":46,"Centennial Puzzle":113,"HornCleat":126,"DollysMirror":31,"Sundial":98,"Strawberry":165,"Philosopher\u0027s Stone":9,"MealTicket":131,"Kunai":65,"Toxic Egg 2":77,"Happy Flower":65,"Dead Branch":19,"Oddly Smooth Stone":28,"Eternal Feather":59,"Pen Nib":130,"Paper Crane":68,"War Paint":113,"Question Card":72,"SlaversCollar":17,"Shuriken":73,"Bronze Scales":59,"Bird Faced Urn":81,"Molten Egg 2":161,"Black Star":69,"Ring of the Serpent":34,"Meat on the Bone":32,"Pocketwatch":87,"Darkstone Periapt":82,"Regal Pillow":10,"Lantern":40,"Singing Bowl":60,"Torii":113,"Snake Skull":48,"Juzu Bracelet":12,"Smiling Mask":10,"Empty Cage":49,"Ancient Tea Set":99,"Cursed Key":136,"ClockworkSouvenir":77,"Nunchaku":14,"Dream Catcher":31,"Shovel":43,"WristBlade":129,"Mummified Hand":32,"Ninja Scroll":43,"Gambling Chip":130,"Toolbox":60,"Tiny Chest":13,"Red Mask":152,"InkBottle":25,"Ring of the Snake":0,"Potion Belt":93,"Lee\u0027s Waffle":110,"NeowsBlessing":0,"The Specimen":28,"Thread and Needle":106,"PreservedInsect":33,"Omamori":25,"Orichalcum":7,"White Beast Statue":106,"Calling Bell":28,"Peace Pipe":120,"Anchor":72,"CaptainsWheel":122,"Ornamental Fan":7,"Bag of Marbles":167,"Membership Card":50,"FossilizedHelix":138,"Toy Ornithopter":147},{"TwistedFunnel":194,"Ice Cream":587,"Gremlin Horn":127,"Nilry\u0027s Codex":265,"Vajra":171,"Ginger":395,"Boot":193,"Sling":725,"Blood Vial":193,"Centennial Puzzle":534,"HornCleat":615,"DollysMirror":141,"Sundial":452,"Strawberry":816,"Philosopher\u0027s Stone":26,"MealTicket":638,"Kunai":276,"Toxic Egg 2":346,"Happy Flower":276,"Dead Branch":83,"Oddly Smooth Stone":127,"Eternal Feather":243,"Pen Nib":634,"Paper Crane":294,"War Paint":534,"Question Card":326,"SlaversCollar":67,"Shuriken":332,"Bronze Scales":243,"Bird Faced Urn":358,"Molten Egg 2":794,"Black Star":303,"Ring of the Serpent":154,"Meat on the Bone":143,"Pocketwatch":389,"Darkstone Periapt":363,"Regal Pillow":27,"Lantern":173,"Singing Bowl":247,"Torii":534,"Snake Skull":195,"Juzu Bracelet":36,"Smiling Mask":27,"Empty Cage":204,"Ancient Tea Set":456,"Cursed Key":672,"ClockworkSouvenir":346,"Nunchaku":47,"Dream Catcher":141,"Shovel":188,"WristBlade":629,"Mummified Hand":143,"Ninja Scroll":188,"Gambling Chip":634,"Toolbox":247,"Tiny Chest":41,"Red Mask":756,"InkBottle":109,"Ring of the Snake":0,"Potion Belt":417,"Lee\u0027s Waffle":516,"NeowsBlessing":0,"The Specimen":127,"Thread and Needle":492,"PreservedInsect":146,"Omamori":109,"Orichalcum":15,"White Beast Statue":492,"Calling Bell":127,"Peace Pipe":582,"Anchor":326,"CaptainsWheel":602,"Ornamental Fan":15,"Bag of Marbles":824,"Membership Card":205,"FossilizedHelix":683,"Toy Ornithopter":734}]},"card_choices":[{"not_picked":["Bouncing Flask","Flechettes"],"picked":"Backflip","floor":1.0},{"not_picked":["PiercingWail","Predator"],"picked":"Blade Dance","floor":2.0},{"not_picked":["Concentrate","Flechettes"],"picked":"Flying Knee","floor":4.0},{"not_picked":["Underhanded Strike","Backflip"],"picked":"Flying Knee","floor":5.0},{"not_picked":["Calculated Gamble","Dagger Spray"],"picked":"Cloak And Dagger","floor":7.0},{"not_picked":["Sucker Punch+1","Wraith Form v2"],"picked":"Infinite Blades","floor":10.0},{"not_picked":["PiercingWail","Deadly Poison"],"picked":"Slice+1","floor":12.0},{"not_picked":["Poisoned Stab+1","Endless Agony+1"],"picked":"Blade Dance","floor":14},{"not_picked":["Grand Finale+1","Venomology"],"picked":"Unload+1","floor":16},{"not_picked":["Poisoned Stab+1","Catalyst"],"picked":"Quick Slash+1","floor":18},{"not_picked":["Poisoned Stab+1","Deflect"],"picked":"Caltrops","floor":22},{"not_picked":["Dodge and Roll+1","Underhanded Strike+1"],"picked":"PiercingWail","floor":25},{"not_picked":["Eviscerate+1","Prepared"],"picked":"Blade Dance+1","floor":27},{"not_picked":["Catalyst","Well Laid Plans+1"],"picked":"Slice+1","floor":28}],"player_experience":405422,"relics_obtained":[{"floor":9.0,"key":"Anchor"},{"floor":10.0,"key":"Molten Egg 2"},{"floor":23,"key":"Dream Catcher"},{"floor":26,"key":"Bag of Marbles"},{"floor":28,"key":"Regal Pillow"}],"event_choices":[{"damage_healed":0.0,"max_hp_gain":0.0,"max_hp_loss":0.0,"gold_gain":275.0,"event_name":"Golden Shrine","player_choice":"Desecrate","floor":3.0,"gold_loss":0.0,"damage_taken":0.0,"cards_obtained":["Regret"]},{"damage_healed":16.0,"max_hp_gain":0.0,"max_hp_loss":0.0,"gold_gain":0.0,"event_name":"Mushrooms","player_choice":"Healed and dodged fight","floor":13.0,"gold_loss":0.0,"damage_taken":0.0,"cards_obtained":["Parasite"]},{"damage_healed":0,"gold_gain":0,"player_choice":"Opened","damage_taken":0,"relics_obtained":["Centennial Puzzle"],"max_hp_gain":0,"max_hp_loss":0,"event_name":"The Mausoleum","floor":19,"gold_loss":0,"cards_obtained":["Writhe"]},{"damage_healed":0,"gold_gain":99,"player_choice":"Stole From Cult","damage_taken":0,"max_hp_gain":0,"max_hp_loss":0,"event_name":"Nest","floor":20,"gold_loss":0},{"cards_removed":["Regret"],"damage_healed":0,"gold_gain":0,"player_choice":"Purged","damage_taken":0,"max_hp_gain":0,"max_hp_loss":0,"event_name":"Purifier","floor":24,"gold_loss":0}],"is_beta":false,"boss_relics":[{"not_picked":["Ectoplasm","Fusion Hammer"],"picked":"Ring of the Serpent"}],"items_purged_floors":[],"is_endless":false,"potions_floor_spawned":[4,7,16,22,27,28],"killed_by":"Shelled Parasite and Fungi","ascension_level":14}}