{"host":"xg4r5pv6chpuampg","time":1612442054,"event":{"mods":["AchievementEnabler","BaseMod","Googly Eyes","Minty Spire (QoL Compilation)"],"gold_per_floor":[119,119,119,130,20,45,45,64,64,64,46,57,57,69,69,174,224,235,245,344,344,344,359,359,375,422,422,422],"floor_reached":27,"language":"ENG","playtime":1572,"items_purged":[],"score":238,"play_id":"de281f4a-a3cf-4e64-864e-fa600363b334","local_time":"20210204153414","is_ascension_mode":false,"campfire_choices":[{"floor":7,"key":"RECALL"},{"data":"PathToVictory","floor":10,"key":"SMITH"},{"data":"DeusExMachina","floor":13,"key":"SMITH"},{"data":"Consecrate","floor":15,"key":"SMITH"}],"circlet_count":0,"master_deck":["Strike_P+1","Strike_P+1","Strike_P+1","Strike_P+1","Defend_P+1","Defend_P+1","Defend_P+1","Defend_P+1","Eruption","Vigilance+1","PathToVictory+1","Evaluate","DeceiveReality","LikeWater","Vengeance","PathToVictory","Halt","DeusExMachina+1","Consecrate+1","DevaForm","Adaptation","ClearTheMind","Crescendo+1","Sanctity","Tantrum+1"],"relics":["PureWater","NeowsBlessing","Mercury Hourglass","The Courier","Eternal Feather","Tiny House"],"acts_visited":["Exordium","TheCity"],"potions_floor_usage":[24,24,25],"damage_taken":[{"damage":0,"enemies":"2 Louse","floor":1,"turns":1},{"damage":0,"enemies":"Jaw Worm","floor":4,"turns":1},{"damage":0,"enemies":"Gremlin Nob","floor":6,"turns":1},{"damage":0,"enemies":"Cultist","floor":8,"turns":2},{"damage":4,"enemies":"3 Louse","floor":12,"turns":2},{"damage":20,"enemies":"Looter","floor":14,"turns":2},{"damage":28,"enemies":"The Guardian","floor":16,"turns":7},{"damage":15,"enemies":"2 Thieves","floor":18,"turns":2},{"damage":13,"enemies":"Shell Parasite","floor":19,"turns":6},{"damage":11,"enemies":"Shelled Parasite and Fungi","floor":23,"turns":4},{"damage":0,"enemies":"Masked Bandits","floor":24,"turns":2},{"damage":30,"enemies":"Snecko","floor":25,"turns":3},{"damage":10,"enemies":"3 Cultists","floor":27,"turns":2}],"seed_played":"-6484688202142960215","potions_obtained":[{"floor":3,"key":"SmokeBomb"},{"floor":3,"key":"GamblersBrew"},{"floor":3,"key":"EssenceOfSteel"},{"floor":12,"key":"DuplicationPotion"}],"is_trial":false,"path_per_floor":["M","?","?","M","$","E","R","M","T","R","$","M","R","M","R","B",null,"M","M","?","?","?","M","?","M","T","M"],"character_chosen":"WATCHER","items_purchased":["DeceiveReality","LikeWater","Halt"],"campfire_rested":0,"item_purchase_floors":[5,5,11],"current_hp_per_floor":[72,69,69,69,69,69,69,69,69,72,72,68,72,52,61,33,77,62,49,49,49,49,38,38,8,8,0,0],"gold":422,"neow_bonus":"THREE_ENEMY_KILL","is_daily":false,"chose_seed":false,"campfire_upgraded":3,"win_rate":0.0,"timestamp":1612442054,"path_taken":["M","?","?","?","$","E","R","M","T","R","$","M","R","M","R","BOSS","M","M","?","?","?","?","?","M","T","M"],"items_purchased_type":["Card","Card","Card"],"build_version":"2020-12-22","purchased_purges":0,"victory":false,"max_hp_per_floor":[72,72,72,72,72,72,72,72,72,72,72,72,72,72,72,72,77,77,77,77,77,77,77,77,77,77,77,77],"card_choices":[{"not_picked":["Swivel","Protect"],"picked":"PathToVictory","floor":1},{"not_picked":["SashWhip","CutThroughFate"],"picked":"Evaluate","floor":4},{"not_picked":["Collect","FollowUp"],"picked":"Vengeance","floor":6},{"not_picked":["Evaluate","Meditate"],"picked":"PathToVictory","floor":8},{"not_picked":["Study","CrushJoints"],"picked":"DeusExMachina","floor":12},{"not_picked":["SashWhip","ThirdEye"],"picked":"Consecrate","floor":14},{"not_picked":["Scrawl","LessonLearned"],"picked":"DevaForm","floor":16},{"not_picked":["SashWhip","FollowUp"],"picked":"Adaptation","floor":17},{"not_picked":["Nirvana","CutThroughFate"],"picked":"ClearTheMind","floor":18},{"not_picked":["Swivel","Halt"],"picked":"Crescendo+1","floor":19},{"not_picked":["SandsOfTime","WreathOfFlame+1"],"picked":"Sanctity","floor":23},{"not_picked":["BowlingBash","JustLucky"],"picked":"Tantrum+1","floor":25}],"player_experience":66769,"relics_obtained":[{"floor":6,"key":"The Courier"},{"floor":9,"key":"Eternal Feather"}],"event_choices":[{"damage_healed":0,"gold_gain":0,"player_choice":"Success","damage_taken":3,"relics_obtained":["Mercury Hourglass"],"max_hp_gain":0,"max_hp_loss":0,"event_name":"Scrap Ooze","floor":2,"gold_loss":0},{"damage_healed":0,"gold_gain":0,"player_choice":"Got Potions","damage_taken":0,"max_hp_gain":0,"max_hp_loss":0,"event_name":"Lab","floor":3,"gold_loss":0},{"damage_healed":0,"gold_gain":99,"player_choice":"Stole From Cult","damage_taken":0,"max_hp_gain":0,"max_hp_loss":0,"event_name":"Nest","floor":20,"gold_loss":0},{"damage_healed":0,"gold_gain":0,"player_choice":"Simplicity","damage_taken":0,"max_hp_gain":0,"max_hp_loss":0,"event_name":"Back to Basics","floor":21,"gold_loss":0,"cards_upgraded":["Strike_P","Strike_P","Strike_P","Strike_P","Defend_P","Defend_P","Defend_P","Defend_P"]},{"damage_healed":0,"gold_gain":0,"player_choice":"Ignored","damage_taken":0,"max_hp_gain":0,"max_hp_loss":0,"event_name":"NoteForYourself","floor":22,"gold_loss":0},{"damage_healed":0,"gold_gain":0,"player_choice":"Fought Bandits","damage_taken":0,"max_hp_gain":0,"max_hp_loss":0,"event_name":"Masked Bandits","floor":24,"gold_loss":0}],"is_beta":false,"boss_relics":[{"not_picked":["Fusion Hammer","Empty Cage"],"picked":"Tiny House"}],"items_purged_floors":[],"is_endless":false,"potions_floor_spawned":[6,12,14,16,19,24],"killed_by":"3 Cultists","ascension_level":0}}