{"host":"t9q14bihfoo75lsb","time":1612416070,"event":{"mods":["100% Spire Juice","Act Like it!","Arknights","BaseMod","Elementarium","Hermit","Koishi","Minty Spire (QoL Compilation)","Prisma Mod","Shop Mod","Spicy Shops","StSLib","The Cursed","The Dragon Tamer","The Hierophant","The Runesmith"],"gold_per_floor":[109,184,184,194,219,219,231,231,231,251,270,293,326,337,337,337,337],"floor_reached":16,"language":"KOR","playtime":602,"items_purged":[],"score":107,"play_id":"8c4796d6-8377-4c0e-ad2d-b5a65274dc97","local_time":"20210204142110","is_ascension_mode":true,"campfire_choices":[{"data":"Koishi:MassHysteria","floor":6,"key":"SMITH"},{"data":"Koishi:UnconsciousUprising","floor":8,"key":"SMITH"},{"floor":15,"key":"RECALL"}],"circlet_count":0,"master_deck":["Koishi:BasicStrike","Koishi:BasicStrike","Koishi:BasicStrike","Koishi:BasicStrike","Koishi:BasicDefend","Koishi:BasicDefend","Koishi:BasicDefend","Koishi:BasicDefend","Koishi:Provoke+1","Koishi:HauntingSlash","Koishi:UnconsciousUprising+1","Koishi:MassHysteria+1","Koishi:JumpScare","Koishi:UnconsciousUrges","Koishi:SpiritedAway"],"relics":["Koishi:ImaginaryFriend","Kunai","Odd Mushroom","Blue Candle"],"acts_visited":["Exordium"],"potions_floor_usage":[13,16,16],"damage_taken":[{"damage":3,"enemies":"2 Louse","floor":1,"turns":3},{"damage":0,"enemies":"Small Slimes","floor":4,"turns":5},{"damage":6,"enemies":"Jaw Worm","floor":7,"turns":4},{"damage":0,"enemies":"Lots of Slimes","floor":10,"turns":1},{"damage":3,"enemies":"Blue Slaver","floor":11,"turns":5},{"damage":15,"enemies":"The Mushroom Lair","floor":12,"turns":4},{"damage":10,"enemies":"3 Sentries","floor":13,"turns":9},{"damage":2,"enemies":"Large Slime","floor":14,"turns":11},{"damage":24,"enemies":"Hexaghost","floor":16,"turns":14}],"seed_played":"728488634733629697","potions_obtained":[{"floor":4,"key":"Strength Potion"},{"floor":7,"key":"LiquidMemories"},{"floor":10,"key":"Swift Potion"}],"is_trial":false,"path_per_floor":["M","?","?","M","T","R","M","R","T","M","M","?","E","M","R","B"],"character_chosen":"KOISHI","items_purchased":[],"campfire_rested":0,"item_purchase_floors":[],"current_hp_per_floor":[58,47,47,49,49,49,45,45,45,45,45,33,24,22,22,0,0],"gold":337,"neow_bonus":"UPGRADE_CARD","is_daily":false,"chose_seed":false,"campfire_upgraded":2,"win_rate":0.0,"timestamp":1612416070,"path_taken":["M","?","?","M","?","R","M","R","T","M","?","?","E","M","R","BOSS"],"items_purchased_type":[],"build_version":"2020-12-22","purchased_purges":0,"victory":false,"max_hp_per_floor":[60,60,60,60,60,60,60,60,60,60,60,60,60,60,60,60,60],"card_choices":[{"not_picked":["Koishi:DreadfulBlow","Koishi:EmbersOfLove"],"picked":"Koishi:UnconsciousUprising","floor":1},{"not_picked":["Koishi:DNAsFlaw","Koishi:YoukaiPolygraph"],"picked":"Koishi:MassHysteria","floor":4},{"not_picked":["Koishi:ParalyzingFear","Koishi:RacingHeart","Koishi:UnconsciousUprising"],"picked":"SKIP","floor":7},{"not_picked":["Koishi:MassHysteria","Koishi:FidgetySnatcher"],"picked":"Koishi:JumpScare","floor":10},{"not_picked":["Koishi:HeartfeltFancy","Koishi:Prune"],"picked":"Koishi:UnconsciousUrges","floor":11},{"not_picked":["Koishi:GhostParty","Koishi:Jaunt","Koishi:UnseenTerror"],"picked":"SKIP","floor":13},{"not_picked":["Koishi:BloodcurdlingScream","Koishi:RacingHeart"],"picked":"Koishi:SpiritedAway","floor":14}],"player_experience":509295,"relics_obtained":[{"floor":9,"key":"Kunai"},{"floor":12,"key":"Odd Mushroom"},{"floor":13,"key":"Blue Candle"}],"event_choices":[{"damage_healed":0,"gold_gain":75,"player_choice":"Gather Gold","damage_taken":11,"max_hp_gain":0,"max_hp_loss":0,"event_name":"World of Goop","floor":2,"gold_loss":0},{"damage_healed":0,"gold_gain":0,"player_choice":"Leave","damage_taken":0,"max_hp_gain":0,"max_hp_loss":0,"event_name":"The Cleric","floor":3,"gold_loss":0},{"damage_healed":0,"gold_gain":0,"player_choice":"Fought Mushrooms","damage_taken":0,"max_hp_gain":0,"max_hp_loss":0,"event_name":"Mushrooms","floor":12,"gold_loss":0}],"is_beta":false,"boss_relics":[],"items_purged_floors":[],"is_endless":false,"potions_floor_spawned":[4,7,10],"killed_by":"Hexaghost","ascension_level":1}}