{"host":"ec2wu4mdnvke243f","time":1612457175,"event":{"mods":["2.2 Compatiblity","AchievementEnabler","BaseMod","Defuse TimeMaze Blight","Downfall","Hermit","Infinite Spire","Minty Spire (QoL Compilation)","StSLib","The Cursed","The Disciple","The Jungle","The Servant 0.9.4"],"gold_per_floor":[119,135,135,135,310,339,392,392,392,408,408,408,448,448,448,573,573,597,597,597,370,393,434,434,434,434,434,434,447,447,292,292,411,411,430,493,493,509,509,552,279,305,332,367,386,71,106,125,125,125],"floor_reached":51,"language":"POL","playtime":7926,"items_purged":[],"score":965,"play_id":"86ea1c95-0892-4682-9e5b-109d72ba3f4a","local_time":"20210204174615","daily_mods":["Colorless Cards","Flight"],"is_ascension_mode":false,"campfire_choices":[{"floor":8,"key":"REST"},{"floor":12,"key":"REST"},{"floor":15,"key":"REST"},{"floor":25,"key":"REST"},{"floor":32,"key":"REST"},{"data":"1","floor":49,"key":"LIFT"}],"circlet_count":0,"master_deck":["Strike_S","Strike_S","Strike_S","Strike_S","Defend_S+1","Defend_S","Defend_S","KidneyShot","Exchange","ShatteredReality","TimeWarp","Doubt","TimeWarp","Potential","Injury","Dramatic Entrance+1","Panache","Misdirection+1","infinitespire:Fortify","infinitespire:UltimateForm","Luminosity","ShatteredReality","Starlight+1","Clumsy","Clumsy","downfall:Icky","RitualDagger","Apotheosis","Jack Of All Trades","Dilation","Alleviate","InstantArmor+1","RealityMarble+1","Jack Of All Trades+1","BottledTime","Starlight","TheCursedMod:Dregs","Pain","downfall:Malfunctioning","Writhe","Rearm","TimeWarp","StarChef","BottledTime+1"],"relics":["SplendidAttire","infinitespire:CursedDice","Boot","Ginger","Golden Idol","Du-Vu Doll","champ:Barbells","infinitespire:PuzzleCube","downfall:ExtraCursedKey","Blue Candle","Sling","StoneMask","Girya","Gambling Chip","Bag of Marbles","Guardian:BottledAnomaly","Potion Belt","Slimebound:StickyStick","sneckomod:BlankCard","Membership Card","Lantern","Guardian:PocketSentry","Unceasing Top"],"acts_visited":["Exordium","TheCity","TheBeyond"],"potions_floor_usage":[14,14,33,36],"damage_taken":[{"damage":7,"enemies":"Small Slimes","floor":1,"turns":4},{"damage":0,"enemies":"2 Louse","floor":2,"turns":3},{"damage":45,"enemies":"Lagavulin","floor":6,"turns":9},{"damage":6,"enemies":"Jaw Worm","floor":10,"turns":3},{"damage":30,"enemies":"Gremlin Nob","floor":13,"turns":5},{"damage":0,"enemies":"Lagavulin","floor":14,"turns":2},{"damage":49,"enemies":"Slime Boss","floor":16,"turns":10},{"damage":4,"enemies":"3 Byrds","floor":18,"turns":4},{"damage":0,"enemies":"Shell Parasite","floor":22,"turns":3},{"damage":42,"enemies":"Slavers","floor":23,"turns":5},{"damage":6,"enemies":"3 Cultists","floor":29,"turns":3},{"damage":21,"enemies":"Collector","floor":33,"turns":7},{"damage":8,"enemies":"3 Shapes","floor":35,"turns":3},{"damage":28,"enemies":"Mind Bloom Boss Battle","floor":36,"turns":5},{"damage":0,"enemies":"3 Darklings","floor":38,"turns":3},{"damage":0,"enemies":"Giant Head","floor":40,"turns":7},{"damage":0,"enemies":"Reptomancer","floor":44,"turns":2},{"damage":6,"enemies":"4 Shapes","floor":45,"turns":1},{"damage":0,"enemies":"Giant Head","floor":47,"turns":3},{"damage":0,"enemies":"Transient","floor":48,"turns":5},{"damage":11,"enemies":"Awakened One","floor":50,"turns":6}],"seed_played":"2997589438179670407","potions_obtained":[{"floor":6,"key":"ColorlessPotion"},{"floor":10,"key":"SmokeBomb"},{"floor":16,"key":"CultistPotion"},{"floor":20,"key":"Energy Potion"},{"floor":20,"key":"infinitespire:BlackPotion"},{"floor":40,"key":"Weak Potion"},{"floor":44,"key":"Slimebound:ThreeZeroPotion"},{"floor":47,"key":"DistilledChaos"}],"is_trial":true,"path_per_floor":["M","M","?","?","?","E","T","R","T","M","?","R","E","E","R","B",null,"M","AVR","?","$","M","E","?","R","T","?","?","M","?","$","R","B",null,"M","?","?","M","?","E","$","T","T","E","M","$","E","M","R","B",null],"character_chosen":"THE_SERVANT","items_purchased":["Luminosity","champ:Barbells","Sling","Guardian:BottledAnomaly","hexamod:SoulburnPotion","BottledTime","Starlight","Membership Card","Lantern","Guardian:PocketSentry","StarChef"],"campfire_rested":5,"item_purchase_floors":[21,21,31,41,41,41,41,46,46,46,46],"current_hp_per_floor":[58,58,58,58,58,13,13,32,32,26,26,45,15,15,34,39,65,61,61,61,61,61,19,24,45,45,39,39,33,33,33,54,33,70,70,45,45,48,48,51,51,51,51,54,60,60,63,66,66,67],"gold":125,"neow_bonus":"","is_daily":false,"chose_seed":false,"campfire_upgraded":0,"win_rate":0.0,"timestamp":1612457175,"path_taken":["M","M","?","?","?","E","?","R","T","?","?","R","E","E","R","BOSS","M","AVR","?","$","?","E","?","R","T","?","?","?","?","?","R","BOSS","M","?","?","?","?","E","$","?","T","E","?","?","E","M","R","BOSS"],"items_purchased_type":["Card","Relic","Relic","Relic","Potion","Card","Card","Relic","Relic","Relic","Card"],"build_version":"2020-12-22","purchased_purges":0,"victory":true,"max_hp_per_floor":[65,65,65,65,65,65,65,65,65,65,65,65,65,65,65,65,65,65,65,65,65,65,65,70,70,70,70,70,70,70,70,70,70,70,73,74,74,75,75,76,76,76,76,77,81,81,82,83,83,87],"card_choices":[{"not_picked":["Defy","TimeWarp"],"picked":"ShatteredReality","floor":1},{"not_picked":["Revamp","FastForward"],"picked":"TimeWarp","floor":2},{"not_picked":["FastForward","Unruled"],"picked":"TimeWarp","floor":6},{"not_picked":["FanOfKnives","BestPractice"],"picked":"Potential","floor":10},{"not_picked":["Spin","Magnetism"],"picked":"Dramatic Entrance","floor":13},{"not_picked":["LightFlow","Chrysalis"],"picked":"Panache","floor":16},{"not_picked":["Unruled","Rearm"],"picked":"Misdirection+1","floor":18},{"not_picked":["Alleviate","Mayhem"],"picked":"ShatteredReality","floor":22},{"not_picked":["Ricochet","Revamp"],"picked":"Starlight","floor":23},{"not_picked":["Unruled","BottledTime"],"picked":"Jack Of All Trades","floor":29},{"not_picked":["FlawlessForm","Magnetism"],"picked":"Dilation","floor":33},{"not_picked":["DoubleEdge+1","Desolation+1"],"picked":"Alleviate","floor":35},{"not_picked":["ShatteredReality+1","Defy+1"],"picked":"InstantArmor+1","floor":36},{"not_picked":["Revamp+1","SoulSculpture"],"picked":"RealityMarble+1","floor":38},{"not_picked":["Contraction","Blind+1"],"picked":"Jack Of All Trades+1","floor":40},{"not_picked":["Barrier","Discovery+1"],"picked":"Rearm","floor":44},{"not_picked":["StarChef","Defy+1"],"picked":"TimeWarp","floor":45},{"not_picked":["Enlightenment+1","Rewind","DoubleEdge"],"picked":"SKIP","floor":47},{"not_picked":["FastForward","Rewind+1"],"picked":"BottledTime+1","floor":48}],"player_experience":583467,"relics_obtained":[{"floor":6,"key":"infinitespire:CursedDice"},{"floor":7,"key":"Boot"},{"floor":9,"key":"Ginger"},{"floor":13,"key":"Du-Vu Doll"},{"floor":23,"key":"infinitespire:PuzzleCube"},{"floor":26,"key":"Blue Candle"},{"floor":36,"key":"Girya"},{"floor":40,"key":"Bag of Marbles"},{"floor":42,"key":"Potion Belt"},{"floor":43,"key":"Slimebound:StickyStick"},{"floor":44,"key":"sneckomod:BlankCard"},{"floor":47,"key":"Unceasing Top"}],"event_choices":[{"damage_healed":0,"gold_gain":0,"player_choice":"Ignored","damage_taken":0,"max_hp_gain":0,"max_hp_loss":0,"event_name":"Golden Wing","floor":3,"gold_loss":0},{"damage_healed":0,"gold_gain":175,"player_choice":"AGREE","damage_taken":0,"max_hp_gain":0,"max_hp_loss":0,"event_name":"Liars Game","floor":5,"gold_loss":0,"cards_obtained":["Doubt"]},{"damage_healed":0,"gold_gain":0,"player_choice":"Take Wound","damage_taken":0,"relics_obtained":["Golden Idol"],"max_hp_gain":0,"max_hp_loss":0,"event_name":"Golden Idol","floor":11,"gold_loss":0,"cards_obtained":["Injury"]},{"damage_healed":0,"gold_gain":0,"player_choice":"Got Potions","damage_taken":0,"max_hp_gain":0,"max_hp_loss":0,"event_name":"Lab","floor":20,"gold_loss":0},{"damage_healed":0,"gold_gain":0,"player_choice":"Joined the Cult","damage_taken":6,"max_hp_gain":0,"max_hp_loss":0,"event_name":"Nest","floor":27,"gold_loss":0,"cards_obtained":["RitualDagger"]},{"damage_healed":0,"gold_gain":0,"player_choice":"1 cards matched","damage_taken":0,"max_hp_gain":0,"max_hp_loss":0,"event_name":"Match and Keep!","floor":28,"gold_loss":0,"cards_obtained":["Apotheosis"]},{"damage_healed":0,"gold_gain":0,"player_choice":"Ignored","damage_taken":0,"max_hp_gain":0,"max_hp_loss":0,"event_name":"Beggar","floor":30,"gold_loss":0},{"damage_healed":0,"gold_gain":0,"player_choice":"Fight","damage_taken":0,"max_hp_gain":0,"max_hp_loss":0,"event_name":"MindBloom","floor":36,"gold_loss":0},{"damage_healed":0,"gold_gain":0,"player_choice":"Gave Potion","damage_taken":0,"relics_obtained":["Gambling Chip"],"max_hp_gain":0,"max_hp_loss":0,"event_name":"WeMeetAgain","floor":37,"gold_loss":0},{"cards_removed":["Defend_S"],"damage_healed":0,"gold_gain":0,"player_choice":"Removed Skill","damage_taken":0,"max_hp_gain":0,"max_hp_loss":0,"event_name":"Falling","floor":39,"gold_loss":0}],"is_beta":false,"boss_relics":[{"not_picked":["sneckomod:SneckoTalon","Ectoplasm"],"picked":"SplendidAttire"},{"not_picked":["Black Star","MysterySword"],"picked":"StoneMask"}],"items_purged_floors":[],"is_endless":false,"potions_floor_spawned":[6,10,16,22,29,40,44,47],"ascension_level":0}}