{"host":"jrmqsbok61y7b34d","time":1612481464,"event":{"mods":["BaseMod","Better Skull","Colored Map","Colored Powertips","Emptier Cage","Minty Spire (QoL Compilation)","Permanent Neow","Quick Restart","Relic Stats","StSLib","Unceasing Turn Reminder"],"gold_per_floor":[115,265,265,20,39,71,83,83,131,146,158,158,15,41,41,116,116,134,20,32,49,64,64,99,99,169,169,269,269,299,309,309,383,383,394,404,404,415,435,435,462,480,480,160,160,192,192,221,221,221,221,221,19,52,52],"floor_reached":56,"language":"ENG","playtime":6073,"items_purged":["Defend_B","Strike_B","Strike_B"],"score":2060,"play_id":"64d659fc-9670-4017-8975-41fde87f5eb2","local_time":"20210204233104","is_ascension_mode":true,"campfire_choices":[{"data":"Reprogram","floor":8.0,"key":"SMITH"},{"data":"Bandage Up","floor":12.0,"key":"SMITH"},{"data":"Reprogram","floor":15.0,"key":"SMITH"},{"data":"Buffer","floor":23.0,"key":"SMITH"},{"data":"Streamline","floor":25.0,"key":"SMITH"},{"data":"Self Repair","floor":27.0,"key":"SMITH"},{"data":"Rip and Tear","floor":29.0,"key":"SMITH"},{"data":"BootSequence","floor":32.0,"key":"SMITH"},{"data":"Hyperbeam","floor":40.0,"key":"SMITH"},{"floor":47.0,"key":"RECALL"},{"data":"Undo","floor":49.0,"key":"SMITH"},{"data":"FTL","floor":52,"key":"SMITH"}],"circlet_count":0,"master_deck":["AscendersBane","Strike_B","Strike_B","Defend_B","Defend_B","Defend_B","Zap","Dualcast","FTL+1","Reprogram+1","Bandage Up+1","Rip and Tear+1","Undo+1","Streamline+1","Auto Shields","BootSequence+1","Echo Form","Reprogram+1","Buffer+1","Genetic Algorithm","Self Repair+1","Hologram+1","Machine Learning","Leap+1","Hyperbeam+1","Sweeping Beam","Hologram+1","Reinforced Body+1","Reinforced Body+1","Hologram+1","Seek+1","Rebound+1","Melter+1"],"relics":["Coffee Dripper","Spirit Poop","Bag of Preparation","Orichalcum","Bottled Tornado","SlaversCollar","Toy Ornithopter","Toxic Egg 2","StoneCalendar","HornCleat","Happy Flower","Snecko Eye","Molten Egg 2","Toolbox","Strawberry","White Beast Statue","Bronze Scales"],"acts_visited":["Exordium","TheCity","TheBeyond","TheEnding"],"potions_floor_usage":[55],"damage_taken":[{"damage":7.0,"enemies":"Jaw Worm","floor":1.0,"turns":3.0},{"damage":0.0,"enemies":"Small Slimes","floor":5.0,"turns":2.0},{"damage":24.0,"enemies":"Lagavulin","floor":6.0,"turns":8.0},{"damage":0.0,"enemies":"Cultist","floor":7.0,"turns":4.0},{"damage":0.0,"enemies":"Gremlin Gang","floor":10.0,"turns":4.0},{"damage":0.0,"enemies":"Blue Slaver","floor":11.0,"turns":3.0},{"damage":7.0,"enemies":"3 Sentries","floor":14.0,"turns":6.0},{"damage":29.0,"enemies":"Slime Boss","floor":16.0,"turns":9.0},{"damage":0.0,"enemies":"Spheric Guardian","floor":18.0,"turns":5.0},{"damage":22.0,"enemies":"2 Thieves","floor":20.0,"turns":4.0},{"damage":20.0,"enemies":"Centurion and Healer","floor":21.0,"turns":9.0},{"damage":2.0,"enemies":"Snecko","floor":22.0,"turns":8.0},{"damage":15.0,"enemies":"Book of Stabbing","floor":24.0,"turns":7.0},{"damage":6.0,"enemies":"Colosseum Slavers","floor":28.0,"turns":7.0},{"damage":0.0,"enemies":"Colosseum Nobs","floor":28.0,"turns":7.0},{"damage":16.0,"enemies":"Slavers","floor":30.0,"turns":8.0},{"damage":2.0,"enemies":"Sentry and Sphere","floor":31.0,"turns":6.0},{"damage":2.0,"enemies":"Automaton","floor":33.0,"turns":8.0},{"damage":0.0,"enemies":"Orb Walker","floor":35.0,"turns":5.0},{"damage":8.0,"enemies":"3 Shapes","floor":36.0,"turns":6.0},{"damage":7.0,"enemies":"3 Darklings","floor":38.0,"turns":4.0},{"damage":11.0,"enemies":"4 Shapes","floor":39.0,"turns":7.0},{"damage":2.0,"enemies":"Reptomancer","floor":41.0,"turns":5.0},{"damage":0.0,"enemies":"Spire Growth","floor":42.0,"turns":7.0},{"damage":0.0,"enemies":"Giant Head","floor":46.0,"turns":7.0},{"damage":0.0,"enemies":"Nemesis","floor":48.0,"turns":8.0},{"damage":22,"enemies":"Time Eater","floor":50,"turns":11},{"damage":0,"enemies":"Shield and Spear","floor":54,"turns":5},{"damage":62,"enemies":"The Heart","floor":55,"turns":10}],"seed_played":"-8644288464206038539","potions_obtained":[{"floor":1.0,"key":"AttackPotion"},{"floor":7.0,"key":"FocusPotion"},{"floor":11.0,"key":"Explosive Potion"},{"floor":16.0,"key":"SkillPotion"},{"floor":21.0,"key":"LiquidMemories"},{"floor":22.0,"key":"ColorlessPotion"},{"floor":31.0,"key":"FocusPotion"},{"floor":41.0,"key":"EssenceOfSteel"},{"floor":48.0,"key":"LiquidMemories"}],"is_trial":false,"path_per_floor":["M","?","?","$","M","E","M","R","T","M","M","R","$","E","R","B",null,"M","$","M","M","M","R","E","R","T","R","?","R","E","M","R","B",null,"M","M","?","M","M","R","E","M","T","$","?","E","R","E","R","B",null,"R","$","E","B",null],"character_chosen":"DEFECT","items_purchased":["Reprogram","Bandage Up","Rip and Tear","Echo Form","Genetic Algorithm","Toolbox","DistilledChaos","Melter+1"],"campfire_rested":0,"item_purchase_floors":[4,4,4,13,19,44,44,53],"current_hp_per_floor":[57,57,57,57,57,37,41,41,41,45,49,49,49,48,48,25,60,66,66,50,49,60,60,58,58,58,58,71,71,71,71,71,71,71,71,71,67,60,55,55,67,67,67,67,67,74,74,74,74,74,74,74,74,74,12],"gold":52,"neow_bonus":"BOSS_RELIC","is_daily":false,"chose_seed":false,"campfire_upgraded":11,"win_rate":0.0,"timestamp":1612481464,"path_taken":["M","?","?","$","?","E","M","R","T","M","M","R","$","E","R","BOSS","M","$","?","M","M","R","E","R","T","R","?","R","E","M","R","BOSS","M","M","?","M","M","R","E","M","T","$","?","E","R","E","R","BOSS","R","$","E","BOSS"],"items_purchased_type":["Card","Card","Card","Card","Card","Relic","Potion","Card"],"build_version":"2020-12-22","purchased_purges":3,"victory":true,"max_hp_per_floor":[71,71,71,71,71,71,71,71,71,71,71,71,71,71,71,71,71,71,71,71,71,71,71,71,71,71,71,71,71,71,71,71,71,71,71,71,67,67,67,67,67,67,67,67,67,74,74,74,74,74,74,74,74,74,74],"relic_stats":{"Happy Flower":[29],"counters":[29,183],"Bronze Scales":[144],"Snecko Eye":[137,131,146,129],"StoneCalendar":[324],"Bag of Preparation":[52],"Orichalcum":[138],"obtain_stats":[{"Happy Flower":30,"Spirit Poop":3,"StoneCalendar":28,"Bag of Preparation":6,"Orichalcum":9,"Bottled Tornado":14,"White Beast Statue":48,"SlaversCollar":17,"HornCleat":28,"Strawberry":46,"Bronze Scales":54,"Snecko Eye":34,"Toolbox":44,"Molten Egg 2":41,"Coffee Dripper":0,"Toxic Egg 2":26,"Cracked Core":0,"Toy Ornithopter":24},{"Happy Flower":16,"Spirit Poop":1,"StoneCalendar":15,"Bag of Preparation":3,"Orichalcum":4,"Bottled Tornado":7,"White Beast Statue":26,"SlaversCollar":8,"HornCleat":15,"Strawberry":25,"Bronze Scales":28,"Snecko Eye":18,"Toolbox":24,"Molten Egg 2":23,"Coffee Dripper":0,"Toxic Egg 2":13,"Cracked Core":0,"Toy Ornithopter":13},{"Happy Flower":94,"Spirit Poop":3,"StoneCalendar":86,"Bag of Preparation":13,"Orichalcum":17,"Bottled Tornado":30,"White Beast Statue":157,"SlaversCollar":39,"HornCleat":86,"Strawberry":149,"Bronze Scales":173,"Snecko Eye":108,"Toolbox":142,"Molten Egg 2":135,"Coffee Dripper":0,"Toxic Egg 2":72,"Cracked Core":0,"Toy Ornithopter":72}],"Toy Ornithopter":15},"card_choices":[{"not_picked":["Chill","Scrape"],"picked":"FTL","floor":1.0},{"not_picked":["Aggregate","Defragment","Redo"],"picked":"SKIP","floor":5.0},{"not_picked":["Hello World","Chaos"],"picked":"Undo","floor":6.0},{"not_picked":["Go for the Eyes","Defragment"],"picked":"Streamline","floor":7.0},{"not_picked":["Chaos","Beam Cell"],"picked":"Auto Shields","floor":10.0},{"not_picked":["Double Energy","Storm"],"picked":"BootSequence","floor":11.0},{"not_picked":["Glacier","Static Discharge"],"picked":"Reprogram","floor":14.0},{"not_picked":["Fission","Electrodynamics"],"picked":"Buffer","floor":16.0},{"not_picked":["Steam","Gash"],"picked":"Conserve Battery","floor":18.0},{"not_picked":["BootSequence+1","Doom and Gloom+1"],"picked":"Self Repair","floor":20.0},{"not_picked":["Static Discharge","Capacitor","White Noise+1"],"picked":"SKIP","floor":21.0},{"not_picked":["Hello World+1","Gash","Ball Lightning"],"picked":"SKIP","floor":22.0},{"not_picked":["Cold Snap","Turbo","Barrage"],"picked":"SKIP","floor":24.0},{"not_picked":["Gash","Defragment"],"picked":"Hologram+1","floor":28.0},{"not_picked":["Coolheaded+1","Auto Shields+1"],"picked":"Machine Learning","floor":30.0},{"not_picked":["Aggregate+1","Blizzard"],"picked":"Leap+1","floor":31.0},{"not_picked":["Multi-Cast+1","Reboot+1"],"picked":"Hyperbeam","floor":33.0},{"not_picked":["Heatsinks","Recycle+1"],"picked":"Sweeping Beam","floor":35.0},{"not_picked":["Leap+1","Turbo+1","Heatsinks+1"],"picked":"SKIP","floor":36.0},{"not_picked":["Redo+1","Blizzard"],"picked":"Hologram+1","floor":38.0},{"not_picked":["Hello World","Compile Driver+1"],"picked":"Reinforced Body+1","floor":39.0},{"not_picked":["Recycle+1","Double Energy+1"],"picked":"Reinforced Body+1","floor":41.0},{"not_picked":["Ball Lightning+1","Skim+1"],"picked":"Hologram+1","floor":42.0},{"not_picked":["Redo+1","Steam Power+1"],"picked":"Seek+1","floor":46.0},{"not_picked":["Sweeping Beam+1","Undo+1"],"picked":"Rebound+1","floor":48.0},{"not_picked":["Consume+1","Storm","Beam Cell+1"],"picked":"SKIP","floor":54}],"player_experience":1057499,"relics_obtained":[{"floor":6.0,"key":"Bag of Preparation"},{"floor":9.0,"key":"Orichalcum"},{"floor":14.0,"key":"Bottled Tornado"},{"floor":24.0,"key":"Toy Ornithopter"},{"floor":26.0,"key":"Toxic Egg 2"},{"floor":28.0,"key":"StoneCalendar"},{"floor":28.0,"key":"HornCleat"},{"floor":30.0,"key":"Happy Flower"},{"floor":41.0,"key":"Molten Egg 2"},{"floor":46.0,"key":"Strawberry"},{"floor":48.0,"key":"White Beast Statue"},{"floor":54,"key":"Bronze Scales"}],"event_choices":[{"damage_healed":0.0,"max_hp_gain":0.0,"max_hp_loss":0.0,"gold_gain":150.0,"event_name":"Liars Game","player_choice":"AGREE","floor":2.0,"gold_loss":0.0,"damage_taken":0.0,"cards_obtained":["Doubt"]},{"cards_removed":["Doubt"],"damage_healed":0.0,"max_hp_gain":0.0,"max_hp_loss":0.0,"gold_gain":0.0,"event_name":"Bonfire Elementals","player_choice":"Offered Curse","floor":3.0,"gold_loss":0.0,"damage_taken":0.0,"relics_obtained":["Spirit Poop"]},{"damage_healed":0.0,"max_hp_gain":0.0,"max_hp_loss":0.0,"gold_gain":0.0,"event_name":"Colosseum","player_choice":"Fight","floor":28.0,"gold_loss":0.0,"damage_taken":0.0},{"damage_healed":0.0,"max_hp_gain":0.0,"max_hp_loss":0.0,"gold_gain":0.0,"event_name":"Colosseum","player_choice":"Fought Nobs","floor":28.0,"gold_loss":0.0,"damage_taken":0.0},{"damage_healed":0.0,"max_hp_gain":0.0,"max_hp_loss":4.0,"gold_gain":0.0,"event_name":"Winding Halls","player_choice":"Max HP","floor":37.0,"gold_loss":0.0,"damage_taken":0.0},{"cards_removed":["Conserve Battery"],"damage_healed":0.0,"max_hp_gain":0.0,"max_hp_loss":0.0,"gold_gain":0.0,"event_name":"Falling","player_choice":"Removed Skill","floor":45.0,"gold_loss":0.0,"damage_taken":0.0}],"is_beta":false,"boss_relics":[{"not_picked":["SacredBark","Velvet Choker"],"picked":"SlaversCollar"},{"not_picked":["Inserter","Tiny House"],"picked":"Snecko Eye"}],"items_purged_floors":[19,44,53],"is_endless":false,"potions_floor_spawned":[1,7,11,16,21,22,24,28,31,41,46,48,54],"ascension_level":15}}