{"host":"og21o26alpnbwmz8","time":1612473955,"event":{"mods":["Act Like it!","Aspiration","BaseMod","Conspire","Downfall","Halation","Hallownest","Hubris","Jedi Mod","Mimic Mod","Minty Spire (QoL Compilation)","Pale of the Ancients","Reliquary","Replay The Spire","Shop Mod","Spikes Relics","StSLib","The Alterego","The Blackbeard","The Blue Laboratory","The Death Knight","The Runesmith","Waifu the Spire"],"gold_per_floor":[199,209,484,497,36,70,146,165,175,204,222,242,42,42,52,147,147,147,160,177,177,197,38,38,38,50,50,82,82,106,140,154,251,251,151,151,151,171,181,66,90,109,109,109,128,139,139,172,192,192,192,192,192,192],"floor_reached":52,"language":"ENG","playtime":2435,"items_purged":["Regret","Injury"],"score":736,"play_id":"336eaa0f-bac0-40ab-b247-4acfdd2c6c78","local_time":"20210204162555","is_ascension_mode":false,"campfire_choices":[{"floor":1,"key":"RECALL"},{"data":"Slimebound:ItLooksTasty","floor":13,"key":"SMITH"},{"data":"Slimebound:LeechLife","floor":18,"key":"SMITH"},{"data":"Slimebound:Gluttony","floor":25,"key":"SMITH"},{"data":"Slimebound:ItLooksTasty","floor":29,"key":"SMITH"},{"data":"Slimebound:GoopSpray","floor":35,"key":"SMITH"},{"data":"Slimebound:AcidTongue","floor":44,"key":"SMITH"},{"data":"Slimebound:Defend_Slimebound","floor":47,"key":"SMITH"}],"circlet_count":0,"master_deck":["Slimebound:Tackle","Slimebound:Defend_Slimebound+1","Slimebound:Defend_Slimebound","Slimebound:Defend_Slimebound","Slimebound:ItLooksTasty+1","Slimebound:GoopSpray+1","Slimebound:RejuvenatingLick+1","Slimebound:Dissolve+1","Slimebound:ItLooksTasty+1","Slimebound:ItLooksTasty+1","Slimebound:Schlurp+1","Slimebound:RejuvenatingLick+1","Slimebound:AcidTongue+1","Slimebound:LeechLife+1","Slimebound:SplitMire","Slimebound:Gluttony+1","Slimebound:GoopSpray+1","Slimebound:WasteNot","Slimebound:HauntingLick+1","Slimebound:TongueLash+1","Guardian:Strike_Guardian","Parasite","Slimebound:SamplingLick+1","Slimebound:ViciousTackle"],"relics":["Slimebound:AbsorbEndCombat","Gremlin Horn","halation:BottledLove","Onion Ring","downfall:HeartBlessingRed","downfall:HeartBlessingBlue","hubris:CrackedHourglass","Guide Book","halation:SelfBoilingWater","Matryoshka","PreservedInsect","Toy Ornithopter","Bottled Tornado","Kintsugi","downfall:HeartBlessingGreen","aspiration:Lifesprig","reliquary:PorcupineQuills","jedi:matchstick"],"acts_visited":["Exordium","TheCity","TheBeyond","TheEnding"],"potions_floor_usage":[31],"damage_taken":[{"damage":2,"enemies":"Jaw Worm","floor":2,"turns":5},{"damage":3,"enemies":"Cultist","floor":4,"turns":3},{"damage":5,"enemies":"downfall:FleeingMerchant","floor":5,"turns":4},{"damage":17,"enemies":"3 Sentries","floor":6,"turns":6},{"damage":0,"enemies":"conspire:RoseBush","floor":8,"turns":2},{"damage":3,"enemies":"Large Slime","floor":9,"turns":3},{"damage":14,"enemies":"Replay:BlueRogue","floor":10,"turns":5},{"damage":6,"enemies":"Lots of Slimes","floor":11,"turns":2},{"damage":9,"enemies":"Blue Slaver","floor":12,"turns":2},{"damage":0,"enemies":"Large Slime","floor":15,"turns":2},{"damage":63,"enemies":"DF_ARCHETYPE_STREAMLINE","floor":16,"turns":9},{"damage":0,"enemies":"Spheric Guardian","floor":19,"turns":3},{"damage":11,"enemies":"conspire:FuzzyDice","floor":20,"turns":5},{"damage":21,"enemies":"Snake Plant","floor":22,"turns":3},{"damage":5,"enemies":"downfall:FleeingMerchant","floor":23,"turns":4},{"damage":24,"enemies":"Cultist and Chosen","floor":26,"turns":5},{"damage":15,"enemies":"Replay:Snechameleon","floor":28,"turns":6},{"damage":36,"enemies":"conspire:SneckoGhost","floor":31,"turns":4},{"damage":34,"enemies":"Centurion and Healer","floor":32,"turns":5},{"damage":10,"enemies":"WA_ARCHETYPE_CALM","floor":33,"turns":8},{"damage":5,"enemies":"3 Shapes","floor":38,"turns":3},{"damage":5,"enemies":"Orb Walker","floor":39,"turns":3},{"damage":17,"enemies":"downfall:FleeingMerchant","floor":40,"turns":4},{"damage":19,"enemies":"Jaw Worm Horde","floor":42,"turns":3},{"damage":27,"enemies":"Writhing Mass","floor":45,"turns":4},{"damage":9,"enemies":"Sphere and 2 Shapes","floor":46,"turns":3},{"damage":2,"enemies":"Reptomancer","floor":48,"turns":3},{"damage":12,"enemies":"Spire Growth","floor":49,"turns":3},{"damage":32,"enemies":"IC_BLOCK_ARCHETYPE","floor":50,"turns":9},{"damage":105,"enemies":"downfall:CharBossMerchant","floor":52,"turns":6}],"seed_played":"-5847114975387667901","potions_obtained":[{"floor":2,"key":"blueLaboratory:BottledHope"},{"floor":8,"key":"Weak Potion"},{"floor":10,"key":"blueLaboratory:HorrorPotion"},{"floor":15,"key":"Adrenaline Potion"},{"floor":32,"key":"Reflective Coating"},{"floor":45,"key":"Adrenaline Potion"}],"is_trial":false,"path_per_floor":["R","M","?","M","$","E","T","M","M","E","M","M","R","?","M","B",null,"R","M","M","?","M","$","T","R","M","?","E","R","T","E","M","B",null,"R","?","?","M","M","$","T","M","?","R","M","M","R","E","M","B",null,"E"],"character_chosen":"SLIMEBOUND","items_purchased":["Slimebound:Dissolve","Slimebound:ItLooksTasty","Gremlin Horn","Guide Book"],"campfire_rested":0,"item_purchase_floors":[5,5,5,23],"current_hp_per_floor":[65,65,65,64,65,56,56,62,64,53,55,52,62,62,70,12,75,75,75,64,56,49,58,58,58,51,51,66,66,66,45,61,59,75,75,75,75,74,75,62,62,75,75,75,54,72,72,75,65,41,75,0,0,0],"gold":192,"neow_bonus":"HUNDRED_GOLD","is_daily":false,"chose_seed":false,"campfire_upgraded":7,"win_rate":0.0,"timestamp":1612473955,"path_taken":["R","M","?","M","$","E","T","M","M","E","M","?","R","?","M","BOSS","R","M","M","?","?","$","T","R","M","?","E","R","?","E","M","BOSS","R","?","?","M","M","$","T","?","?","R","M","?","R","E","M","BOSS","E"],"items_purchased_type":["Card","Card","Relic","Relic"],"build_version":"2020-12-22","purchased_purges":2,"victory":false,"max_hp_per_floor":[65,65,65,65,65,65,65,65,65,65,65,65,75,75,75,75,75,75,75,75,75,75,75,75,75,75,75,75,75,75,75,75,75,75,75,75,75,75,75,75,75,75,75,75,75,75,75,75,75,75,75,75,75,75],"card_choices":[{"not_picked":["Slimebound:FormOfPuddle","Slimebound:Grow"],"picked":"Slimebound:ItLooksTasty","floor":2},{"not_picked":["Slimebound:SlimeSpikes","Slimebound:FinishingTackle"],"picked":"Slimebound:GoopSpray","floor":4},{"not_picked":["Slimebound:Repurpose","Slimebound:Prepare"],"picked":"Slimebound:RejuvenatingLick","floor":5},{"not_picked":["Slimebound:LevelUp","Slimebound:Grow"],"picked":"Slimebound:ItLooksTasty","floor":6},{"not_picked":["Slimebound:SplitAcid","Slimebound:ItLooksTasty","Slimebound:GoopTackle"],"picked":"SKIP","floor":8},{"not_picked":["Slimebound:FinishingTackle","Slimebound:GoopTackle"],"picked":"Slimebound:Schlurp","floor":9},{"not_picked":["Slimebound:MegaLick","Slimebound:FinishingTackle"],"picked":"Slimebound:RejuvenatingLick","floor":10},{"not_picked":["Slimebound:HauntingLick","Slimebound:GrowthPunch","Slimebound:OneTwoCombo"],"picked":"SKIP","floor":11},{"not_picked":["Slimebound:Chomp","Slimebound:FormOfPuddle","Slimebound:Prepare"],"picked":"SKIP","floor":12},{"not_picked":["Slimebound:GoopTackle","Slimebound:SlimeSpikes"],"picked":"Slimebound:AcidTongue","floor":15},{"not_picked":["Slimebound:FirmFortitude","Slimebound:SlimeSlap"],"picked":"Slimebound:LeechLife","floor":16},{"not_picked":["Slimebound:GoopTackle","Slimebound:RollThrough"],"picked":"Slimebound:SplitMire","floor":19},{"not_picked":["Slimebound:PressTheAttack","Slimebound:SamplingLick","Slimebound:HungryTackle"],"picked":"SKIP","floor":20},{"not_picked":["Slimebound:Prepare","Slimebound:RollThrough"],"picked":"Slimebound:Gluttony","floor":22},{"not_picked":["Slimebound:GoopSpray","Slimebound:FinishingTackle","Slimebound:LeechEnergy"],"picked":"SKIP","floor":23},{"not_picked":["Slimebound:WasteNot","Slimebound:GoopSpray","Slimebound:RejuvenatingLick"],"picked":"SKIP","floor":26},{"not_picked":["Slimebound:SplitBruiser+1","Slimebound:LeadByExample","Slimebound:ServeAndProtect+1"],"picked":"SKIP","floor":28},{"not_picked":["Slimebound:LeechingTouch","Slimebound:LeadByExample","Slimebound:SplitAcid"],"picked":"SKIP","floor":31},{"not_picked":["Slimebound:Prepare+1","Slimebound:SplitBruiser"],"picked":"Slimebound:GoopSpray+1","floor":32},{"not_picked":["Slimebound:FirmFortitude","Slimebound:Overexert"],"picked":"Slimebound:WasteNot","floor":33},{"not_picked":["Slimebound:ItLooksTasty","Slimebound:Schlurp+1","Slimebound:Prepare"],"picked":"SKIP","floor":38},{"not_picked":["Slimebound:LevelUp","Slimebound:SamplingLick","Slimebound:FinishingTackle"],"picked":"SKIP","floor":39},{"not_picked":["Slimebound:RollThrough","Slimebound:ItLooksTasty"],"picked":"Slimebound:HauntingLick+1","floor":40},{"not_picked":["Slimebound:GoopTackle","Slimebound:FinishingTackle"],"picked":"Slimebound:TongueLash+1","floor":42},{"not_picked":["Slimebound:ComboTackle","Slimebound:GoopTackle+1","Slimebound:HauntingLick"],"picked":"SKIP","floor":45},{"not_picked":["Slimebound:LeechingTouch+1","Slimebound:SplitLeeching"],"picked":"Slimebound:SamplingLick+1","floor":46},{"not_picked":["Slimebound:FirmFortitude","Slimebound:SplitMire","Slimebound:Overexert"],"picked":"SKIP","floor":48},{"not_picked":["Slimebound:Dissolve+1","Slimebound:FormOfPuddle+1"],"picked":"Slimebound:ViciousTackle","floor":49}],"player_experience":216893,"relics_obtained":[{"floor":6,"key":"halation:BottledLove"},{"floor":10,"key":"Onion Ring"},{"floor":24,"key":"halation:SelfBoilingWater"},{"floor":28,"key":"Matryoshka"},{"floor":30,"key":"PreservedInsect"},{"floor":30,"key":"Toy Ornithopter"},{"floor":31,"key":"Bottled Tornado"},{"floor":41,"key":"aspiration:Lifesprig"},{"floor":41,"key":"reliquary:PorcupineQuills"},{"floor":48,"key":"jedi:matchstick"}],"event_choices":[{"damage_healed":0,"gold_gain":0,"player_choice":"Ignored","damage_taken":0,"max_hp_gain":0,"max_hp_loss":0,"event_name":"Vampires","floor":27,"gold_loss":0},{"cards_removed":["CommonCold"],"damage_healed":0,"gold_gain":0,"player_choice":"Took Card","damage_taken":0,"max_hp_gain":0,"max_hp_loss":0,"event_name":"NoteForYourself","floor":43,"gold_loss":0,"cards_obtained":["Guardian:Strike_Guardian"]}],"is_beta":false,"boss_relics":[{"not_picked":["aspiration:PoetsPen_weak","aspiration:IroncladSkillbook"],"picked":"hubris:CrackedHourglass"},{"not_picked":["Fusion Hammer","CosmicIsotope"],"picked":"Kintsugi"}],"items_purged_floors":[5,40],"is_endless":false,"potions_floor_spawned":[2,8,10,12,15,20,22,32,33,39,45,48,49],"killed_by":"downfall:CharBossMerchant","ascension_level":0}}