{"host":"rxqgn04mcfja67mv","time":1612443641,"event":{"mods":["AchievementEnabler","BaseMod","BetterRewards","Grow up Mod","Hermit","Hubris","Minty Spire (QoL Compilation)","Replay The Spire","Shop Mod","StSLib","The Bug Knight"],"gold_per_floor":[116,43,43,43,43,76,101,101,101,136,136,61,61,77,175,301,301,321,321,15,256,270,270,294,294,294,294,315,333,333,351,351,474,474,487,89,422,442,442,442,458,458,458,75,85,98,98,112,112,112,112,112,60,89,89,89],"floor_reached":55,"language":"ENG","playtime":3889,"items_purged":["Injury","Regret"],"score":883,"play_id":"23cf8d5d-77b1-48ec-91c8-3b50a6ff51b8","local_time":"20210204130041","is_ascension_mode":true,"campfire_choices":[{"floor":8.0,"key":"RECALL"},{"data":"BattleHymn","floor":11.0,"key":"SMITH"},{"data":"Vault","floor":23,"key":"SMITH"},{"data":"PathToVictory","floor":25,"key":"SMITH"},{"data":"ConjureBlade","floor":32,"key":"SMITH"},{"data":"Replay:Parry","floor":40,"key":"SMITH"},{"data":"Replay:LoomingThreat","floor":42,"key":"SMITH"},{"floor":49,"key":"REST"},{"data":"DeusExMachina","floor":52,"key":"SMITH"}],"circlet_count":1,"master_deck":["Defend_P","Defend_P","Defend_P","Defend_P","Eruption","Vigilance","Replay:Battleflow+1","LikeWater","ReachHeaven","BattleHymn+1","Meditate","Worship","Blasphemy","SashWhip","PathToVictory+1","ReplayTheSpireMod:Splinters","Vault+1","PathToVictory+1","PathToVictory+1","Replay:Parry+1","Conclude+1","Bite","Bite","Bite","Bite","Bite","ConjureBlade+1","Replay:LoomingThreat+1","Consecrate+1","FollowUp+1","FlurryOfBlows+1","PathToVictory+1","EmptyFist","DeusExMachina+1","Replay:AtTheReady","TalkToTheHand+1","Pot Of Greed+1","Pot Of Greed","Pot Of Greed","Pot Of Greed","CarveReality+1","BowlingBash+1","Replay:DivineShield+1","Replay:BluntJabs","SashWhip+1","LikeWater+1","SashWhip+1"],"relics":["PureWater","NeowsBlessing","Turnip","Replay:Bottled Steam","Circlet","GoldenEye","hubris:HollowSoul","hubris:BottledHeart","HollowMod:StagPassRelic","Ring of Chaos","Ornamental Fan","hubris:Towel","Meat on the Bone","Oddly Smooth Stone","Boot","HornCleat","hubris:FruitBowl","hubris:EvacipatedBox","hubris:Macrotransations","Snack Pack","Grinning Jar","Orrery","BranchBurnRelic","War Paint"],"acts_visited":["Exordium","TheCity","TheBeyond","TheEnding"],"potions_floor_usage":[24,24,33,33,50,50,50],"damage_taken":[{"damage":0.0,"enemies":"Cultist","floor":1.0,"turns":1.0},{"damage":0.0,"enemies":"Lagavulin","floor":6.0,"turns":2.0},{"damage":0.0,"enemies":"Jaw Worm","floor":7.0,"turns":1.0},{"damage":30.0,"enemies":"Gremlin Nob","floor":10.0,"turns":4.0},{"damage":10.0,"enemies":"Small Slimes","floor":14.0,"turns":3.0},{"damage":53.0,"enemies":"Fading Forest","floor":16.0,"turns":11.0},{"damage":21,"enemies":"Chosen","floor":18,"turns":6},{"damage":0,"enemies":"Shell Parasite","floor":22,"turns":5},{"damage":0,"enemies":"Snecko","floor":24,"turns":4},{"damage":0,"enemies":"Sentry and Sphere","floor":28,"turns":9},{"damage":0,"enemies":"Cultist and Chosen","floor":29,"turns":5},{"damage":0,"enemies":"Centurion and Healer","floor":31,"turns":6},{"damage":24,"enemies":"Automaton","floor":33,"turns":11},{"damage":0,"enemies":"3 Shapes","floor":35,"turns":5},{"damage":0,"enemies":"3 Darklings","floor":38,"turns":6},{"damage":0,"enemies":"4 Shapes","floor":41,"turns":7},{"damage":0,"enemies":"Jaw Worm Horde","floor":45,"turns":4},{"damage":0,"enemies":"Maw","floor":46,"turns":6},{"damage":0,"enemies":"HollowMod:SlobberingHusk","floor":48,"turns":7},{"damage":186,"enemies":"hubris:GrandSnecko","floor":50,"turns":19},{"damage":87,"enemies":"Shield and Spear","floor":54,"turns":10},{"damage":81,"enemies":"The Heart","floor":55,"turns":7}],"seed_played":"6580090053164231422","potions_obtained":[{"floor":1.0,"key":"Venom Potion"},{"floor":5.0,"key":"PowerPotion"},{"floor":5.0,"key":"SkillPotion"},{"floor":16.0,"key":"Death Potion"},{"floor":22,"key":"PowerPotion"},{"floor":28,"key":"Swift Potion"},{"floor":29,"key":"EssenceOfSteel"},{"floor":38,"key":"FearPotion"},{"floor":45,"key":"Death Potion"},{"floor":46,"key":"Languid Potion"}],"is_trial":false,"path_per_floor":["M","$","?","$","?","E","M","R","T","E","R","$","?","M","R","B",null,"M","?","$","?","M","R","M","R","T","?","M","M","?","M","R","B",null,"M","$","?","M","?","R","M","R","T","$","M","M","$","M","R","B",null,"R","$","E","B"],"character_chosen":"WATCHER","items_purchased":["LikeWater","HollowMod:StagPassRelic","PathToVictory","Ornamental Fan","FollowUp","Meat on the Bone","EmptyFist","DeusExMachina","Oddly Smooth Stone","Boot","HornCleat","hubris:FruitBowl","hubris:EvacipatedBox","hubris:Macrotransations","Snack Pack","Grinning Jar","Orrery","LikeWater+1"],"campfire_rested":1,"item_purchase_floors":[2,20,20,36,36,44,44,44,47,47,47,47,47,47,47,47,47,53],"current_hp_per_floor":[92,102,112,122,132,142,152,162,172,152,162,172,182,182,192,149,252,241,11,21,31,41,51,61,71,81,79,89,99,109,121,131,123,161,171,181,191,201,211,221,231,241,251,261,271,281,162,194,294,161,331,341,351,282,0,0],"gold":89,"neow_bonus":"THREE_ENEMY_KILL","is_daily":false,"chose_seed":false,"campfire_upgraded":7,"win_rate":0.0,"timestamp":1612443641,"path_taken":["M","$","?","$","?","E","?","R","T","E","R","?","?","M","R","BOSS","M","?","$","?","?","R","M","R","T","?","?","M","?","M","R","BOSS","M","$","?","M","?","R","M","R","T","?","M","M","?","M","R","BOSS","R","$","E","BOSS"],"items_purchased_type":["Card","Relic","Card","Relic","Card","Relic","Card","Card","Relic","Relic","Relic","Relic","Relic","Relic","Relic","Relic","Relic","Card"],"build_version":"2020-12-22","purchased_purges":2,"victory":false,"max_hp_per_floor":[92,102,112,122,132,142,152,162,172,182,192,202,212,222,232,242,252,262,11,21,31,41,51,61,71,81,91,101,111,121,131,141,151,161,171,181,191,201,211,221,231,241,251,261,271,281,291,301,311,321,331,341,351,361,361,361],"card_choices":[{"not_picked":["Replay:ManipulateFuture","SashWhip"],"picked":"Replay:Battleflow","floor":1.0},{"not_picked":["Replay:Anticipation","EmptyBody"],"picked":"ReachHeaven","floor":6.0},{"not_picked":["Replay:ManipulateFuture","FollowUp"],"picked":"BattleHymn","floor":7.0},{"not_picked":["CrushJoints","Replay:ManipulateFuture"],"picked":"Meditate","floor":10.0},{"not_picked":["MentalFortress","Replay:AtTheReady"],"picked":"Worship","floor":14.0},{"not_picked":["Brilliance","DeusExMachina"],"picked":"Blasphemy","floor":16.0},{"not_picked":["CutThroughFate+1","Prostrate+1"],"picked":"SashWhip","floor":18},{"not_picked":["FlyingSleeves","Prostrate"],"picked":"Vault","floor":21},{"not_picked":["Replay:BluntJabs","SandsOfTime"],"picked":"PathToVictory+1","floor":22},{"not_picked":["Replay:BluntJabs","CutThroughFate"],"picked":"PathToVictory+1","floor":24},{"not_picked":["Replay:AtTheReady","Prostrate","Replay:BluntJabs"],"picked":"SKIP","floor":28},{"not_picked":["FlurryOfBlows","Swivel+1"],"picked":"Conclude+1","floor":29},{"not_picked":["Fasting2","Conclude"],"picked":"ConjureBlade","floor":31},{"not_picked":["Blasphemy","Replay:AllIn"],"picked":"Replay:LoomingThreat","floor":33},{"not_picked":["Perseverance+1","JustLucky"],"picked":"Consecrate+1","floor":35},{"not_picked":["Collect+1","BattleHymn"],"picked":"FlurryOfBlows+1","floor":38},{"not_picked":["BattleHymn","Meditate"],"picked":"PathToVictory+1","floor":41},{"not_picked":["ThirdEye+1","CutThroughFate"],"picked":"Replay:AtTheReady","floor":45},{"not_picked":["WindmillStrike","CutThroughFate"],"picked":"TalkToTheHand+1","floor":46},{"not_picked":["Prostrate+1","Evaluate"],"picked":"CarveReality+1","floor":47},{"not_picked":["ConjureBlade","ThirdEye+1"],"picked":"BowlingBash+1","floor":47},{"not_picked":["WindmillStrike","Consecrate"],"picked":"Replay:DivineShield+1","floor":47},{"not_picked":["Crescendo","FlurryOfBlows+1"],"picked":"Replay:BluntJabs","floor":47},{"not_picked":["SpiritShield","Wireheading+1"],"picked":"SashWhip+1","floor":47},{"not_picked":["EmptyFist","InnerPeace","Meditate+1"],"picked":"SKIP","floor":48},{"not_picked":["Replay:Hum","FollowUp"],"picked":"SashWhip+1","floor":54}],"player_experience":395182,"relics_obtained":[{"floor":6.0,"key":"Turnip"},{"floor":9.0,"key":"Replay:Bottled Steam"},{"floor":10.0,"key":"infinitespire:CheckeredPen"},{"floor":43,"key":"Dead Branch"},{"floor":54,"key":"War Paint"}],"event_choices":[{"damage_healed":0.0,"max_hp_gain":0.0,"max_hp_loss":0.0,"gold_gain":0.0,"event_name":"Golden Idol","player_choice":"Take Wound","floor":3.0,"gold_loss":0.0,"damage_taken":0.0,"relics_obtained":["Golden Idol"],"cards_obtained":["Injury"]},{"damage_healed":0.0,"max_hp_gain":0.0,"max_hp_loss":0.0,"gold_gain":0.0,"event_name":"Lab","player_choice":"Got Potions","floor":5.0,"gold_loss":0.0,"damage_taken":0.0},{"damage_healed":0.0,"max_hp_gain":0.0,"max_hp_loss":0.0,"gold_gain":0.0,"event_name":"Big Fish","player_choice":"Box","floor":13.0,"gold_loss":0.0,"damage_taken":0.0,"relics_obtained":["GoldenEye"],"cards_obtained":["Regret"]},{"damage_healed":0,"gold_gain":0,"player_choice":"CARD ","damage_taken":12,"max_hp_gain":0,"max_hp_loss":0,"event_name":"Knowing Skull","floor":27,"potions_obtained":[],"gold_loss":0,"cards_obtained":["Replay:Parry"]},{"damage_healed":0,"gold_gain":0,"player_choice":"Became a vampire","damage_taken":0,"max_hp_gain":0,"max_hp_loss":34,"event_name":"Vampires","floor":30,"gold_loss":0,"cards_obtained":["Bite","Bite","Bite","Bite","Bite"]},{"damage_healed":0,"gold_gain":333,"player_choice":"Gave Idol","damage_taken":0,"max_hp_gain":0,"max_hp_loss":0,"event_name":"The Moai Head","floor":37,"relics_lost":["Golden Idol"],"gold_loss":0}],"is_beta":false,"boss_relics":[{"not_picked":["Pandora\u0027s Box","Replay:Bronze Core"],"picked":"hubris:HollowSoul"},{"not_picked":["Replay:Wanted Poster","Coffee Dripper"],"picked":"Ring of Chaos"}],"items_purged_floors":[12,36],"is_endless":false,"potions_floor_spawned":[1,16,22,28,29,38,45,46],"killed_by":"The Heart","ascension_level":1}}