{"host":"iv8ljmz7si0xetfh","time":1612467178,"event":{"mods":["100% Spire Juice","BaseMod","Bestiary","Better Note","Colored Map","Colored Powertips","Dark Map","DeckTracker","Displayed Cursed Tome","Downfall","Highlight Path","Minty Spire (QoL Compilation)","Prisma Mod","Rare Cards Sparkle","Relic Stats","StSLib","The Alterego","Unceasing Turn Reminder"],"gold_per_floor":[118,118,118,138,138,172,186,186,213,88,88,108,108,108,108,213,213,224,224,234,254,254,281,281,281,281,308,328,102,36,55,55,155,155,166,186,186,206,206,233,233,233,283,313,313,27,75,86,86,86],"floor_reached":51,"language":"ENG","playtime":5261,"items_purged":["alterego_mod:SideboobHour","Normality"],"score":870,"play_id":"e74d1436-a9fd-407f-8af6-b65bcf011e8a","local_time":"20210204193258","is_ascension_mode":true,"campfire_choices":[{"floor":8,"key":"REST"},{"data":"alterego_mod:TrashNCrash","floor":11,"key":"SMITH"},{"data":"alterego_mod:Exercise","floor":13,"key":"SMITH"},{"data":"alterego_mod:BrynhildrsRune","floor":15,"key":"SMITH"},{"floor":24,"key":"REST"},{"floor":32,"key":"REST"},{"data":"alterego_mod:Belts","floor":41,"key":"SMITH"},{"data":"alterego_mod:Birthday","floor":45,"key":"SMITH"},{"data":"alterego_mod:Valentines","floor":49,"key":"SMITH"}],"circlet_count":0,"master_deck":["alterego_mod:Strike+1","alterego_mod:Strike","alterego_mod:Strike","alterego_mod:Defend","alterego_mod:Defend","alterego_mod:Defend","alterego_mod:Defend","alterego_mod:BrynhildrsRune+1","alterego_mod:Bounce+1","alterego_mod:TrashNCrash+1","alterego_mod:GoddessCore","alterego_mod:Bounce","alterego_mod:Pet","alterego_mod:PainIsPleasure","alterego_mod:Maid","alterego_mod:Bounce","alterego_mod:Lift","alterego_mod:Birthday+1","alterego_mod:SakuraFive","alterego_mod:Birthday+1","alterego_mod:Birthday","alterego_mod:Palingenesis+1","alterego_mod:Belts+1","alterego_mod:Valentines+1","Madness","Madness","alterego_mod:Cushion+1","Mayhem+1","Violence","Madness","alterego_mod:SakuraFive+1","alterego_mod:Rake","alterego_mod:BreastValley+1","alterego_mod:Birthday"],"relics":["alterego_mod:MasochisticConstitution","Happy Flower","Oddly Smooth Stone","Philosopher\u0027s Stone","FossilizedHelix","Frozen Egg 2","Dream Catcher","Pantograph","Cursed Key","Orichalcum","Lantern","Bird Faced Urn","TungstenRod"],"acts_visited":["Exordium","TheCity","TheBeyond"],"potions_floor_usage":[16,18,20,33,44,50,50],"damage_taken":[{"damage":3,"enemies":"2 Louse","floor":1,"turns":5},{"damage":4,"enemies":"Small Slimes","floor":4,"turns":3},{"damage":28,"enemies":"Lagavulin","floor":6,"turns":10},{"damage":6,"enemies":"Cultist","floor":7,"turns":4},{"damage":9,"enemies":"Blue Slaver","floor":12,"turns":3},{"damage":76,"enemies":"Slime Boss","floor":16,"turns":12},{"damage":31,"enemies":"2 Thieves","floor":18,"turns":4},{"damage":2,"enemies":"3 Byrds","floor":20,"turns":8},{"damage":18,"enemies":"Cultist and Chosen","floor":21,"turns":7},{"damage":135,"enemies":"Slavers","floor":23,"turns":13},{"damage":60,"enemies":"Gremlin Leader","floor":27,"turns":13},{"damage":36,"enemies":"Shelled Parasite and Fungi","floor":28,"turns":4},{"damage":41,"enemies":"Snake Plant","floor":31,"turns":5},{"damage":18,"enemies":"Champ","floor":33,"turns":9},{"damage":59,"enemies":"3 Darklings","floor":35,"turns":10},{"damage":0,"enemies":"3 Shapes","floor":36,"turns":6},{"damage":22,"enemies":"3 Darklings","floor":38,"turns":7},{"damage":42,"enemies":"Giant Head","floor":40,"turns":13},{"damage":73,"enemies":"Reptomancer","floor":44,"turns":7},{"damage":55,"enemies":"2 Orb Walkers","floor":47,"turns":8},{"damage":0,"enemies":"Maw","floor":48,"turns":6},{"damage":39,"enemies":"Time Eater","floor":50,"turns":16}],"seed_played":"-1702635044607055724","potions_obtained":[{"floor":6,"key":"hexamod:SoulburnPotion"},{"floor":7,"key":"Regen Potion"},{"floor":18,"key":"ColorlessPotion"},{"floor":21,"key":"Strength Potion"},{"floor":33,"key":"Strength Potion"},{"floor":35,"key":"LiquidMemories"},{"floor":48,"key":"PowerPotion"}],"is_trial":false,"path_per_floor":["M","?","?","M","?","E","M","R","T","$","R","M","R","$","R","B",null,"M","?","M","M","$","E","R","?","T","E","M","$","?","M","R","B",null,"M","M","?","M","?","E","R","$","T","E","R","$","?","M","R","B",null],"character_chosen":"The_Alterego","items_purchased":["alterego_mod:Bounce","alterego_mod:Birthday","FairyPotion","alterego_mod:SakuraFive","alterego_mod:Rake","alterego_mod:BreastValley+1"],"campfire_rested":3,"item_purchase_floors":[10,29,29,29,46,46],"current_hp_per_floor":[71,57,57,54,47,27,29,51,51,51,51,43,43,43,43,32,76,53,53,78,79,79,13,37,90,90,38,17,17,17,6,33,94,94,95,95,83,96,86,95,95,95,95,69,69,69,47,76,76,84],"gold":86,"neow_bonus":"TRANSFORM_CARD","is_daily":false,"chose_seed":false,"campfire_upgraded":6,"win_rate":0.0,"timestamp":1612467178,"path_taken":["M","?","?","?","?","E","M","R","T","$","R","M","R","?","R","BOSS","M","?","M","M","$","E","R","?","T","E","?","$","?","M","R","BOSS","M","M","?","M","?","E","R","?","T","E","R","$","?","M","R","BOSS"],"items_purchased_type":["Card","Card","Potion","Card","Card","Card"],"build_version":"2020-12-22","purchased_purges":2,"victory":true,"max_hp_per_floor":[71,71,71,72,72,73,74,74,74,74,74,75,75,75,75,76,76,77,77,78,79,79,80,80,90,90,91,92,92,92,93,93,94,94,95,95,95,96,96,97,97,97,97,98,98,98,99,99,99,100],"relic_stats":{"Dream Catcher":1,"Happy Flower":[51],"counters":[22,173],"Pantograph":48,"Bird Faced Urn":[26],"Orichalcum":[36],"Cursed Key":1,"obtain_stats":[{"alterego_mod:MasochisticConstitution":0,"Lantern":43,"Happy Flower":6,"Oddly Smooth Stone":9,"Frozen Egg 2":26,"Orichalcum":40,"Cursed Key":34,"Dream Catcher":27,"Pantograph":30,"Bird Faced Urn":44,"Philosopher\u0027s Stone":17,"FossilizedHelix":23,"TungstenRod":47},{"alterego_mod:MasochisticConstitution":0,"Lantern":18,"Happy Flower":3,"Oddly Smooth Stone":4,"Frozen Egg 2":10,"Orichalcum":18,"Cursed Key":14,"Dream Catcher":11,"Pantograph":12,"Bird Faced Urn":19,"Philosopher\u0027s Stone":6,"FossilizedHelix":10,"TungstenRod":20},{"alterego_mod:MasochisticConstitution":0,"Lantern":136,"Happy Flower":18,"Oddly Smooth Stone":22,"Frozen Egg 2":69,"Orichalcum":136,"Cursed Key":100,"Dream Catcher":82,"Pantograph":86,"Bird Faced Urn":143,"Philosopher\u0027s Stone":37,"FossilizedHelix":69,"TungstenRod":151}],"TungstenRod":4},"card_choices":[{"not_picked":["alterego_mod:RidiculouslyBig","alterego_mod:Santa"],"picked":"alterego_mod:Bounce","floor":1},{"not_picked":["alterego_mod:Clap","alterego_mod:BiFurious"],"picked":"alterego_mod:TrashNCrash","floor":4},{"not_picked":["alterego_mod:Schoolgirl","alterego_mod:BusterCard"],"picked":"alterego_mod:Exercise","floor":6},{"not_picked":["alterego_mod:DestructionOfProperty","alterego_mod:Rip"],"picked":"alterego_mod:GoddessCore","floor":7},{"not_picked":["alterego_mod:Bloomers","alterego_mod:RidiculouslyBig"],"picked":"alterego_mod:Pet","floor":12},{"not_picked":["alterego_mod:STier","alterego_mod:IdEs"],"picked":"alterego_mod:GIGAMILK","floor":16},{"not_picked":["alterego_mod:TrashNCrash","alterego_mod:Undulate","alterego_mod:DiscoLights"],"picked":"SKIP","floor":18},{"not_picked":["alterego_mod:Rip","alterego_mod:Bunnysuit"],"picked":"alterego_mod:Bounce","floor":20},{"not_picked":["alterego_mod:Santa","alterego_mod:MagicResistance+1","alterego_mod:Bloomers"],"picked":"SKIP","floor":21},{"not_picked":["alterego_mod:Undulate","alterego_mod:DestructionOfProperty"],"picked":"alterego_mod:Lift","floor":23},{"not_picked":["alterego_mod:Complex+1","alterego_mod:HighServant","alterego_mod:Support+1"],"picked":"SKIP","floor":27},{"not_picked":["alterego_mod:TrashNCrash","alterego_mod:DeftHands","alterego_mod:Cycle"],"picked":"SKIP","floor":28},{"not_picked":["alterego_mod:TrashNCrash+1","alterego_mod:GoddessCore+1"],"picked":"alterego_mod:Birthday+1","floor":31},{"not_picked":["alterego_mod:BeGentle","alterego_mod:Maid"],"picked":"alterego_mod:Birthday","floor":32},{"not_picked":["alterego_mod:Valkyrie","alterego_mod:Weigh"],"picked":"alterego_mod:Palingenesis+1","floor":33},{"not_picked":["alterego_mod:GoddessCore","alterego_mod:BiFurious+1"],"picked":"alterego_mod:Belts","floor":35},{"not_picked":["alterego_mod:Cooking+1","alterego_mod:HighServant+1"],"picked":"alterego_mod:Valentines","floor":36},{"not_picked":["alterego_mod:TrashNCrash+1","alterego_mod:PurpleHair"],"picked":"alterego_mod:Cushion+1","floor":38},{"not_picked":["Enlightenment","Swift Strike"],"picked":"Mayhem+1","floor":39},{"not_picked":["Transmutation","Discovery"],"picked":"Violence","floor":39},{"not_picked":["PanicButton","HandOfGreed"],"picked":"Madness","floor":39},{"not_picked":["alterego_mod:Cooking","alterego_mod:Alter","alterego_mod:BeGentle"],"picked":"SKIP","floor":40},{"not_picked":["alterego_mod:Valkyrie","alterego_mod:Pet+1"],"picked":"alterego_mod:SakuraFive+1","floor":44},{"not_picked":["alterego_mod:Cooking","alterego_mod:Rip+1"],"picked":"alterego_mod:Birthday","floor":47},{"not_picked":["alterego_mod:DiscoLights+1","alterego_mod:PerceptionDisorder+1","alterego_mod:Smother+1"],"picked":"SKIP","floor":48}],"player_experience":364290,"relics_obtained":[{"floor":6,"key":"Happy Flower"},{"floor":9,"key":"Oddly Smooth Stone"},{"floor":23,"key":"FossilizedHelix"},{"floor":26,"key":"Frozen Egg 2"},{"floor":27,"key":"Dream Catcher"},{"floor":40,"key":"Orichalcum"},{"floor":43,"key":"Lantern"},{"floor":44,"key":"Bird Faced Urn"},{"floor":47,"key":"TungstenRod"}],"event_choices":[{"damage_healed":0,"gold_gain":0,"player_choice":"Entered Light","damage_taken":14,"max_hp_gain":0,"max_hp_loss":0,"event_name":"Shining Light","floor":2,"gold_loss":0,"cards_upgraded":["alterego_mod:Strike","alterego_mod:Bounce"]},{"damage_healed":0,"gold_gain":0,"cards_transformed":["alterego_mod:Schoolgirl"],"player_choice":"Transformed","damage_taken":0,"max_hp_gain":0,"max_hp_loss":0,"event_name":"Transmorgrifier","floor":3,"gold_loss":0,"cards_obtained":["alterego_mod:SideboobHour"]},{"cards_removed":["alterego_mod:Impale"],"damage_healed":0,"gold_gain":0,"player_choice":"Card Removal","damage_taken":7,"max_hp_gain":0,"max_hp_loss":0,"event_name":"Golden Wing","floor":5,"gold_loss":0},{"damage_healed":0,"gold_gain":0,"cards_transformed":["alterego_mod:Exercise","alterego_mod:Strike"],"player_choice":"Became Test Subject","damage_taken":0,"max_hp_gain":0,"max_hp_loss":0,"event_name":"Drug Dealer","floor":19,"gold_loss":0,"cards_obtained":["alterego_mod:PainIsPleasure","alterego_mod:Maid"]},{"cards_removed":["alterego_mod:GIGAMILK"],"damage_healed":43,"gold_gain":0,"player_choice":"Offered Rare","damage_taken":0,"max_hp_gain":10,"max_hp_loss":0,"event_name":"Bonfire Elementals","floor":25,"gold_loss":0},{"damage_healed":0,"gold_gain":0,"player_choice":"Paid Gold","damage_taken":0,"relics_obtained":["Pantograph"],"max_hp_gain":0,"max_hp_loss":0,"event_name":"WeMeetAgain","floor":30,"gold_loss":66},{"damage_healed":0,"gold_gain":0,"player_choice":"Embrace Madness","damage_taken":12,"max_hp_gain":0,"max_hp_loss":0,"event_name":"Winding Halls","floor":37,"gold_loss":0,"cards_obtained":["Madness","Madness"]},{"damage_healed":0,"gold_gain":0,"player_choice":"Memory 3","damage_taken":10,"max_hp_gain":0,"max_hp_loss":0,"event_name":"SensoryStone","floor":39,"gold_loss":0},{"damage_healed":0,"gold_gain":0,"player_choice":"Fight","damage_taken":0,"max_hp_gain":0,"max_hp_loss":0,"event_name":"Mysterious Sphere","floor":47,"gold_loss":0}],"is_beta":false,"boss_relics":[{"not_picked":["Busted Crown","Tiny House"],"picked":"Philosopher\u0027s Stone"},{"not_picked":["Black Star","Runic Dome"],"picked":"Cursed Key"}],"items_purged_floors":[10,46],"is_endless":false,"potions_floor_spawned":[6,7,18,21,33,35,38,48],"ascension_level":3}}