{"host":"a2lvm7nbw6nkrc91","time":1612401216,"event":{"mods":["BaseMod","Friendly Minions","Hermit","Lobotomy","Minty Spire (QoL Compilation)","Replay The Spire","StSLib"],"gold_per_floor":[119,119,119,137,59,89,109,109,109,284,284,284,284,303,303,403,403,415,121,136,152,162,162,182,182,182],"floor_reached":25,"language":"KOR","playtime":847,"items_purged":["LaLuna"],"score":203,"play_id":"6240ea12-b93a-465d-a994-723ef66db5f9","local_time":"20210204101336","is_ascension_mode":false,"campfire_choices":[{"data":"hermit:Determination","floor":8.0,"key":"SMITH"},{"data":"hermit:Snipe","floor":8.0,"key":"SMITH"},{"data":"hermit:Enervate","floor":13.0,"key":"SMITH"},{"data":"hermit:Ricochet","floor":13.0,"key":"SMITH"},{"floor":15.0,"key":"REST"},{"data":"hermit:Combo","floor":23.0,"key":"SMITH"},{"data":"hermit:EyeOfTheStorm","floor":23.0,"key":"SMITH"}],"circlet_count":0,"master_deck":["hermit:Strike_Hermit","hermit:Strike_Hermit","hermit:Strike_Hermit","hermit:Strike_Hermit+1","hermit:Defend_Hermit","hermit:Defend_Hermit","hermit:Defend_Hermit","hermit:Snapshot","hermit:Covet","hermit:Snipe+1","hermit:HoleUp+1","hermit:Ricochet+1","hermit:Determination+1","hermit:Enervate+1","Doubt","MeltingLove","hermit:Virtue","hermit:RoundhouseKick","hermit:Determination","hermit:EyeOfTheStorm+1","hermit:Enervate","hermit:Combo+1","hermit:Dive+1"],"relics":["hermit:Momento","CogitoBucket","Replay:Arrowhead","Thread and Needle","hermit:CharredGlove","Cursed Key","AdjustmentMirror"],"acts_visited":["Exordium","TheCity"],"potions_floor_usage":[25],"damage_taken":[{"damage":1.0,"enemies":"Cultist","floor":1.0,"turns":3.0},{"damage":2.0,"enemies":"2 Louse","floor":4.0,"turns":3.0},{"damage":38.0,"enemies":"Gremlin Nob","floor":6.0,"turns":4.0},{"damage":0.0,"enemies":"Small Slimes","floor":7.0,"turns":3.0},{"damage":6.0,"enemies":"Looter","floor":14.0,"turns":3.0},{"damage":9.0,"enemies":"Fading Forest","floor":16.0,"turns":11.0},{"damage":8.0,"enemies":"3 Byrds","floor":18.0,"turns":8.0},{"damage":16.0,"enemies":"2 Thieves","floor":20.0,"turns":3.0},{"damage":21.0,"enemies":"Sentry and Sphere","floor":21.0,"turns":5.0},{"damage":6.0,"enemies":"Cultist and Chosen","floor":22.0,"turns":5.0},{"damage":3.0,"enemies":"Centurion and Healer","floor":24.0,"turns":5.0},{"damage":21,"enemies":"Slavers","floor":25,"turns":1}],"seed_played":"-1544322887307278575","potions_obtained":[{"floor":4.0,"key":"LiquidMemories"},{"floor":7.0,"key":"Toxic Potion"},{"floor":14.0,"key":"hermit:Tonic"},{"floor":18.0,"key":"Strength Potion"}],"is_trial":false,"path_per_floor":["M","?","?","M","$","E","M","R","T","?","T","?","R","M","R","B",null,"M","$","M","M","M","R","M","E"],"character_chosen":"HERMIT","items_purchased":["hermit:Determination","hermit:Determination","hermit:EyeOfTheStorm","hermit:Enervate"],"campfire_rested":1,"item_purchase_floors":[5,19,19,19],"current_hp_per_floor":[74,74,74,72,72,34,34,34,34,34,34,34,34,28,50,41,75,67,67,51,30,24,24,21,0,0],"gold":182,"neow_bonus":"","is_daily":false,"chose_seed":false,"campfire_upgraded":6,"win_rate":0.0,"timestamp":1612401216,"path_taken":["M","?","?","M","$","E","M","R","T","?","?","?","R","M","R","BOSS","M","$","M","M","M","R","M","E"],"items_purchased_type":["Card","Card","Card","Card"],"build_version":"2020-12-22","purchased_purges":1,"victory":false,"max_hp_per_floor":[75,75,75,75,75,75,75,75,75,75,75,75,75,75,75,75,75,75,75,75,75,75,75,75,75,75],"card_choices":[{"not_picked":["hermit:Desperado","hermit:Manifest"],"picked":"hermit:Snipe","floor":1.0},{"not_picked":["VoidDream","UniverseFragment"],"picked":"LaLuna","floor":4.0},{"not_picked":["hermit:SprayPray","hermit:Desperado"],"picked":"hermit:Ricochet","floor":4.0},{"not_picked":["hermit:HeroicBravado","hermit:Misfire"],"picked":"hermit:Enervate","floor":6.0},{"not_picked":["hermit:Coalescence","hermit:Quickdraw","hermit:Scavenge"],"picked":"SKIP","floor":7.0},{"not_picked":["SpiderBud","RedShoes"],"picked":"MeltingLove","floor":14.0},{"not_picked":["hermit:HoleUp","hermit:Manifest"],"picked":"hermit:Virtue","floor":14.0},{"not_picked":["hermit:Dissolve","hermit:OverwhelmingPower"],"picked":"hermit:RoundhouseKick","floor":16.0},{"not_picked":["hermit:Misfire+1","hermit:Dive","hermit:Quickdraw"],"picked":"SKIP","floor":18.0},{"not_picked":["hermit:Gestalt","hermit:FlashPowder+1"],"picked":"hermit:Combo","floor":20.0},{"not_picked":["hermit:Misfire+1","hermit:TrackingShot","hermit:HighNoon"],"picked":"SKIP","floor":21.0},{"not_picked":["hermit:SprayPray+1","hermit:Manifest"],"picked":"hermit:Dive+1","floor":22.0},{"not_picked":["hermit:Grudge","hermit:Ricochet","hermit:Coalescence"],"picked":"SKIP","floor":24.0},{"not_picked":["hermit:Grudge","hermit:Ricochet","hermit:Coalescence"],"picked":"SKIP","floor":24.0}],"player_experience":510760,"relics_obtained":[{"floor":6.0,"key":"Replay:Arrowhead"},{"floor":9.0,"key":"Thread and Needle"},{"floor":11.0,"key":"hermit:CharredGlove"}],"event_choices":[{"damage_healed":0.0,"max_hp_gain":0.0,"max_hp_loss":0.0,"gold_gain":175.0,"event_name":"Liars Game","player_choice":"AGREE","floor":10.0,"gold_loss":0.0,"damage_taken":0.0,"cards_obtained":["Doubt"]}],"is_beta":false,"boss_relics":[{"not_picked":["Runic Dome","Replay:Wanted Poster"],"picked":"Cursed Key"}],"items_purged_floors":[19],"is_endless":false,"potions_floor_spawned":[4,7,14,18],"killed_by":"Slavers","ascension_level":0}}