{"host":"8pl220r0zqtv6uof","time":1612428959,"event":{"mods":["BaseMod","Colored Map","DeckTracker","Highlight Path","Keyboard Shortcuts","Minty Spire (QoL Compilation)","Quick Restart","SuperFastMode"],"gold_per_floor":[113,133,57,69,83,115,115,135,159,169,182,216,226,239,239,344,344,363,381,391,391,490,518,529,454,454,454,454],"floor_reached":27,"language":"KOR","playtime":1620,"items_purged":[],"score":276,"play_id":"14fda17c-25b2-4eab-a5e6-07d12f1946f0","local_time":"20210204175559","is_ascension_mode":false,"campfire_choices":[{"data":"Dualcast","floor":7,"key":"SMITH"},{"data":"Redo","floor":15,"key":"SMITH"}],"circlet_count":0,"master_deck":["Strike_B+1","Strike_B+1","Defend_B","Defend_B","Zap","Dualcast+1","Beam Cell","FTL","Self Repair","Doom and Gloom","Streamline","Coolheaded","Glacier","Leap","Redo+1","Consume","Skim","Sunder","Creative AI","Loop+1","Buffer+1","Fusion+1","Melter","Defragment"],"relics":["Cracked Core","NeowsBlessing","Orichalcum","Strawberry","Whetstone","Astrolabe","MutagenicStrength","Bag of Marbles","Torii"],"acts_visited":["Exordium","TheCity"],"potions_floor_usage":[6,12,12,14,14,16,19,19,27,27],"damage_taken":[{"damage":0,"enemies":"Cultist","floor":1,"turns":1},{"damage":0,"enemies":"2 Louse","floor":2,"turns":1},{"damage":0,"enemies":"Small Slimes","floor":4,"turns":1},{"damage":0,"enemies":"Exordium Wildlife","floor":5,"turns":3},{"damage":43,"enemies":"3 Sentries","floor":6,"turns":6},{"damage":0,"enemies":"Blue Slaver","floor":8,"turns":3},{"damage":3,"enemies":"Large Slime","floor":10,"turns":6},{"damage":0,"enemies":"Exordium Wildlife","floor":11,"turns":4},{"damage":0,"enemies":"Gremlin Nob","floor":12,"turns":3},{"damage":4,"enemies":"Looter","floor":13,"turns":2},{"damage":9,"enemies":"Large Slime","floor":14,"turns":5},{"damage":33,"enemies":"Slime Boss","floor":16,"turns":9},{"damage":4,"enemies":"Shell Parasite","floor":18,"turns":11},{"damage":12,"enemies":"3 Byrds","floor":19,"turns":4},{"damage":0,"enemies":"Snecko","floor":20,"turns":5},{"damage":54,"enemies":"Book of Stabbing","floor":23,"turns":7},{"damage":11,"enemies":"Cultist and Chosen","floor":24,"turns":8},{"damage":19,"enemies":"Gremlin Leader","floor":27,"turns":2}],"seed_played":"-8457015653041327174","potions_obtained":[{"floor":1,"key":"SneckoOil"},{"floor":2,"key":"GamblersBrew"},{"floor":5,"key":"Swift Potion"},{"floor":10,"key":"Swift Potion"},{"floor":12,"key":"GamblersBrew"},{"floor":13,"key":"SkillPotion"},{"floor":14,"key":"PotionOfCapacity"},{"floor":16,"key":"PowerPotion"},{"floor":18,"key":"SkillPotion"},{"floor":19,"key":"Strength Potion"},{"floor":24,"key":"FearPotion"}],"is_trial":false,"path_per_floor":["M","M","$","M","M","E","R","M","T","M","M","E","M","M","R","B",null,"M","M","M","?","?","E","M","?","T","E"],"character_chosen":"DEFECT","items_purchased":["Self Repair"],"campfire_rested":0,"item_purchase_floors":[3],"current_hp_per_floor":[75,75,75,75,75,39,39,46,53,57,57,64,67,65,65,39,82,82,70,77,77,77,30,19,19,19,0,0],"gold":454,"neow_bonus":"THREE_ENEMY_KILL","is_daily":false,"chose_seed":false,"campfire_upgraded":2,"win_rate":0.0,"timestamp":1612428959,"path_taken":["M","M","$","M","M","E","R","M","T","M","M","E","M","M","R","BOSS","M","M","?","?","?","E","M","?","T","E"],"items_purchased_type":["Card"],"build_version":"2020-12-22","purchased_purges":0,"victory":false,"max_hp_per_floor":[75,75,75,75,75,75,75,75,82,82,82,82,82,82,82,82,82,82,82,82,82,82,82,82,82,82,82,82],"card_choices":[{"not_picked":["Skim","Compile Driver"],"picked":"Beam Cell","floor":1},{"not_picked":["Barrage","Stack"],"picked":"FTL","floor":2},{"not_picked":["Heatsinks","Aggregate"],"picked":"Doom and Gloom","floor":4},{"not_picked":["Hologram","Conserve Battery"],"picked":"Streamline","floor":5},{"not_picked":["Blizzard","Barrage"],"picked":"Coolheaded","floor":6},{"not_picked":["Streamline","Tempest"],"picked":"Glacier","floor":8},{"not_picked":["Hologram","Force Field"],"picked":"Leap","floor":10},{"not_picked":["Coolheaded","Self Repair"],"picked":"Redo","floor":11},{"not_picked":["Compile Driver","Coolheaded"],"picked":"Consume","floor":12},{"not_picked":["Stack","Steam"],"picked":"Skim","floor":13},{"not_picked":["Rip and Tear","Cold Snap"],"picked":"Sunder","floor":14},{"not_picked":["Hyperbeam","Seek"],"picked":"Creative AI","floor":16},{"not_picked":["Sweeping Beam","Leap+1"],"picked":"Melter","floor":18},{"not_picked":["Gash","Coolheaded","Beam Cell"],"picked":"SKIP","floor":19},{"not_picked":["Undo","Sweeping Beam","Go for the Eyes"],"picked":"SKIP","floor":20},{"not_picked":["Ball Lightning","Coolheaded"],"picked":"Defragment","floor":23},{"not_picked":["White Noise","Thunder Strike","Barrage"],"picked":"SKIP","floor":24}],"player_experience":131267,"relics_obtained":[{"floor":6,"key":"Orichalcum"},{"floor":9,"key":"Strawberry"},{"floor":12,"key":"Whetstone"},{"floor":23,"key":"Bag of Marbles"},{"floor":26,"key":"Torii"}],"event_choices":[{"damage_healed":0,"gold_gain":0,"player_choice":"Inject Mutagens","damage_taken":0,"relics_obtained":["MutagenicStrength"],"max_hp_gain":0,"max_hp_loss":0,"event_name":"Drug Dealer","floor":21,"gold_loss":0},{"damage_healed":0,"gold_gain":99,"player_choice":"Stole From Cult","damage_taken":0,"max_hp_gain":0,"max_hp_loss":0,"event_name":"Nest","floor":22,"gold_loss":0},{"cards_removed":["Defend_B"],"damage_healed":0,"gold_gain":0,"player_choice":"Gave Gold","damage_taken":0,"max_hp_gain":0,"max_hp_loss":0,"event_name":"Beggar","floor":25,"gold_loss":75}],"is_beta":false,"boss_relics":[{"not_picked":["Empty Cage","Velvet Choker"],"picked":"Astrolabe"}],"items_purged_floors":[],"is_endless":false,"potions_floor_spawned":[1,2,5,10,12,13,14,16,18,19,24],"killed_by":"Gremlin Leader","ascension_level":0}}