{"host":"oopoa2qluour3scl","time":1612441126,"event":{"mods":["2.2 Compatiblity","AchievementEnabler","AlwaysNeverKeys","BaseMod","Better Match","Better Note","Better Sensory Stone","Better Third Choice","Better Vampires","BetterRewards","Colored Powertips","Communication Mod","Minty Spire (QoL Compilation)","Practice Mode","Random Character Button","Relic Stats","StSLib","SuperFastMode","Swap Starting Deck Mod"],"gold_per_floor":[119,131,60,60,75,110,110,110,110,110,110,131,131,156,156,286,286,301,316,316,331,350,389,414,450,522,535,584,584,623,646,646,775,775,790,790,856,365,385,429,429,443,511,511,511,511,527,580,580,580,580,580,280,327,327,327],"floor_reached":55,"language":"ENG","playtime":1770,"items_purged":[],"score":937,"play_id":"3da9716b-a603-40e5-91c1-4d734905df64","local_time":"20210204131846","is_ascension_mode":false,"campfire_choices":[{"floor":7,"key":"REST"},{"data":"Reprogram","floor":11,"key":"SMITH"},{"data":"Beam Cell","floor":13,"key":"SMITH"},{"floor":15,"key":"REST"},{"floor":32,"key":"REST"},{"data":"Hologram","floor":44,"key":"SMITH"},{"data":"Madness","floor":46,"key":"SMITH"},{"data":"1","floor":49,"key":"LIFT"},{"data":"Madness","floor":52,"key":"SMITH"}],"circlet_count":0,"master_deck":["Gash","Gash","Gash","Gash","Rip and Tear","Reprogram+1","Steam","Steam","Streamline","FTL","Beam Cell+1","All For One","Go for the Eyes+1","Gash+1","Machine Learning+1","Buffer+1","Hologram+1","All For One+1","Hologram+1","FTL+1","Madness+1","Madness+1","Machine Learning+1","Gash+1"],"relics":["Cracked Core","Golden Idol","Pocketwatch","Bird Faced Urn","Sozu","Frozen Egg 2","Singing Bowl","Molten Egg 2","Vajra","HornCleat","Coffee Dripper","Girya","Shuriken","Question Card","DataDisk","Bottled Tornado","CeramicFish","Nunchaku","Bronze Scales","Bottled Lightning"],"acts_visited":["Exordium","TheCity","TheBeyond","TheEnding"],"potions_floor_usage":[18,24],"damage_taken":[{"damage":0,"enemies":"Jaw Worm","floor":1,"turns":2},{"damage":0,"enemies":"Cultist","floor":2,"turns":3},{"damage":0,"enemies":"2 Louse","floor":5,"turns":2},{"damage":15,"enemies":"Lagavulin","floor":6,"turns":4},{"damage":3,"enemies":"2 Fungi Beasts","floor":12,"turns":2},{"damage":1,"enemies":"3 Louse","floor":14,"turns":2},{"damage":8,"enemies":"The Guardian","floor":16,"turns":4},{"damage":0,"enemies":"2 Thieves","floor":18,"turns":2},{"damage":2,"enemies":"3 Byrds","floor":19,"turns":3},{"damage":7,"enemies":"Snecko","floor":21,"turns":3},{"damage":9,"enemies":"3 Cultists","floor":22,"turns":4},{"damage":26,"enemies":"Slavers","floor":23,"turns":3},{"damage":0,"enemies":"Snake Plant","floor":24,"turns":2},{"damage":14,"enemies":"Gremlin Leader","floor":25,"turns":5},{"damage":6,"enemies":"Shelled Parasite and Fungi","floor":27,"turns":3},{"damage":2,"enemies":"Book of Stabbing","floor":30,"turns":2},{"damage":14,"enemies":"Centurion and Healer","floor":31,"turns":2},{"damage":0,"enemies":"Automaton","floor":33,"turns":5},{"damage":8,"enemies":"3 Shapes","floor":35,"turns":3},{"damage":23,"enemies":"2 Orb Walkers","floor":37,"turns":5},{"damage":0,"enemies":"3 Darklings","floor":39,"turns":2},{"damage":12,"enemies":"Nemesis","floor":40,"turns":3},{"damage":0,"enemies":"Transient","floor":42,"turns":4},{"damage":0,"enemies":"Sphere and 2 Shapes","floor":47,"turns":2},{"damage":0,"enemies":"Giant Head","floor":48,"turns":2},{"damage":0,"enemies":"Donu and Deca","floor":50,"turns":2},{"damage":21,"enemies":"Shield and Spear","floor":54,"turns":3},{"damage":100,"enemies":"The Heart","floor":55,"turns":3}],"seed_played":"-4771849127117998854","potions_obtained":[{"floor":5,"key":"SpeedPotion"},{"floor":6,"key":"DistilledChaos"},{"floor":16,"key":"DistilledChaos"}],"is_trial":false,"path_per_floor":["M","M","$","?","M","E","R","$","T","?","R","M","R","M","R","B",null,"M","M","$","M","M","E","M","E","T","M","T","?","E","M","R","B",null,"M","?","?","$","M","E","?","M","T","R","?","R","M","E","R","B",null,"R","$","E","B"],"character_chosen":"DEFECT","items_purchased":["FTL","Shuriken","Question Card","Nunchaku","Bronze Scales"],"campfire_rested":3,"item_purchase_floors":[3,38,38,53,53],"current_hp_per_floor":[38,38,38,20,20,5,27,27,27,27,27,24,24,23,45,37,75,75,73,73,66,57,31,33,23,23,23,23,23,25,15,39,41,81,77,77,60,60,62,54,54,56,56,56,45,45,51,55,55,61,89,89,89,68,0,0],"gold":327,"neow_bonus":"","is_daily":false,"chose_seed":false,"campfire_upgraded":5,"win_rate":0.0,"timestamp":1612441126,"path_taken":["M","M","$","?","M","E","R","?","T","?","R","M","R","M","R","BOSS","M","M","$","M","M","E","M","E","T","M","?","?","E","M","R","BOSS","M","?","?","$","M","E","?","M","T","R","?","R","?","E","R","BOSS","R","$","E","BOSS"],"items_purchased_type":["Card","Relic","Relic","Relic","Relic"],"build_version":"2020-12-22","purchased_purges":0,"victory":false,"max_hp_per_floor":[75,75,75,75,75,75,75,75,75,75,75,75,75,75,75,75,75,75,75,75,75,75,75,75,75,75,77,77,77,79,81,81,81,81,83,83,85,85,85,87,87,87,87,87,87,87,89,89,89,89,89,89,89,89,89,89],"relic_stats":{"Sozu":9,"Nunchaku":[5],"Singing Bowl":14,"counters":[33,102],"Golden Idol":217,"Shuriken":[51],"Bird Faced Urn":[48],"CeramicFish":18,"Bronze Scales":[115],"Question Card":6,"obtain_stats":[{"Singing Bowl":25,"CeramicFish":48,"Vajra":28,"Whetstone":26,"Bottled Tornado":43,"Sozu":0,"Nunchaku":53,"HornCleat":30,"Mummified Hand":0,"Pantograph":0,"Cracked Core":0,"Girya":37,"Golden Idol":0,"Frozen Egg 2":23,"Question Card":38,"Cables":0,"DataDisk":40,"Shuriken":38,"Bronze Scales":0,"Bird Faced Urn":9,"Molten Egg 2":26,"Coffee Dripper":34,"Bottled Lightning":54,"Toy Ornithopter":23,"Pocketwatch":6},{"Singing Bowl":19,"CeramicFish":30,"Vajra":20,"Whetstone":4,"Bottled Tornado":28,"Sozu":0,"Nunchaku":31,"HornCleat":21,"Mummified Hand":0,"Pantograph":0,"Cracked Core":0,"Girya":25,"Golden Idol":0,"Frozen Egg 2":17,"Question Card":25,"Cables":0,"DataDisk":27,"Shuriken":25,"Bronze Scales":0,"Bird Faced Urn":9,"Molten Egg 2":19,"Coffee Dripper":23,"Bottled Lightning":32,"Toy Ornithopter":3,"Pocketwatch":9},{"Singing Bowl":61,"CeramicFish":94,"Vajra":64,"Whetstone":18,"Bottled Tornado":90,"Sozu":0,"Nunchaku":96,"HornCleat":66,"Mummified Hand":0,"Pantograph":0,"Cracked Core":0,"Girya":81,"Golden Idol":0,"Frozen Egg 2":54,"Question Card":81,"Cables":0,"DataDisk":86,"Shuriken":81,"Bronze Scales":0,"Bird Faced Urn":31,"Molten Egg 2":61,"Coffee Dripper":73,"Bottled Lightning":99,"Toy Ornithopter":14,"Pocketwatch":31}],"Pocketwatch":[3]},"card_choices":[{"not_picked":["Stack","Conserve Battery","Barrage"],"picked":"SKIP","floor":1},{"not_picked":["Capacitor","Loop"],"picked":"Streamline","floor":2},{"not_picked":["Ball Lightning","Coolheaded"],"picked":"Beam Cell","floor":5},{"not_picked":["Sweeping Beam","Leap","Hello World"],"picked":"SKIP","floor":6},{"not_picked":["Stack","Rebound","Compile Driver"],"picked":"SKIP","floor":12},{"not_picked":["Stack","Consume","Streamline"],"picked":"SKIP","floor":14},{"not_picked":["Electrodynamics","Echo Form"],"picked":"All For One","floor":16},{"not_picked":["Compile Driver","Barrage"],"picked":"Go for the Eyes+1","floor":18},{"not_picked":["Undo","Compile Driver"],"picked":"Gash+1","floor":19},{"not_picked":["Blizzard","Loop","Cold Snap"],"picked":"SKIP","floor":21},{"not_picked":["Leap","Recycle","Chaos+1"],"picked":"SKIP","floor":22},{"not_picked":["Multi-Cast","Rebound"],"picked":"Machine Learning+1","floor":23},{"not_picked":["Compile Driver+1","Gash"],"picked":"Buffer+1","floor":24},{"not_picked":["Double Energy","Coolheaded"],"picked":"Hologram","floor":25},{"not_picked":["Hologram","Capacitor+1","Barrage+1"],"picked":"Singing Bowl","floor":27},{"not_picked":["Leap+1","Rebound+1","Compile Driver+1"],"picked":"Singing Bowl","floor":30},{"not_picked":["Cold Snap+1","Coolheaded","Blizzard+1"],"picked":"Singing Bowl","floor":31},{"not_picked":["Rainbow","Multi-Cast"],"picked":"All For One+1","floor":33},{"not_picked":["Beam Cell+1","Sweeping Beam+1","Consume+1"],"picked":"Singing Bowl","floor":35},{"not_picked":["Cold Snap+1","Rip and Tear+1","Undo+1"],"picked":"Singing Bowl","floor":37},{"not_picked":["Gash+1","Consume","Coolheaded+1"],"picked":"Hologram+1","floor":39},{"not_picked":["Ball Lightning+1","Sunder+1","Tempest+1","Darkness+1"],"picked":"Singing Bowl","floor":40},{"not_picked":["Turbo+1","Static Discharge+1","Beam Cell+1"],"picked":"FTL+1","floor":42},{"not_picked":["Capacitor+1","Compile Driver+1","Redo+1","Streamline+1"],"picked":"Singing Bowl","floor":47},{"not_picked":["Doom and Gloom+1","Skim+1","Coolheaded"],"picked":"Machine Learning+1","floor":48},{"not_picked":["Stack+1","Streamline+1","Sweeping Beam+1","Gash+1"],"picked":"SKIP","floor":54},{"not_picked":["Stack+1","Streamline+1","Sweeping Beam+1"],"picked":"Gash+1","floor":54}],"player_experience":445910,"relics_obtained":[{"floor":6,"key":"Pocketwatch"},{"floor":9,"key":"Bird Faced Urn"},{"floor":23,"key":"Frozen Egg 2"},{"floor":25,"key":"Singing Bowl"},{"floor":26,"key":"Molten Egg 2"},{"floor":28,"key":"Vajra"},{"floor":30,"key":"HornCleat"},{"floor":37,"key":"Girya"},{"floor":40,"key":"DataDisk"},{"floor":43,"key":"Bottled Tornado"},{"floor":48,"key":"CeramicFish"},{"floor":54,"key":"Bottled Lightning"}],"event_choices":[{"damage_healed":0,"gold_gain":0,"player_choice":"Take Damage","damage_taken":18,"relics_obtained":["Golden Idol"],"max_hp_gain":0,"max_hp_loss":0,"event_name":"Golden Idol","floor":4,"gold_loss":0},{"cards_removed":["Steam"],"damage_healed":0,"gold_gain":0,"player_choice":"Purged","damage_taken":0,"max_hp_gain":0,"max_hp_loss":0,"event_name":"Purifier","floor":10,"gold_loss":0},{"cards_removed":["Machine Learning"],"damage_healed":0,"gold_gain":0,"player_choice":"Give","damage_taken":0,"max_hp_gain":0,"max_hp_loss":0,"event_name":"betterNote:BetterNote","floor":29,"gold_loss":0,"cards_obtained":["Defend_B"]},{"damage_healed":0,"gold_gain":0,"player_choice":"Ignored","damage_taken":0,"max_hp_gain":0,"max_hp_loss":0,"event_name":"Tomb of Lord Red Mask","floor":36,"gold_loss":0},{"damage_healed":0,"gold_gain":0,"player_choice":"Fight","damage_taken":0,"max_hp_gain":0,"max_hp_loss":0,"event_name":"Mysterious Sphere","floor":37,"gold_loss":0},{"cards_removed":["Steam"],"damage_healed":0,"gold_gain":0,"player_choice":"Removed Skill","damage_taken":0,"max_hp_gain":0,"max_hp_loss":0,"event_name":"Falling","floor":41,"gold_loss":0},{"damage_healed":0,"gold_gain":0,"player_choice":"Embrace Madness","damage_taken":11,"max_hp_gain":0,"max_hp_loss":0,"event_name":"Winding Halls","floor":45,"gold_loss":0,"cards_obtained":["Madness","Madness"]}],"is_beta":false,"boss_relics":[{"not_picked":["Runic Pyramid","Busted Crown"],"picked":"Sozu"},{"not_picked":["Pandora\u0027s Box","Velvet Choker"],"picked":"Coffee Dripper"}],"items_purged_floors":[],"is_endless":false,"potions_floor_spawned":[5,6,16,23,24,25,27,39,40],"killed_by":"The Heart","ascension_level":0}}