{"host":"1c52r9kaxdyo25eq","time":1612415674,"event":{"mods":["AchievementEnabler","BaseMod","DeckTracker","Minty Spire (QoL Compilation)","Rare Cards Sparkle","SuperFastMode","everything is the same but u backflip on backflip"],"gold_per_floor":[210,135,135,55,70,70,87,87,87,98,98,98,133,145,145,223,223,239,154,169,169,182,197,197,247,270,118,118,18,44,58,58,133,133,143,143,168,168,186,186,186,186],"floor_reached":41,"language":"KOR","playtime":924,"items_purged":["Decay","Strike_R"],"score":757,"play_id":"0ca29ee9-4c55-4632-99dc-43d2c097516f","local_time":"20210204141434","is_ascension_mode":true,"campfire_choices":[{"data":"Dropkick","floor":6.0,"key":"SMITH"},{"data":"Bash","floor":8.0,"key":"SMITH"},{"data":"Twin Strike","floor":11.0,"key":"SMITH"},{"data":"Fire Breathing","floor":15.0,"key":"SMITH"},{"data":"Reaper","floor":24.0,"key":"SMITH"},{"data":"Rupture","floor":28.0,"key":"SMITH"},{"data":"Hemokinesis","floor":32.0,"key":"SMITH"},{"data":"Immolate","floor":40,"key":"SMITH"}],"circlet_count":0,"master_deck":["AscendersBane","Strike_R","Defend_R","Bash+1","Dropkick+1","Twin Strike+1","Evolve","Fire Breathing+1","Reaper+1","Searing Blow","Rupture+1","Shrug It Off","Hemokinesis+1","Heavy Blade","Immolate+1","Burning Pact"],"relics":["Burning Blood","Meat on the Bone","Paper Frog","Bag of Marbles","Cursed Key","HornCleat","The Courier","Empty Cage","Dead Branch"],"acts_visited":["Exordium","TheCity","TheBeyond"],"potions_floor_usage":[33,41],"damage_taken":[{"damage":13.0,"enemies":"Small Slimes","floor":1.0,"turns":4.0},{"damage":10.0,"enemies":"2 Louse","floor":5.0,"turns":3.0},{"damage":9.0,"enemies":"Jaw Worm","floor":7.0,"turns":3.0},{"damage":29.0,"enemies":"Exordium Thugs","floor":10.0,"turns":4.0},{"damage":8.0,"enemies":"Gremlin Nob","floor":13.0,"turns":3.0},{"damage":23.0,"enemies":"Large Slime","floor":14.0,"turns":4.0},{"damage":20.0,"enemies":"Hexaghost","floor":16.0,"turns":7.0},{"damage":41.0,"enemies":"Shell Parasite","floor":18.0,"turns":4.0},{"damage":49.0,"enemies":"Spheric Guardian","floor":20.0,"turns":6.0},{"damage":40.0,"enemies":"Shelled Parasite and Fungi","floor":22.0,"turns":5.0},{"damage":11.0,"enemies":"3 Cultists","floor":23.0,"turns":4.0},{"damage":28.0,"enemies":"Gremlin Leader","floor":30.0,"turns":4.0},{"damage":26.0,"enemies":"Centurion and Healer","floor":31.0,"turns":6.0},{"damage":81,"enemies":"Champ","floor":33,"turns":8},{"damage":49,"enemies":"3 Darklings","floor":35,"turns":6},{"damage":16,"enemies":"Mind Bloom Boss Battle","floor":37,"turns":6},{"damage":25,"enemies":"Orb Walker","floor":39,"turns":4},{"damage":41,"enemies":"Nemesis","floor":41,"turns":3}],"seed_played":"-6219486457961155309","potions_obtained":[{"floor":7.0,"key":"Weak Potion"},{"floor":16.0,"key":"FairyPotion"},{"floor":20.0,"key":"Strength Potion"},{"floor":23.0,"key":"BloodPotion"},{"floor":31.0,"key":"Fruit Juice"}],"is_trial":false,"path_per_floor":["M","?","?","$","M","R","M","R","T","M","R","T","E","M","R","B",null,"M","?","M","?","M","M","R","?","T","$","R","$","E","M","R","B",null,"M","?","?","?","M","R","E"],"character_chosen":"IRONCLAD","items_purchased":["LiquidBronze","Hemokinesis"],"campfire_rested":0,"item_purchase_floors":[4,27],"current_hp_per_floor":[61,61,54,54,50,50,47,47,47,36,36,36,46,41,41,39,66,50,50,23,23,34,52,52,52,52,52,52,52,46,69,69,20,61,44,44,54,54,43,43,7,7],"gold":186,"neow_bonus":"HUNDRED_GOLD","is_daily":false,"chose_seed":false,"campfire_upgraded":8,"win_rate":0.0,"timestamp":1612415674,"path_taken":["M","?","?","$","M","R","M","R","T","?","R","?","E","M","R","BOSS","M","?","M","?","M","M","R","?","T","$","R","?","E","?","R","BOSS","M","?","?","?","M","R","E"],"items_purchased_type":["Potion","Card"],"build_version":"2020-12-22","purchased_purges":2,"victory":false,"max_hp_per_floor":[75,75,75,75,75,75,75,75,75,75,75,75,75,75,75,75,75,75,75,75,75,75,75,75,75,75,75,75,75,75,75,75,75,75,75,75,75,71,71,71,76,76],"card_choices":[{"not_picked":["Sword Boomerang","Warcry","True Grit"],"picked":"SKIP","floor":1.0},{"not_picked":["Sword Boomerang","Intimidate"],"picked":"Dropkick","floor":5.0},{"not_picked":["Iron Wave","Entrench","Anger"],"picked":"SKIP","floor":7.0},{"not_picked":["Sever Soul","Dark Embrace"],"picked":"Twin Strike","floor":10.0},{"not_picked":["Wild Strike","Seeing Red"],"picked":"Evolve","floor":13.0},{"not_picked":["Headbutt","Twin Strike"],"picked":"Fire Breathing","floor":14.0},{"not_picked":["Double Tap","Demon Form"],"picked":"Reaper","floor":16.0},{"not_picked":["Clash","Combust","Warcry"],"picked":"SKIP","floor":18.0},{"not_picked":["Flex","Rage","Havoc+1"],"picked":"SKIP","floor":20.0},{"not_picked":["Hemokinesis","Body Slam"],"picked":"Shrug It Off","floor":22.0},{"not_picked":["Cleave","Shrug It Off","Metallicize"],"picked":"SKIP","floor":23.0},{"not_picked":["Bludgeon","Rupture"],"picked":"Heavy Blade","floor":30.0},{"not_picked":["Warcry","Spot Weakness","True Grit"],"picked":"SKIP","floor":31.0},{"not_picked":["Fiend Fire","Barricade"],"picked":"Immolate","floor":33},{"not_picked":["True Grit","Clothesline","Twin Strike"],"picked":"SKIP","floor":35},{"not_picked":["Reckless Charge","Iron Wave"],"picked":"Burning Pact","floor":39}],"player_experience":639957,"relics_obtained":[{"floor":9.0,"key":"Meat on the Bone"},{"floor":12.0,"key":"Paper Frog"},{"floor":13.0,"key":"Bag of Marbles"},{"floor":30.0,"key":"The Courier"},{"floor":37,"key":"Dead Branch"}],"event_choices":[{"cards_removed":["Strike_R"],"damage_healed":0.0,"max_hp_gain":0.0,"max_hp_loss":0.0,"gold_gain":0.0,"event_name":"The Cleric","player_choice":"Card Removal","floor":2.0,"gold_loss":75.0,"damage_taken":0.0},{"cards_removed":["Defend_R"],"damage_healed":0.0,"max_hp_gain":0.0,"max_hp_loss":0.0,"gold_gain":0.0,"event_name":"Golden Wing","player_choice":"Card Removal","floor":3.0,"gold_loss":0.0,"damage_taken":7.0},{"damage_healed":0.0,"max_hp_gain":0.0,"max_hp_loss":0.0,"gold_gain":0.0,"event_name":"Addict","player_choice":"Obtained Relic","floor":19.0,"gold_loss":85.0,"damage_taken":0.0,"relics_obtained":["HornCleat"]},{"damage_healed":0.0,"max_hp_gain":0.0,"max_hp_loss":0.0,"gold_gain":0.0,"cards_transformed":["Defend_R","Strike_R"],"event_name":"Drug Dealer","player_choice":"Became Test Subject","floor":21.0,"gold_loss":0.0,"damage_taken":0.0,"cards_obtained":["Searing Blow","Rupture"]},{"damage_healed":0.0,"max_hp_gain":0.0,"max_hp_loss":0.0,"gold_gain":50.0,"event_name":"Nest","player_choice":"Stole From Cult","floor":25.0,"gold_loss":0.0,"damage_taken":0.0},{"damage_healed":0,"gold_gain":0,"player_choice":"Ignored","damage_taken":0,"max_hp_gain":0,"max_hp_loss":0,"event_name":"Tomb of Lord Red Mask","floor":36,"gold_loss":0},{"damage_healed":0,"gold_gain":0,"player_choice":"Fight","damage_taken":0,"max_hp_gain":0,"max_hp_loss":0,"event_name":"MindBloom","floor":37,"gold_loss":0},{"damage_healed":0,"gold_gain":0,"player_choice":"Max HP","damage_taken":0,"max_hp_gain":0,"max_hp_loss":4,"event_name":"Winding Halls","floor":38,"gold_loss":0}],"is_beta":false,"boss_relics":[{"not_picked":["Snecko Eye","Runic Cube"],"picked":"Cursed Key"},{"not_picked":["SacredBark","Coffee Dripper"],"picked":"Empty Cage"}],"items_purged_floors":[27,29],"is_endless":false,"potions_floor_spawned":[7,10,14,16,20,23,31],"killed_by":"Nemesis","ascension_level":17}}