{"host":"eemx8njkng76fu5x","time":1612439021,"event":{"mods":["2.2 Compatiblity","BaseMod","Colored Map","Downfall","Minty Spire (QoL Compilation)","Permanent Neow","StSLib","Unceasing Turn Reminder","Unknown Chances"],"gold_per_floor":[99,113,132,143,161,161,212,275,309,209,67,84,109,109,128,230,230,130,149,166,180,180,195,195,209,241,253,273,43,43,68,81,179,179,79,93,110,120,120,135,135,135,160,174,184,196,196,222,237,237,237,262,12,12,12,12],"floor_reached":57,"language":"ENG","playtime":4049,"items_purged":["Guardian:Defend_Guardian","Guardian:Strike_Guardian","Guardian:Strike_Guardian"],"score":2069,"play_id":"33b018c0-2f53-4cb7-bb3c-3919095f5848","local_time":"20210204194341","is_ascension_mode":true,"campfire_choices":[{"data":"Guardian:ShieldSpikes","floor":1.0,"key":"SMITH"},{"floor":6.0,"key":"RECALL"},{"floor":10.0,"key":"REST"},{"data":"Guardian:FierceBash","floor":18.0,"key":"SMITH"},{"data":"Guardian:VentSteam","floor":35.0,"key":"SMITH"},{"data":"Guardian:TimeCapacitor","floor":47.0,"key":"SMITH"},{"data":"Guardian:TemporalShield","floor":54.0,"key":"SMITH"}],"circlet_count":0,"master_deck":["Guardian:Defend_Guardian","Guardian:Defend_Guardian","Guardian:CurlUp","Guardian:TwinSlam","Guardian:ShieldSpikes+1","Guardian:FuturePlans+1","Guardian:PiercingHide","Guardian:Suspension","Guardian:PiercingHide","Guardian:Recover","Guardian:TimeCapacitor+1","Guardian:ChargeCore","Guardian:TemporalShield+1","Guardian:FierceBash+1","Guardian:Recover","Guardian:TemporalShield+1","Guardian:Incinerate","Guardian:Planning+1","Guardian:ShieldSpikes","Guardian:BodySlam+1","Guardian:Recover+1","Guardian:VentSteam+1","Guardian:BronzeOrb+1","Guardian:Incinerate+1","Guardian:ArmoredProtocol","Guardian:Incinerate+1","Guardian:TemporalShield+1","Guardian:ArmoredProtocol+1","Guardian:Emergency+1","Guardian:BronzeOrb+1"],"relics":["Guardian:ModeShifterPlus","PreservedInsect","Bag of Preparation","Eternal Feather","downfall:HeartBlessingRed","sneckomod:SneckoTalon","downfall:HeartBlessingBlue","downfall:ExtraCursedKey","Molten Egg 2","Membership Card","InkBottle","downfall:HeartBlessingGreen","Bottled Tornado","Ice Cream","Boot","Vajra","Shuriken","Guardian:StasisUpgradeRelic","Guardian:PocketSentry"],"acts_visited":["Exordium","TheCity","TheBeyond","TheEnding"],"potions_floor_usage":[56],"damage_taken":[{"damage":5.0,"enemies":"Cultist","floor":2.0,"turns":5.0},{"damage":0.0,"enemies":"2 Louse","floor":3.0,"turns":3.0},{"damage":2.0,"enemies":"Jaw Worm","floor":4.0,"turns":6.0},{"damage":0.0,"enemies":"2 Fungi Beasts","floor":5.0,"turns":5.0},{"damage":5.0,"enemies":"Lagavulin Event","floor":8.0,"turns":8.0},{"damage":11.0,"enemies":"Gremlin Nob","floor":9.0,"turns":4.0},{"damage":0.0,"enemies":"downfall:FleeingMerchant","floor":11.0,"turns":4.0},{"damage":0.0,"enemies":"Blue Slaver","floor":12.0,"turns":5.0},{"damage":5.0,"enemies":"3 Louse","floor":15.0,"turns":3.0},{"damage":0.0,"enemies":"SI_SHIV_ARCHETYPE","floor":16.0,"turns":9.0},{"damage":2.0,"enemies":"Chosen","floor":19.0,"turns":6.0},{"damage":0.0,"enemies":"3 Cultists","floor":20.0,"turns":5.0},{"damage":6.0,"enemies":"Centurion and Healer","floor":21.0,"turns":6.0},{"damage":0.0,"enemies":"Snake Plant","floor":23.0,"turns":4.0},{"damage":9.0,"enemies":"Snecko","floor":25.0,"turns":5.0},{"damage":12.0,"enemies":"Book of Stabbing","floor":26.0,"turns":5.0},{"damage":7.0,"enemies":"Centurion and Healer","floor":27.0,"turns":6.0},{"damage":0.0,"enemies":"Cultist and Chosen","floor":28.0,"turns":6.0},{"damage":0.0,"enemies":"downfall:FleeingMerchant","floor":29.0,"turns":4.0},{"damage":4.0,"enemies":"Gremlin Leader","floor":31.0,"turns":5.0},{"damage":0.0,"enemies":"Chosen and Byrds","floor":32.0,"turns":4.0},{"damage":0.0,"enemies":"WA_ARCHETYPE_CALM","floor":33.0,"turns":9.0},{"damage":0.0,"enemies":"3 Shapes","floor":36.0,"turns":3.0},{"damage":0.0,"enemies":"Orb Walker","floor":37.0,"turns":4.0},{"damage":0.0,"enemies":"downfall:FleeingMerchant","floor":38.0,"turns":3.0},{"damage":0.0,"enemies":"Writhing Mass","floor":40.0,"turns":4.0},{"damage":0.0,"enemies":"Nemesis","floor":43.0,"turns":3.0},{"damage":0.0,"enemies":"4 Shapes","floor":44.0,"turns":4.0},{"damage":0.0,"enemies":"Sphere and 2 Shapes","floor":45.0,"turns":3.0},{"damage":0.0,"enemies":"Maw","floor":46.0,"turns":4.0},{"damage":0.0,"enemies":"Giant Head","floor":48.0,"turns":4.0},{"damage":0.0,"enemies":"Spire Growth","floor":49.0,"turns":3.0},{"damage":0.0,"enemies":"DF_ARCHETYPE_ORBS","floor":50.0,"turns":5.0},{"damage":0.0,"enemies":"downfall:CharBossMerchant","floor":52.0,"turns":6.0},{"damage":0,"enemies":"downfall:NeowBoss","floor":55,"turns":7},{"damage":0,"enemies":"downfall:NeowBossFinal","floor":56,"turns":6}],"seed_played":"-2279951215105726971","potions_obtained":[{"floor":3.0,"key":"Swift Potion"},{"floor":4.0,"key":"EssenceOfSteel"},{"floor":5.0,"key":"FearPotion"},{"floor":8.0,"key":"Weak Potion"},{"floor":12.0,"key":"Fire Potion"},{"floor":19.0,"key":"sneckomod:MuddlingPotion"},{"floor":23.0,"key":"hexamod:SoulburnPotion"},{"floor":26.0,"key":"Energy Potion"},{"floor":27.0,"key":"FairyPotion"},{"floor":31.0,"key":"EssenceOfSteel"},{"floor":44.0,"key":"GamblersBrew"}],"is_trial":false,"path_per_floor":["R","M","M","M","M","R","T","?","E","R","$","M","T","?","M","B",null,"R","M","M","M","?","M","T","M","E","M","M","$","?","E","M","B",null,"R","M","M","$","?","M","T","?","E","M","M","M","R","E","M","B",null,"E","$","R","B","B",null],"character_chosen":"GUARDIAN","items_purchased":["Guardian:Recover","Guardian:TimeCapacitor","Membership Card","Guardian:VentSteam","Bottled Tornado","Ice Cream","Guardian:StasisUpgradeRelic","Guardian:PocketSentry","Guardian:BronzeOrb+1"],"campfire_rested":1,"item_purchase_floors":[11,11,29,29,38,38,53,53,53],"current_hp_per_floor":[51,46,46,44,44,44,44,39,28,58,58,58,58,58,53,53,73,90,88,88,82,82,82,82,73,61,54,54,54,54,50,50,50,80,90,90,90,90,90,90,90,90,90,90,90,90,90,90,90,90,90,90,90,90,90,90],"gold":12,"neow_bonus":"TRANSFORM_TWO_CARDS","is_daily":false,"chose_seed":false,"campfire_upgraded":5,"win_rate":0.0,"timestamp":1612439021,"path_taken":["R","M","M","M","?","R","T","?","E","R","$","M","?","?","M","BOSS","R","M","M","M","?","M","T","M","E","M","M","$","?","E","M","BOSS","R","M","M","$","?","M","T","?","E","?","M","M","R","E","M","BOSS","E","$","R","BOSS","BOSS"],"items_purchased_type":["Card","Card","Relic","Card","Relic","Relic","Relic","Relic","Card"],"build_version":"2020-12-22","purchased_purges":3,"victory":true,"max_hp_per_floor":[80,80,80,80,80,80,80,80,80,80,80,80,80,80,80,80,80,90,90,90,90,90,90,90,90,90,90,90,90,90,90,90,90,90,90,90,90,90,90,90,90,90,90,90,90,90,90,90,90,90,90,90,90,90,90,90],"card_choices":[{"not_picked":["Guardian:Reroute","Guardian:Planning"],"picked":"Guardian:Gem_Cyan","floor":2.0},{"not_picked":["Guardian:PrimingBeam","Guardian:Suspension"],"picked":"Guardian:FuturePlans","floor":3.0},{"not_picked":["Guardian:Gem_Red","Guardian:Planning"],"picked":"Guardian:PiercingHide","floor":4.0},{"not_picked":["Guardian:BronzeOrb","Guardian:ArmoredProtocol"],"picked":"Guardian:Gem_Yellow","floor":5.0},{"not_picked":["Guardian:TimeCapacitor","Guardian:Suspension"],"picked":"Guardian:Gem_White","floor":8.0},{"not_picked":["Guardian:Gem_Cyan","Guardian:FastForward"],"picked":"Guardian:Suspension","floor":9.0},{"not_picked":["Guardian:Gem_Cyan","Guardian:TimeCapacitor"],"picked":"Guardian:PiercingHide","floor":11.0},{"not_picked":["Guardian:RollAttack","Guardian:Incinerate"],"picked":"Guardian:ChargeCore","floor":12.0},{"not_picked":["Guardian:TemporalStrike","Guardian:Gem_Lightblue"],"picked":"Guardian:TemporalShield","floor":15.0},{"not_picked":["Guardian:CompilePackage","Guardian:BaubleBeam"],"picked":"Guardian:FierceBash","floor":16.0},{"not_picked":["Guardian:RefractedBeam","Guardian:Reroute+1"],"picked":"Guardian:Recover","floor":19.0},{"not_picked":["Guardian:Gem_Lightblue","Guardian:Orbwalk"],"picked":"Guardian:TemporalShield+1","floor":20.0},{"not_picked":["Guardian:Suspension","Guardian:Gem_Lightblue"],"picked":"Guardian:Incinerate","floor":21.0},{"not_picked":["Guardian:DonusPower","Guardian:ChargeCore","Guardian:PrismaticBeam+1"],"picked":"SKIP","floor":23.0},{"not_picked":["Guardian:FuturePlans+1","Guardian:EvasiveProtocol"],"picked":"Guardian:Gem_Fragmented","floor":25.0},{"not_picked":["Guardian:CrystalBeam+1","Guardian:Gem_Green"],"picked":"Guardian:Planning+1","floor":26.0},{"not_picked":["Guardian:PrismaticBarrier+1","Guardian:Gem_Fragmented"],"picked":"Guardian:ShieldSpikes","floor":27.0},{"not_picked":["Guardian:PiercingHide","Guardian:ArmoredProtocol+1"],"picked":"Guardian:BodySlam+1","floor":28.0},{"not_picked":["Guardian:Suspension+1","Guardian:Gem_Cyan"],"picked":"Guardian:Recover+1","floor":29.0},{"not_picked":["Guardian:PiercingHide+1","Guardian:Gem_Purple"],"picked":"Guardian:Incinerate+1","floor":31.0},{"not_picked":["Guardian:Suspension","Guardian:Reroute+1"],"picked":"Guardian:ArmoredProtocol","floor":32.0},{"not_picked":["Guardian:HyperBeam_Guardian+1","Guardian:Gem_Synthetic"],"picked":"Guardian:Gem_Orange","floor":33.0},{"not_picked":["Guardian:WalkerClaw+1","Guardian:PrimingBeam+1"],"picked":"Guardian:Incinerate+1","floor":36.0},{"not_picked":["Guardian:BronzeOrb+1","Guardian:PrismaticBeam+1"],"picked":"Guardian:TemporalShield+1","floor":37.0},{"not_picked":["Guardian:GemFire+1","Guardian:RollAttack+1","Guardian:Gem_Green"],"picked":"SKIP","floor":38.0},{"not_picked":["Guardian:WalkerClaw+1","Guardian:TemporalShield","Guardian:PiercingHide"],"picked":"SKIP","floor":40.0},{"not_picked":["Guardian:Suspension","Guardian:GuardianWhirl+1"],"picked":"Guardian:ArmoredProtocol+1","floor":43.0},{"not_picked":["Guardian:SentryBeam+1","Guardian:RollAttack+1"],"picked":"Guardian:Gem_Crimson","floor":44.0},{"not_picked":["Guardian:PrimingBeam+1","Guardian:RollAttack+1"],"picked":"Guardian:Gem_Blue","floor":45.0},{"not_picked":["Guardian:PrimingBeam+1","Guardian:Gem_Synthetic"],"picked":"Guardian:Emergency+1","floor":46.0},{"not_picked":["Guardian:SentryBeam+1","Guardian:PolyBeam+1"],"picked":"Guardian:Gem_Purple","floor":48.0},{"not_picked":["Guardian:VentSteam","Guardian:Planning","Guardian:Suspension+1"],"picked":"SKIP","floor":49.0},{"not_picked":["Guardian:WalkerClaw+1","Guardian:TimeBomb+1"],"picked":"Guardian:Gem_Orange","floor":52.0}],"player_experience":541659,"relics_obtained":[{"floor":7.0,"key":"PreservedInsect"},{"floor":8.0,"key":"Bag of Preparation"},{"floor":9.0,"key":"Eternal Feather"},{"floor":26.0,"key":"Molten Egg 2"},{"floor":31.0,"key":"InkBottle"},{"floor":43.0,"key":"Boot"},{"floor":48.0,"key":"Vajra"},{"floor":52.0,"key":"Shuriken"}],"event_choices":[{"damage_healed":0.0,"max_hp_gain":0.0,"max_hp_loss":0.0,"gold_gain":0.0,"event_name":"The Library","player_choice":"Read","floor":30.0,"gold_loss":0.0,"damage_taken":0.0,"cards_obtained":["Guardian:BronzeOrb"]},{"cards_removed":["Guardian:ChargeUp"],"damage_healed":0.0,"max_hp_gain":0.0,"max_hp_loss":0.0,"gold_gain":0.0,"event_name":"Falling","player_choice":"Removed Skill","floor":39.0,"gold_loss":0.0,"damage_taken":0.0}],"is_beta":false,"boss_relics":[{"not_picked":["Busted Crown","Fusion Hammer"],"picked":"sneckomod:SneckoTalon"},{"not_picked":["Snecko Eye","bronze:MakeshiftBattery"],"picked":"Guardian:ModeShifterPlus"}],"items_purged_floors":[29,38,53],"is_endless":false,"potions_floor_spawned":[3,4,5,8,12,19,23,26,27,28,31,43,44,45,48,49],"ascension_level":9}}