{"host":"6p0attdrtjqaih7v","time":1612468716,"event":{"mods":["2.2 Compatiblity","AchievementEnabler","Bard","BaseMod","Better Skull","Better Third Choice","Colored Powertips","Hermit","Highlight Path","Key Reminder","Minty Spire (QoL Compilation)","Permanent Neow","Quick Restart","Random Character Button","Relic Stats","Reliquary","Replay The Spire","Robot Space Explorer","StSLib","The Witch"],"gold_per_floor":[115,74,86,86,103,103,134,144,170,170,170,183,199,214,214,286,286,305,325,45,59,59,59,85,85,85,113,113,138,156,156,156,235,235,252,252,252,269,284,284,317,337,337,365,377,387,418,431,431,431,431],"floor_reached":52,"language":"ENG","playtime":4164,"items_purged":["bard:Strike"],"score":2362,"play_id":"b2b64a12-0616-4f6d-9cff-d8f363e35b5e","local_time":"20210204145836","is_ascension_mode":true,"campfire_choices":[{"data":"bard:Riposte","floor":6,"key":"SMITH"},{"floor":11,"key":"REST"},{"data":"bard:EchoEcho","floor":15,"key":"SMITH"},{"data":"bard:ThickOfTheFight","floor":23,"key":"SMITH"},{"data":"bard:DiscordantVoice","floor":25,"key":"SMITH"},{"data":"bard:HarmoniousVoice","floor":28,"key":"SMITH"},{"data":"bard:Doot","floor":32,"key":"SMITH"},{"data":"bard:MnemonicVestments","floor":40,"key":"SMITH"},{"data":"bard:Haste","floor":49,"key":"SMITH"}],"circlet_count":0,"master_deck":["AscendersBane","bard:Strike","bard:Defend","bard:Defend","bard:Defend","bard:Riposte+1","bard:Inspire","bard:DiscordantVoice+1","bard:HarmoniousVoice+1","bard:TinyHut","bard:TinyHut","bard:Focused+1","bard:ViciousMockery+1","bard:LingeringEcho","bard:EchoEcho+1","bard:CovetousAura","bard:EchoEcho","bard:ThickOfTheFight+1","bard:ViciousMockery+1","bard:GreaterMagicWeapon","bard:TinyHut","bard:Invisibility","bard:DiscordantVoice+1","bard:Thunderwave","bard:Doot+1","bard:MnemonicVestments+1","bard:Doot+1","bard:FaerieFire+1","bard:Sift+1","bard:Haste+1","bard:Silence+1","Writhe","bard:Gamble+1","bard:Flourish"],"relics":["bard:BagPipes","Philosopher\u0027s Stone","Art of War","Bronze Scales","Replay:Drink Me","Centennial Puzzle","Mercury Hourglass","Gremlin Horn","reliquary:BoilingFlask","Cursed Key","Torii","keyreminder:keyreminder","Kunai","Whetstone"],"acts_visited":["Exordium","TheCity","TheBeyond"],"potions_floor_usage":[19,24,24,44,51,51],"damage_taken":[{"damage":8,"enemies":"Small Slimes","floor":1,"turns":3},{"damage":0,"enemies":"2 Louse","floor":3,"turns":5},{"damage":0,"enemies":"Cultist","floor":5,"turns":4},{"damage":28,"enemies":"3 Sentries","floor":7,"turns":12},{"damage":7,"enemies":"Large Slime","floor":8,"turns":6},{"damage":0,"enemies":"Blue Slaver","floor":12,"turns":2},{"damage":0,"enemies":"2 Fungi Beasts","floor":13,"turns":3},{"damage":1,"enemies":"Large Slime","floor":14,"turns":4},{"damage":0,"enemies":"The Guardian","floor":16,"turns":8},{"damage":0,"enemies":"Spheric Guardian","floor":18,"turns":3},{"damage":0,"enemies":"3 Byrds","floor":19,"turns":4},{"damage":0,"enemies":"3 Cultists","floor":21,"turns":3},{"damage":6,"enemies":"Slavers","floor":24,"turns":3},{"damage":0,"enemies":"Replay:Snechameleon","floor":27,"turns":4},{"damage":6,"enemies":"Slavers","floor":29,"turns":3},{"damage":0,"enemies":"Cultist and Chosen","floor":30,"turns":4},{"damage":0,"enemies":"Collector","floor":33,"turns":5},{"damage":0,"enemies":"Orb Walker","floor":35,"turns":2},{"damage":0,"enemies":"3 Shapes","floor":38,"turns":2},{"damage":0,"enemies":"Transient","floor":39,"turns":5},{"damage":0,"enemies":"Giant Head","floor":41,"turns":6},{"damage":2,"enemies":"4 Shapes","floor":42,"turns":2},{"damage":0,"enemies":"Nemesis","floor":44,"turns":7},{"damage":1,"enemies":"Jaw Worm Horde","floor":45,"turns":2},{"damage":0,"enemies":"Maw","floor":46,"turns":6},{"damage":0,"enemies":"Giant Head","floor":47,"turns":5},{"damage":0,"enemies":"Sphere and 2 Shapes","floor":48,"turns":4},{"damage":8,"enemies":"Time Eater","floor":50,"turns":9},{"damage":26,"enemies":"Awakened One","floor":51,"turns":9}],"seed_played":"7770472510576775269","potions_obtained":[{"floor":8,"key":"LifebloodPotion"},{"floor":12,"key":"Swift Potion"},{"floor":27,"key":"LiquidBronze"},{"floor":30,"key":"ColorlessPotion"},{"floor":35,"key":"LiquidMemories"},{"floor":45,"key":"FearPotion"}],"is_trial":false,"path_per_floor":["M","$","M","?","M","R","E","M","T","?","R","M","M","M","R","B",null,"M","M","$","M","?","R","E","R","T","E","R","E","M","?","R","B",null,"M","?","?","M","M","R","E","M","T","E","M","M","E","M","R","B","B",null],"character_chosen":"BARD","items_purchased":["bard:HarmoniousVoice","bard:ViciousMockery","bard:GreaterMagicWeapon","LiquidMemories"],"campfire_rested":1,"item_purchase_floors":[2,20,20,20],"current_hp_per_floor":[51,51,51,56,56,56,28,21,21,21,42,42,42,41,41,41,51,51,51,51,51,51,51,45,45,45,45,45,39,39,39,39,39,50,50,50,50,50,50,50,50,48,48,48,47,47,47,47,47,39,13],"gold":431,"neow_bonus":"BOSS_RELIC","is_daily":false,"chose_seed":false,"campfire_upgraded":8,"win_rate":0.0,"timestamp":1612468716,"path_taken":["M","$","M","?","M","R","E","M","T","?","R","M","M","M","R","BOSS","M","M","$","?","?","R","E","R","T","E","R","E","M","?","R","BOSS","M","?","?","M","M","R","E","?","T","E","M","M","E","M","R","BOSS","BOSS"],"items_purchased_type":["Card","Card","Card","Potion"],"build_version":"2020-12-22","purchased_purges":1,"victory":true,"max_hp_per_floor":[66,66,66,71,71,71,71,71,71,71,71,71,71,71,71,71,54,54,54,54,54,54,54,54,54,54,54,54,54,54,54,54,54,54,54,54,54,54,54,54,54,54,54,54,54,54,54,54,54,54,54],"relic_stats":{"Centennial Puzzle":[15],"Gremlin Horn":[18,18],"Torii":7,"counters":[29,135],"Bronze Scales":[323],"Art of War":[13],"Kunai":[14],"Whetstone":["bard:ViciousMockery","bard:ViciousMockery"],"Cursed Key":1,"obtain_stats":[{"bard:BagPipes":0,"bard:PitchPipe":0,"Gremlin Horn":27,"Torii":41,"reliquary:BoilingFlask":29,"Whetstone":47,"Cursed Key":34,"Mercury Hourglass":26,"keyreminder:keyreminder":41,"Centennial Puzzle":24,"Bronze Scales":9,"Philosopher\u0027s Stone":0,"Art of War":7,"Kunai":44,"Replay:Drink Me":17},{"bard:BagPipes":0,"bard:PitchPipe":0,"Gremlin Horn":14,"Torii":21,"reliquary:BoilingFlask":15,"Whetstone":26,"Cursed Key":17,"Mercury Hourglass":13,"keyreminder:keyreminder":21,"Centennial Puzzle":13,"Bronze Scales":5,"Philosopher\u0027s Stone":0,"Art of War":4,"Kunai":23,"Replay:Drink Me":9},{"bard:BagPipes":0,"bard:PitchPipe":0,"Gremlin Horn":64,"Torii":91,"reliquary:BoilingFlask":67,"Whetstone":113,"Cursed Key":76,"Mercury Hourglass":60,"keyreminder:keyreminder":91,"Centennial Puzzle":60,"Bronze Scales":30,"Philosopher\u0027s Stone":0,"Art of War":24,"Kunai":100,"Replay:Drink Me":47}],"Mercury Hourglass":[284]},"card_choices":[{"not_picked":["bard:LingeringEcho","bard:Shout"],"picked":"bard:DiscordantVoice","floor":1},{"not_picked":["bard:HideousLaughter","bard:Fermata"],"picked":"bard:TinyHut","floor":3},{"not_picked":["bard:StudiedStrike","bard:ViciousMockery"],"picked":"bard:TinyHut","floor":5},{"not_picked":["bard:MantleOfInspiration","bard:Accelerando"],"picked":"bard:Focused","floor":7},{"not_picked":["bard:MantleOfInspiration","bard:LocateObject"],"picked":"bard:ViciousMockery","floor":8},{"not_picked":["bard:GuardPoint","bard:TinyHut"],"picked":"bard:LingeringEcho","floor":12},{"not_picked":["bard:Solo","bard:PhantasmalForce"],"picked":"bard:EchoEcho","floor":13},{"not_picked":["bard:LingeringEcho","bard:LingeringPerformance","bard:FeastOnFear"],"picked":"SKIP","floor":14},{"not_picked":["bard:BottledSong","bard:Haste"],"picked":"bard:CovetousAura","floor":16},{"not_picked":["bard:Gamble+1","bard:PhantasmalForce"],"picked":"bard:EchoEcho","floor":18},{"not_picked":["bard:Gamble","bard:Parry"],"picked":"bard:ThickOfTheFight","floor":19},{"not_picked":["bard:GlyphOfWarding","bard:CuttingWords+1"],"picked":"bard:TinyHut","floor":21},{"not_picked":["bard:FirstStrike","bard:QuickSong"],"picked":"bard:Invisibility","floor":24},{"not_picked":["bard:CuttingWords","bard:Blink"],"picked":"bard:DiscordantVoice+1","floor":27},{"not_picked":["bard:DervishDance","bard:Encore"],"picked":"bard:Thunderwave","floor":29},{"not_picked":["bard:LingeringEcho","bard:Blink+1"],"picked":"bard:Doot","floor":30},{"not_picked":["bard:CovetousAura","bard:MagnumOpus"],"picked":"bard:MnemonicVestments","floor":33},{"not_picked":["bard:SongBolt+1","bard:Thunderwave","bard:BestowCurse"],"picked":"SKIP","floor":35},{"not_picked":["bard:Sift+1","bard:Thunderwave+1"],"picked":"bard:FaerieFire+1","floor":38},{"not_picked":["bard:BucklerBash","bard:LocateObject+1"],"picked":"bard:Sift+1","floor":39},{"not_picked":["bard:ViciousMockery","bard:Gamble"],"picked":"bard:Haste","floor":41},{"not_picked":["bard:StudiedStrike","bard:Fermata"],"picked":"bard:Silence+1","floor":42},{"not_picked":["bard:HideousLaughter","bard:CovetousAura","bard:Solo"],"picked":"SKIP","floor":44},{"not_picked":["bard:EchoEcho+1","bard:Accelerando"],"picked":"bard:Gamble+1","floor":45},{"not_picked":["bard:Shout","bard:Blink","bard:EnGarde"],"picked":"SKIP","floor":46},{"not_picked":["bard:GreaterMagicWeapon","bard:InspiringSong","bard:BucklerBash"],"picked":"SKIP","floor":47},{"not_picked":["bard:InspiringSong","bard:TinyHut"],"picked":"bard:Flourish","floor":48}],"player_experience":995553,"relics_obtained":[{"floor":7,"key":"Art of War"},{"floor":9,"key":"Bronze Scales"},{"floor":24,"key":"Centennial Puzzle"},{"floor":26,"key":"Mercury Hourglass"},{"floor":27,"key":"Gremlin Horn"},{"floor":29,"key":"reliquary:BoilingFlask"},{"floor":41,"key":"Torii"},{"floor":44,"key":"Kunai"},{"floor":47,"key":"Whetstone"}],"event_choices":[{"damage_healed":0,"gold_gain":0,"player_choice":"Donut","damage_taken":0,"max_hp_gain":5,"max_hp_loss":0,"event_name":"Big Fish","floor":4,"gold_loss":0},{"damage_healed":0,"gold_gain":0,"player_choice":"Upgraded","damage_taken":0,"max_hp_gain":0,"max_hp_loss":0,"event_name":"Upgrade Shrine","floor":10,"gold_loss":0,"cards_upgraded":["bard:Focused"]},{"damage_healed":0,"gold_gain":0,"player_choice":"Ignored","damage_taken":0,"max_hp_gain":0,"max_hp_loss":0,"event_name":"Vampires","floor":22,"gold_loss":0},{"damage_healed":0,"gold_gain":0,"player_choice":"Ignored","damage_taken":0,"max_hp_gain":0,"max_hp_loss":0,"event_name":"The Mausoleum","floor":31,"gold_loss":0},{"damage_healed":0,"gold_gain":0,"player_choice":"Copied","damage_taken":0,"max_hp_gain":0,"max_hp_loss":0,"event_name":"Duplicator","floor":37,"gold_loss":0,"cards_obtained":["bard:Doot"]}],"is_beta":false,"boss_relics":[{"not_picked":["ChewingGum","reliquary:KinkedSpring"],"picked":"Replay:Drink Me"},{"not_picked":["Replay:Ancient Bell","Replay:Bronze Core"],"picked":"Cursed Key"}],"items_purged_floors":[20],"is_endless":false,"potions_floor_spawned":[8,12,16,21,27,30,35,39,41,42,45],"ascension_level":20}}