{"host":"i0avyit1s6jb1siw","time":1612433671,"event":{"mods":["BaseMod","DeckTracker","Dota2Spire","Highlight Path","Minty Spire (QoL Compilation)","Quick Restart","StSLib","SuperFastMode"],"gold_per_floor":[113,38,138,151,151,151,176,101,116,194,194,94,94,19,45,68,68,143,143,143,219,219,230,230,230,85,103,103,136,136,150,175,200,200,220,145,178,89,89,160,160,173,173,173,10,27,27,59,59,59,59,86,86,97,116,126,126,126,126,126,126,126,40,74,74],"floor_reached":66,"language":"ENG","playtime":2155,"items_purged":["Strike_G","Strike_G"],"score":3998,"play_id":"9c480ce7-d438-4fe4-a631-16f77c4f8504","local_time":"20210204111431","is_ascension_mode":true,"campfire_choices":[{"data":"Glass Knife","floor":6.0,"key":"SMITH"},{"data":"Predator","floor":13.0,"key":"SMITH"},{"data":"Footwork","floor":17.0,"key":"SMITH"},{"data":"Calculated Gamble","floor":20.0,"key":"SMITH"},{"data":"Accuracy","floor":28.0,"key":"SMITH"},{"data":"Envenom","floor":30.0,"key":"SMITH"},{"floor":34.0,"key":"REST"},{"floor":39.0,"key":"REST"},{"floor":47.0,"key":"RECALL"},{"data":"Calculated Gamble","floor":53.0,"key":"SMITH"},{"data":"Concentrate","floor":57.0,"key":"SMITH"},{"data":"Reflex","floor":58.0,"key":"SMITH"},{"data":"Backflip","floor":62.0,"key":"SMITH"}],"circlet_count":0,"master_deck":["AscendersBane","Survivor","Neutralize","Calculated Gamble+1","Footwork+1","Backflip+1","Adrenaline","Envenom+1","Malaise","Reflex","Calculated Gamble+1","Reflex+1","Corpse Explosion","Malaise","Accuracy+1","Blade Dance","Flechettes","Footwork+1","Cloak And Dagger+1","Concentrate+1","Adrenaline","PiercingWail","Noxious Fumes+1"],"relics":["Ring of the Snake","NeowsBlessing","Ancient Tea Set","Gremlin Horn","Kunai","Dota2Spire:BlackKingBar","Centennial Puzzle","Odd Mushroom","Runic Pyramid","Pandora\u0027s Box","Torii","Dream Catcher","Anchor","Bird Faced Urn","Empty Cage","Membership Card","Potion Belt","Incense Burner","Dota2Spire:Vanguard","TwistedFunnel","Dota2Spire:Desolator"],"acts_visited":["Exordium","TheCity","TheBeyond","TheEnding"],"potions_floor_usage":[65],"damage_taken":[{"damage":0.0,"enemies":"Small Slimes","floor":1.0,"turns":1.0},{"damage":0.0,"enemies":"Cultist","floor":4.0,"turns":1.0},{"damage":0.0,"enemies":"Gremlin Nob","floor":7.0,"turns":1.0},{"damage":0.0,"enemies":"2 Louse","floor":9.0,"turns":1.0},{"damage":12.0,"enemies":"3 Sentries","floor":15.0,"turns":6.0},{"damage":0.0,"enemies":"The Mushroom Lair","floor":16.0,"turns":3.0},{"damage":5.0,"enemies":"The Guardian","floor":18.0,"turns":14.0},{"damage":0.0,"enemies":"The Guardian","floor":21.0,"turns":13.0},{"damage":4.0,"enemies":"Shell Parasite","floor":23.0,"turns":8.0},{"damage":0.0,"enemies":"Spheric Guardian","floor":27.0,"turns":4.0},{"damage":29.0,"enemies":"Slavers","floor":29.0,"turns":3.0},{"damage":0.0,"enemies":"3 Cultists","floor":31.0,"turns":2.0},{"damage":0.0,"enemies":"Centurion and Healer","floor":35.0,"turns":3.0},{"damage":29.0,"enemies":"Book of Stabbing","floor":37.0,"turns":5.0},{"damage":0.0,"enemies":"Collector","floor":40.0,"turns":5.0},{"damage":1.0,"enemies":"Orb Walker","floor":42.0,"turns":2.0},{"damage":0.0,"enemies":"3 Shapes","floor":46.0,"turns":3.0},{"damage":0.0,"enemies":"Giant Head","floor":48.0,"turns":4.0},{"damage":31.0,"enemies":"Nemesis","floor":52.0,"turns":9.0},{"damage":0.0,"enemies":"Jaw Worm Horde","floor":54.0,"turns":2.0},{"damage":0.0,"enemies":"Transient","floor":55.0,"turns":6.0},{"damage":0.0,"enemies":"Maw","floor":56.0,"turns":5.0},{"damage":0.0,"enemies":"Awakened One","floor":59.0,"turns":7.0},{"damage":0.0,"enemies":"Time Eater","floor":60.0,"turns":10.0},{"damage":0.0,"enemies":"Shield and Spear","floor":64.0,"turns":2.0},{"damage":28,"enemies":"The Heart","floor":65,"turns":8}],"seed_played":"4445961513615060818","potions_obtained":[{"floor":7.0,"key":"Dexterity Potion"},{"floor":16.0,"key":"EntropicBrew"},{"floor":18.0,"key":"Block Potion"},{"floor":23.0,"key":"SmokeBomb"},{"floor":29.0,"key":"Regen Potion"},{"floor":35.0,"key":"FairyPotion"},{"floor":56.0,"key":"Energy Potion"}],"is_trial":false,"path_per_floor":["M","?","?","M","?","R","E","$","M","T","T","$","R","$","E","?","R","B",null,"R","B",null,"M","?","?","$","M","R","E","R","M","T","T","R","M","?","E","$","R","B",null,"M","?","?","$","M","R","E","$","T","T","E","R","M","M","M","R","R","B","B",null,"R","$","E","B",null],"character_chosen":"THE_SILENT","items_purchased":["Footwork","Accuracy","Blade Dance","Concentrate","Membership Card","TwistedFunnel"],"campfire_rested":2,"item_purchase_floors":[14,26,26,38,45,63],"current_hp_per_floor":[59,59,59,59,48,48,48,48,48,48,48,48,48,48,36,36,36,31,31,31,31,57,53,53,53,53,53,53,24,24,24,24,24,43,43,43,14,14,33,41,60,65,65,55,55,61,61,66,66,66,66,35,35,45,55,65,65,65,66,66,66,66,66,66,38],"gold":74,"neow_bonus":"THREE_ENEMY_KILL","is_daily":false,"chose_seed":false,"campfire_upgraded":10,"win_rate":0.0,"timestamp":1612433671,"path_taken":["M","?","?","?","?","R","E","$","M","T","T","?","R","$","E","?","R","BOSS","R","BOSS","M","?","?","$","M","R","E","R","M","T","T","R","M","?","E","$","R","BOSS","M","?","?","$","M","R","E","$","T","T","E","R","M","M","M","R","R","BOSS","BOSS","R","$","E","BOSS"],"items_purchased_type":["Card","Card","Card","Card","Relic","Relic"],"build_version":"2020-12-22","purchased_purges":2,"victory":true,"max_hp_per_floor":[66,66,66,66,66,66,66,66,66,66,66,66,66,66,66,66,66,66,66,66,66,66,66,66,66,66,66,66,66,66,66,66,66,66,66,66,66,66,66,66,66,66,66,66,66,66,66,66,66,66,66,66,66,66,66,66,66,66,66,66,66,66,66,66,66],"card_choices":[{"not_picked":["PiercingWail","Acrobatics"],"picked":"Flying Knee","floor":1.0},{"not_picked":["PiercingWail","Bane"],"picked":"Glass Knife","floor":4.0},{"not_picked":["Distraction","Underhanded Strike"],"picked":"Predator","floor":7.0},{"not_picked":["Predator","Flying Knee"],"picked":"Calculated Gamble","floor":9.0},{"not_picked":["Flying Knee","Accuracy"],"picked":"Blade Dance","floor":15.0},{"not_picked":["Outmaneuver","Sucker Punch"],"picked":"Backflip","floor":16.0},{"not_picked":["Envenom","Tools of the Trade"],"picked":"Adrenaline","floor":18.0},{"not_picked":["Unload","Storm of Steel"],"picked":"Envenom","floor":21.0},{"not_picked":["Blade Dance","Calculated Gamble","Bane"],"picked":"SKIP","floor":23.0},{"not_picked":["Dagger Spray","Distraction"],"picked":"Flechettes","floor":27.0},{"not_picked":["Flying Knee","Dodge and Roll","Prepared"],"picked":"SKIP","floor":29.0},{"not_picked":["Flying Knee","Storm of Steel"],"picked":"Footwork+1","floor":31.0},{"not_picked":["Bouncing Flask+1","Blur"],"picked":"Cloak And Dagger+1","floor":34.0},{"not_picked":["Calculated Gamble","Deflect","Blade Dance"],"picked":"SKIP","floor":35.0},{"not_picked":["Backflip","Glass Knife","Expertise"],"picked":"SKIP","floor":37.0},{"not_picked":["Grand Finale","Die Die Die"],"picked":"Adrenaline","floor":40.0},{"not_picked":["Acrobatics+1","Endless Agony+1"],"picked":"PiercingWail","floor":42.0},{"not_picked":["Finisher","Slice"],"picked":"Noxious Fumes+1","floor":46.0},{"not_picked":["Cloak And Dagger","Sucker Punch","Blade Dance"],"picked":"SKIP","floor":48.0},{"not_picked":["Escape Plan","Concentrate","Cloak And Dagger"],"picked":"SKIP","floor":52.0},{"not_picked":["Dagger Throw","Riddle With Holes","Underhanded Strike"],"picked":"SKIP","floor":54.0},{"not_picked":["Masterful Stab","PiercingWail","Underhanded Strike"],"picked":"SKIP","floor":55.0},{"not_picked":["Flechettes","Catalyst","Noxious Fumes"],"picked":"SKIP","floor":56.0},{"not_picked":["Concentrate+1","A Thousand Cuts","Phantasmal Killer"],"picked":"SKIP","floor":64.0}],"player_experience":2399142,"relics_obtained":[{"floor":7.0,"key":"Gremlin Horn"},{"floor":10.0,"key":"Kunai"},{"floor":11.0,"key":"Dota2Spire:BlackKingBar"},{"floor":15.0,"key":"Centennial Puzzle"},{"floor":16.0,"key":"Odd Mushroom"},{"floor":29.0,"key":"Torii"},{"floor":32.0,"key":"Dream Catcher"},{"floor":33.0,"key":"Anchor"},{"floor":37.0,"key":"Bird Faced Urn"},{"floor":48.0,"key":"Potion Belt"},{"floor":50.0,"key":"Incense Burner"},{"floor":52.0,"key":"Dota2Spire:Vanguard"},{"floor":64.0,"key":"Dota2Spire:Desolator"}],"event_choices":[{"cards_removed":["Strike_G"],"damage_healed":0.0,"max_hp_gain":0.0,"max_hp_loss":0.0,"gold_gain":0.0,"event_name":"The Cleric","player_choice":"Card Removal","floor":2.0,"gold_loss":75.0,"damage_taken":0.0},{"damage_healed":0.0,"max_hp_gain":0.0,"max_hp_loss":0.0,"gold_gain":100.0,"event_name":"Wheel of Change","player_choice":"Gold","floor":3.0,"gold_loss":0.0,"damage_taken":0.0},{"damage_healed":0.0,"max_hp_gain":0.0,"max_hp_loss":0.0,"gold_gain":0.0,"event_name":"Scrap Ooze","player_choice":"Success","floor":5.0,"gold_loss":0.0,"damage_taken":11.0,"relics_obtained":["Ancient Tea Set"]},{"damage_healed":0.0,"max_hp_gain":0.0,"max_hp_loss":0.0,"gold_gain":0.0,"event_name":"Mushrooms","player_choice":"Fought Mushrooms","floor":16.0,"gold_loss":0.0,"damage_taken":0.0},{"damage_healed":0.0,"max_hp_gain":0.0,"max_hp_loss":0.0,"gold_gain":0.0,"event_name":"The Mausoleum","player_choice":"Ignored","floor":24.0,"gold_loss":0.0,"damage_taken":0.0},{"cards_removed":["Envenom"],"damage_healed":0.0,"max_hp_gain":0.0,"max_hp_loss":0.0,"gold_gain":0.0,"event_name":"Back to Basics","player_choice":"Elegance","floor":25.0,"gold_loss":0.0,"damage_taken":0.0},{"cards_removed":["Blade Dance"],"damage_healed":0.0,"max_hp_gain":0.0,"max_hp_loss":0.0,"gold_gain":0.0,"event_name":"Beggar","player_choice":"Gave Gold","floor":36.0,"gold_loss":75.0,"damage_taken":0.0},{"cards_removed":["Predator"],"damage_healed":0.0,"max_hp_gain":0.0,"max_hp_loss":0.0,"gold_gain":0.0,"event_name":"Falling","player_choice":"Removed Attack","floor":43.0,"gold_loss":0.0,"damage_taken":0.0},{"damage_healed":0.0,"max_hp_gain":0.0,"max_hp_loss":0.0,"gold_gain":0.0,"event_name":"SensoryStone","player_choice":"Memory 3","floor":44.0,"gold_loss":0.0,"damage_taken":10.0}],"is_beta":false,"boss_relics":[{"not_picked":["SlaversCollar","Velvet Choker"],"picked":"Runic Pyramid"},{"not_picked":["Snecko Eye","Philosopher\u0027s Stone"],"picked":"Pandora\u0027s Box"},{"not_picked":["HoveringKite","Runic Dome"],"picked":"Empty Cage"}],"items_purged_floors":[8,12],"is_endless":false,"potions_floor_spawned":[7,16,18,21,23,29,35,37,46,56],"ascension_level":20}}