{"host":"k85tjwrh7mjrrc9a","time":1612468163,"event":{"mods":["AchievementEnabler","BaseMod","Colored Powertips","Highlight Path","Minty Spire (QoL Compilation)","Rare Cards Sparkle","StSLib"],"gold_per_floor":[112,162,177,196,145,145,155,188,200,224,236,248,272,312,324,409,421,444,456,326,377,387,387,387],"floor_reached":23,"language":"ENG","playtime":1091,"items_purged":[],"score":382,"play_id":"1f035a93-2170-4892-9918-e6da83cec6a5","local_time":"20210204144923","is_ascension_mode":true,"campfire_choices":[{"data":"Pommel Strike","floor":6,"key":"SMITH"},{"floor":11,"key":"REST"},{"floor":15,"key":"REST"}],"circlet_count":0,"master_deck":["AscendersBane","Strike_R","Strike_R","Strike_R","Strike_R","Strike_R","Defend_R","Defend_R","Defend_R","Defend_R","Bash+1","Pommel Strike+1","Pommel Strike","Ghostly Armor","Shrug It Off","Inflame","Disarm","Uppercut","Barricade","Ghostly Armor","Metallicize","Whirlwind"],"relics":["Burning Blood","MawBank","Bottled Tornado","Girya","Philosopher\u0027s Stone","Lantern"],"acts_visited":["Exordium","TheCity"],"potions_floor_usage":[16,23],"damage_taken":[{"damage":6.0,"enemies":"2 Louse","floor":1.0,"turns":3.0},{"damage":1.0,"enemies":"Cultist","floor":3.0,"turns":3.0},{"damage":10.0,"enemies":"Small Slimes","floor":4.0,"turns":3.0},{"damage":11,"enemies":"Blue Slaver","floor":7,"turns":3},{"damage":31,"enemies":"Gremlin Nob","floor":8,"turns":4},{"damage":20,"enemies":"Exordium Thugs","floor":10,"turns":5},{"damage":2,"enemies":"Looter","floor":13,"turns":4},{"damage":43,"enemies":"3 Sentries","floor":14,"turns":10},{"damage":33,"enemies":"The Guardian","floor":16,"turns":13},{"damage":35,"enemies":"3 Byrds","floor":18,"turns":7},{"damage":15,"enemies":"Chosen","floor":22,"turns":7},{"damage":24,"enemies":"Slavers","floor":23,"turns":2}],"seed_played":"3402548997152245908","potions_obtained":[{"floor":4.0,"key":"ElixirPotion"},{"floor":8,"key":"LiquidMemories"},{"floor":13,"key":"GamblersBrew"}],"is_trial":false,"path_per_floor":["M","?","M","M","$","R","M","E","T","M","R","$","M","E","R","B",null,"M","?","$","T","M","E"],"character_chosen":"IRONCLAD","items_purchased":["Shrug It Off","Metallicize","SpeedPotion"],"campfire_rested":2,"item_purchase_floors":[5,20,20],"current_hp_per_floor":[68,68,73,69,69,69,64,39,39,25,47,47,51,14,36,9,59,30,30,30,30,21,0,0],"gold":387,"neow_bonus":"UPGRADE_CARD","is_daily":false,"chose_seed":false,"campfire_upgraded":1,"win_rate":0.0,"timestamp":1612468163,"path_taken":["M","?","M","?","?","R","?","E","T","M","R","$","M","E","R","BOSS","M","?","$","?","M","E"],"items_purchased_type":["Card","Card","Potion"],"build_version":"2020-12-22","purchased_purges":0,"victory":false,"max_hp_per_floor":[75,75,75,75,75,75,75,75,75,75,75,75,75,75,75,75,75,75,75,75,75,75,75,75],"card_choices":[{"not_picked":["Entrench","Uppercut"],"picked":"Pommel Strike","floor":1.0},{"not_picked":["Havoc","Reckless Charge"],"picked":"Pommel Strike","floor":3.0},{"not_picked":["Rampage","Body Slam"],"picked":"Ghostly Armor","floor":4.0},{"not_picked":["Intimidate","Anger"],"picked":"Inflame","floor":7},{"not_picked":["Flex","Perfected Strike"],"picked":"Disarm","floor":8},{"not_picked":["Reckless Charge","Sever Soul","Anger"],"picked":"SKIP","floor":10},{"not_picked":["Ghostly Armor","Hemokinesis"],"picked":"Uppercut","floor":13},{"not_picked":["Entrench","Sever Soul","Brutality"],"picked":"SKIP","floor":14},{"not_picked":["Feed","Immolate"],"picked":"Barricade","floor":16},{"not_picked":["Seeing Red","Pommel Strike","Anger"],"picked":"SKIP","floor":18},{"not_picked":["Feel No Pain","Heavy Blade"],"picked":"Whirlwind","floor":22}],"player_experience":252217,"relics_obtained":[{"floor":8,"key":"MawBank"},{"floor":9,"key":"Bottled Tornado"},{"floor":14,"key":"Girya"},{"floor":21,"key":"Lantern"}],"event_choices":[{"damage_healed":0.0,"max_hp_gain":0.0,"max_hp_loss":0.0,"gold_gain":50.0,"event_name":"Golden Shrine","player_choice":"Pray","floor":2.0,"gold_loss":0.0,"damage_taken":0.0},{"damage_healed":0,"gold_gain":0,"player_choice":"Copied","damage_taken":0,"max_hp_gain":0,"max_hp_loss":0,"event_name":"Duplicator","floor":19,"gold_loss":0,"cards_obtained":["Ghostly Armor"]}],"is_beta":false,"boss_relics":[{"not_picked":["Black Star","SacredBark"],"picked":"Philosopher\u0027s Stone"}],"items_purged_floors":[],"is_endless":false,"potions_floor_spawned":[4,8,13],"killed_by":"Slavers","ascension_level":18}}