{"host":"b9id4afcchnn1rfb","time":1612471089,"event":{"mods":["Act Like it!","BaseMod","Better Note","Colored Map","Colored Powertips","Hallownest","Hermit","Infinite Spire","Minty Spire (QoL Compilation)","StSLib","SuperFastMode","The Death Knight","The Necromancer"],"gold_per_floor":[113,127,127,140,90,90,116,134,187,187,219,238,238,265,265,265,265],"floor_reached":16,"language":"ENG","playtime":453,"items_purged":[],"score":180,"play_id":"3856a75a-9708-4f92-bbb2-01f7444557f9","local_time":"20210204213809","is_ascension_mode":true,"campfire_choices":[{"data":"Consume","floor":6,"key":"SMITH"},{"floor":10,"key":"REST"},{"floor":15,"key":"REST"}],"circlet_count":0,"master_deck":["AscendersBane","Strike_B","Strike_B","Strike_B","Defend_B","Defend_B","Defend_B","Zap","Dualcast","Coolheaded","Consume+1","Storm","Chill","Chill","Double Energy","Sweeping Beam","Regret","Thunder Strike"],"relics":["Cracked Core","infinitespire:Satchel","Mummified Hand","Bronze Scales","Regal Pillow","Pen Nib"],"acts_visited":["Exordium"],"potions_floor_usage":[8,11,14,14],"damage_taken":[{"damage":4,"enemies":"2 Louse","floor":1,"turns":2},{"damage":1,"enemies":"Jaw Worm","floor":2,"turns":4},{"damage":0,"enemies":"Cultist","floor":4,"turns":3},{"damage":21,"enemies":"Lagavulin","floor":7,"turns":8},{"damage":0,"enemies":"Blue Slaver","floor":8,"turns":4},{"damage":14,"enemies":"3 Sentries","floor":11,"turns":12},{"damage":0,"enemies":"2 Fungi Beasts","floor":12,"turns":5},{"damage":28,"enemies":"Gremlin Nob","floor":14,"turns":4},{"damage":64,"enemies":"Slime Boss","floor":16,"turns":9}],"seed_played":"1420130735453431862","potions_obtained":[{"floor":2,"key":"Fruit Juice"},{"floor":7,"key":"FearPotion"},{"floor":8,"key":"ColorlessPotion"},{"floor":12,"key":"CultistPotion"}],"is_trial":false,"path_per_floor":["M","M","?","M","?","R","E","M","T","R","E","M","?","E","R","B"],"character_chosen":"DEFECT","items_purchased":[],"campfire_rested":2,"item_purchase_floors":[],"current_hp_per_floor":[64,63,56,56,56,56,35,40,40,64,50,50,50,22,61,0,0],"gold":265,"neow_bonus":"RANDOM_COMMON_RELIC","is_daily":false,"chose_seed":false,"campfire_upgraded":1,"win_rate":0.0,"timestamp":1612471089,"path_taken":["M","M","?","M","?","R","E","M","T","R","E","?","?","E","R","BOSS"],"items_purchased_type":[],"build_version":"2020-12-22","purchased_purges":0,"victory":false,"max_hp_per_floor":[75,75,75,75,75,75,75,80,80,80,80,80,80,80,80,80,80],"card_choices":[{"not_picked":["Rebound","Compile Driver"],"picked":"Coolheaded","floor":1},{"not_picked":["Barrage","Conserve Battery"],"picked":"Consume","floor":2},{"not_picked":["Turbo","Rebound"],"picked":"Storm","floor":4},{"not_picked":["Scrape","Gash"],"picked":"Chill","floor":7},{"not_picked":["Scrape","Leap"],"picked":"Chill","floor":8},{"not_picked":["Compile Driver","Recycle"],"picked":"Double Energy","floor":11},{"not_picked":["Beam Cell","Hologram"],"picked":"Sweeping Beam","floor":12},{"not_picked":["Compile Driver","Stack"],"picked":"Thunder Strike","floor":14}],"player_experience":485234,"relics_obtained":[{"floor":7,"key":"Mummified Hand"},{"floor":11,"key":"Bronze Scales"},{"floor":14,"key":"Pen Nib"}],"event_choices":[{"cards_removed":["Strike_B"],"damage_healed":0,"gold_gain":0,"player_choice":"Card Removal","damage_taken":7,"max_hp_gain":0,"max_hp_loss":0,"event_name":"Golden Wing","floor":3,"gold_loss":0},{"cards_removed":["Defend_B"],"damage_healed":0,"gold_gain":0,"player_choice":"Card Removal","damage_taken":0,"max_hp_gain":0,"max_hp_loss":0,"event_name":"The Cleric","floor":5,"gold_loss":50},{"damage_healed":0,"gold_gain":0,"player_choice":"Box","damage_taken":0,"relics_obtained":["Regal Pillow"],"max_hp_gain":0,"max_hp_loss":0,"event_name":"Big Fish","floor":13,"gold_loss":0,"cards_obtained":["Regret"]}],"is_beta":false,"boss_relics":[],"items_purged_floors":[],"is_endless":false,"potions_floor_spawned":[2,7,8,12],"killed_by":"Slime Boss","ascension_level":10}}