{"host":"d2y4rmbezebiv8aj","time":1612438839,"event":{"mods":["AchievementEnabler","BaseMod","Bestiary","BetterRewards","Colored Map","Colored Powertips","Custom Start","Highlight Path","Minty Spire (QoL Compilation)","Quick Restart","Rare Cards Sparkle","Relic Sorter","Relic Stats","Shop Mod","Slay-I","StSLib","SuperFastMode"],"gold_per_floor":[109,120,137,148,168,168,168],"floor_reached":6,"language":"DEU","playtime":230,"items_purged":[],"score":68,"play_id":"e5eaa559-0c06-4b42-984a-1c19055fa4e7","local_time":"20210204124039","is_ascension_mode":true,"campfire_choices":[],"circlet_count":0,"master_deck":["AscendersBane","Strike_G","Strike_G","Strike_G","Strike_G","Strike_G","Defend_G","Defend_G","Defend_G","Defend_G","Defend_G","Survivor","Neutralize","Infinite Blades","Accuracy","Blade Dance","Terror","Dagger Spray","Flying Knee"],"relics":["Ring of the Snake"],"acts_visited":["Exordium"],"potions_floor_usage":[6],"damage_taken":[{"damage":0.0,"enemies":"Small Slimes","floor":1.0,"turns":4.0},{"damage":14.0,"enemies":"Cultist","floor":2.0,"turns":5.0},{"damage":1.0,"enemies":"2 Louse","floor":3.0,"turns":4.0},{"damage":27.0,"enemies":"Gremlin Gang","floor":4.0,"turns":7.0},{"damage":3.0,"enemies":"Large Slime","floor":5.0,"turns":5.0},{"damage":30,"enemies":"3 Sentries","floor":6,"turns":6}],"seed_played":"-1109855961331332583","potions_obtained":[{"floor":1.0,"key":"Regen Potion"},{"floor":2.0,"key":"BlessingOfTheForge"},{"floor":5.0,"key":"BlessingOfTheForge"}],"is_trial":false,"path_per_floor":["M","M","M","M","M","E"],"character_chosen":"THE_SILENT","items_purchased":["Infinite Blades"],"campfire_rested":0,"item_purchase_floors":[0],"current_hp_per_floor":[59,45,44,32,29,0,0],"gold":168,"neow_bonus":"","is_daily":false,"chose_seed":false,"campfire_upgraded":0,"win_rate":0.0,"timestamp":1612438839,"path_taken":["M","M","M","M","M","E"],"items_purchased_type":["Card"],"build_version":"2020-12-22","purchased_purges":0,"victory":false,"max_hp_per_floor":[66,66,66,66,66,66,66],"relic_stats":{"counters":[14,62],"obtain_stats":[{"NeowsBlessing":0,"Blue Candle":5,"Juzu Bracelet":9,"Ring of the Snake":0,"Meat on the Bone":6},{"NeowsBlessing":0,"Blue Candle":4,"Juzu Bracelet":6,"Ring of the Snake":0,"Meat on the Bone":5},{"NeowsBlessing":0,"Blue Candle":8,"Juzu Bracelet":18,"Ring of the Snake":0,"Meat on the Bone":15}],"Ring of the Snake":[28]},"card_choices":[{"not_picked":["Terror","Underhanded Strike"],"picked":"Accuracy","floor":1.0},{"not_picked":["Quick Slash","Outmaneuver"],"picked":"Blade Dance","floor":2.0},{"not_picked":["Reflex","Bane"],"picked":"Terror","floor":3.0},{"not_picked":["Eviscerate","Slice"],"picked":"Dagger Spray","floor":4.0},{"not_picked":["Endless Agony","Acrobatics"],"picked":"Flying Knee","floor":5.0}],"player_experience":411662,"relics_obtained":[],"event_choices":[],"is_beta":false,"boss_relics":[],"items_purged_floors":[],"is_endless":false,"potions_floor_spawned":[1,2,5],"killed_by":"3 Sentries","ascension_level":14}}