{"host":"lnnm69al9x392px5","time":1612430664,"event":{"mods":["BaseMod","Downfall","Hermit","Minty Spire (QoL Compilation)","Replay The Spire","StSLib","The Cursed"],"gold_per_floor":[99,99,118,137,155,175,199,217,247,273,315,340,352,382,405,518,530,542,571,683,723,749,761,843,873,895,941,753,249,249,249,263,367,367,367,426,444,58,105,130,130,130,30,75,88,88,88,144,157,157,157,157,157,157],"floor_reached":52,"language":"ENG","playtime":2677,"items_purged":[],"score":897,"play_id":"ff8fed2b-3222-46fa-9aac-9e1af89fb67b","local_time":"20210204012424","is_ascension_mode":false,"campfire_choices":[{"data":"bronze:Strike","floor":1,"key":"PURGE"},{"data":"bronze:ThunderWave","floor":13,"key":"SMITH"},{"floor":18,"key":"RECALL"},{"data":"bronze:AlphaBuild","floor":28,"key":"SMITH"},{"floor":35,"key":"DIG"},{"data":"bronze:BugBarrage","floor":43,"key":"SMITH"},{"data":"bronze:Virus","floor":47,"key":"SMITH"}],"circlet_count":0,"master_deck":["bronze:Strike","bronze:Defend","bronze:Defend","bronze:Defend","bronze:Defend","bronze:Replicate","bronze:Goto+1","bronze:RecursiveStrike","bronze:Overheat","bronze:CutThrough","bronze:Assembly+1","bronze:DelayedSlice","bronze:Overheat","bronze:ThunderWave+1","bronze:DarkDash","bronze:Repair","bronze:Overheat","bronze:GetLatest","bronze:AlphaBuild+1","bronze:Branch+1","bronze:BugBarrage+1","bronze:Boost","bronze:CutThrough+1","bronze:HardenedForm+1","bronze:Refactor","bronze:BitShift+1","bronze:Verify+1","Clumsy","ReplayTheSpireMod:Doomed","bronze:BugBarrage+1","bronze:DelayedSlice+1","bronze:Virus+1","bronze:ItsAFeature+1","bronze:Boost","bronze:Turbo+1"],"relics":["Snecko Heart","Replay:Baseball","MawBank","War Paint","Replay:Grab Bag","bronze:MakeshiftBattery","Sozu","Ring of Chaos","FossilizedHelix","Frozen Egg 2","Red Mask","Ornamental Fan","Blue Candle","Omamori","downfall:HeartBlessingRed","downfall:HeartBlessingGreen","Snack Pack","Divine Protection","ReplayTheSpireMod:Ring of Challenge","ReplayTheSpireMod:Ring of Collecting","Replay:Ancient Bell","ReplayTheSpireMod:TigerMarble","Gremlin Horn","Gambling Chip","Lantern","Du-Vu Doll","Sundial","Frozen Eye","Turnip","downfall:HeartBlessingBlue","Nunchaku"],"acts_visited":["Exordium","TheCity","TheBeyond","TheEnding"],"potions_floor_usage":[27],"damage_taken":[{"damage":0,"enemies":"Small Slimes","floor":3,"turns":4},{"damage":2,"enemies":"2 Louse","floor":4,"turns":3},{"damage":0,"enemies":"Jaw Worm","floor":5,"turns":1},{"damage":0,"enemies":"Red Slaver","floor":6,"turns":1},{"damage":0,"enemies":"Gremlin Gang","floor":8,"turns":3},{"damage":13,"enemies":"Lagavulin","floor":9,"turns":3},{"damage":0,"enemies":"2 Fungi Beasts","floor":10,"turns":2},{"damage":9,"enemies":"Replay:BlueRogue","floor":11,"turns":3},{"damage":5,"enemies":"Exordium Thugs","floor":12,"turns":3},{"damage":0,"enemies":"3 Louse","floor":14,"turns":3},{"damage":7,"enemies":"Gremlin Gang","floor":15,"turns":3},{"damage":28,"enemies":"IC_STATUS_ARCHETYPE","floor":16,"turns":5},{"damage":0,"enemies":"Chosen","floor":19,"turns":3},{"damage":0,"enemies":"SI_SHIV_ARCHETYPE","floor":20,"turns":5},{"damage":0,"enemies":"Masked Bandits","floor":21,"turns":2},{"damage":0,"enemies":"Spheric Guardian","floor":22,"turns":2},{"damage":2,"enemies":"Centurion and Healer","floor":25,"turns":3},{"damage":0,"enemies":"Chosen and Byrds","floor":26,"turns":3},{"damage":3,"enemies":"Replay:Snechameleon","floor":27,"turns":6},{"damage":0,"enemies":"downfall:FleeingMerchant","floor":29,"turns":4},{"damage":0,"enemies":"Snake Plant","floor":32,"turns":3},{"damage":0,"enemies":"WA_ARCHETYPE_CALM","floor":33,"turns":5},{"damage":18,"enemies":"3 Shapes","floor":36,"turns":5},{"damage":0,"enemies":"Orb Walker","floor":37,"turns":2},{"damage":0,"enemies":"downfall:FleeingMerchant","floor":38,"turns":4},{"damage":5,"enemies":"4 Shapes","floor":39,"turns":2},{"damage":0,"enemies":"R_Hoarder","floor":40,"turns":5},{"damage":0,"enemies":"Sphere and 2 Shapes","floor":44,"turns":2},{"damage":0,"enemies":"Transient","floor":45,"turns":5},{"damage":59,"enemies":"4 Shapes","floor":48,"turns":3},{"damage":0,"enemies":"3 Darklings","floor":49,"turns":2},{"damage":6,"enemies":"SI_POISON_ARCHETYPE","floor":50,"turns":5},{"damage":146,"enemies":"downfall:CharBossMerchant","floor":52,"turns":8}],"seed_played":"8642185077789237054","potions_obtained":[{"floor":5,"key":"Weak Potion"},{"floor":8,"key":"Block Potion"},{"floor":10,"key":"BlessingOfTheForge"},{"floor":11,"key":"FairyPotion"}],"is_trial":false,"path_per_floor":["R","?","M","M","M","M","T","M","E","M","E","M","R","M","M","B",null,"R","M","?","?","M","?","T","M","M","E","R","$","?","?","M","B",null,"R","M","M","$","M","E","T","?","R","M","M","$","R","M","M","B",null,"E"],"character_chosen":"THE_AUTOMATON","items_purchased":["Snack Pack","Divine Protection","Du-Vu Doll","Sundial","Frozen Eye"],"campfire_rested":0,"item_purchase_floors":[29,29,38,38,38],"current_hp_per_floor":[70,70,70,68,68,68,68,68,55,55,46,41,41,48,48,20,70,70,70,70,70,70,70,70,70,70,67,67,70,70,70,70,70,70,70,52,63,70,70,70,70,70,80,80,80,80,80,23,29,40,80,0,0,0],"gold":157,"neow_bonus":"BOSS_RELIC","is_daily":false,"chose_seed":false,"campfire_upgraded":4,"win_rate":0.0,"timestamp":1612430664,"path_taken":["R","?","M","M","M","M","T","M","E","M","E","M","R","M","M","BOSS","R","M","?","?","M","?","T","M","M","E","R","$","?","?","M","BOSS","R","M","M","$","M","E","T","?","R","?","M","$","R","?","M","BOSS","E"],"items_purchased_type":["Relic","Relic","Relic","Relic","Relic"],"build_version":"2020-12-22","purchased_purges":0,"victory":false,"max_hp_per_floor":[70,70,70,70,70,70,70,70,70,70,70,70,70,70,70,70,70,70,70,70,70,70,70,70,70,70,70,70,70,70,70,70,70,70,70,70,70,70,70,70,70,70,80,80,80,80,80,80,80,80,80,80,80,80],"card_choices":[{"not_picked":["bronze:DelayedGuard","bronze:MaxOutput"],"picked":"bronze:Overheat","floor":3},{"not_picked":["bronze:Invalidate","bronze:OilSpill"],"picked":"bronze:CutThrough","floor":4},{"not_picked":["bronze:Terminator","bronze:BuggyMess"],"picked":"bronze:Assembly","floor":5},{"not_picked":["bronze:MaxOutput","bronze:Turbo"],"picked":"bronze:DelayedSlice","floor":6},{"not_picked":["bronze:FineTuning","bronze:Shell"],"picked":"bronze:Overheat","floor":8},{"not_picked":["bronze:Branch","bronze:WhirlingStrike","bronze:Shield"],"picked":"SKIP","floor":9},{"not_picked":["bronze:Turbo","bronze:Shield"],"picked":"bronze:ThunderWave","floor":10},{"not_picked":["bronze:Refactor","bronze:Constructor"],"picked":"bronze:DarkDash","floor":11},{"not_picked":["bronze:BuggyMess","bronze:BitShift"],"picked":"bronze:Repair","floor":12},{"not_picked":["bronze:Overload","bronze:FineTuning"],"picked":"bronze:Overheat","floor":14},{"not_picked":["bronze:Separator","bronze:BitShift"],"picked":"bronze:GetLatest","floor":15},{"not_picked":["bronze:CleanCode","bronze:ThunderWave"],"picked":"bronze:AlphaBuild","floor":16},{"not_picked":["bronze:Deprecate+1","bronze:Terminator+1","bronze:Repair"],"picked":"SKIP","floor":19},{"not_picked":["bronze:Repair+1","bronze:Fortify"],"picked":"bronze:Branch+1","floor":21},{"not_picked":["bronze:InfiniteLoop","bronze:DarkDash"],"picked":"bronze:BugBarrage+1","floor":22},{"not_picked":["bronze:Backtrace","bronze:BuggyMess"],"picked":"bronze:Boost","floor":25},{"not_picked":["bronze:InfiniteBeams+1","bronze:BugBarrage+1"],"picked":"bronze:CutThrough+1","floor":26},{"not_picked":["bronze:Turbo","bronze:BitShift+1"],"picked":"bronze:HardenedForm+1","floor":27},{"not_picked":["bronze:Overload","bronze:BuggyMess+1"],"picked":"bronze:Refactor","floor":29},{"not_picked":["bronze:Invalidate+1","bronze:WildBeam+1"],"picked":"bronze:BitShift+1","floor":32},{"not_picked":["bronze:BurnOut","bronze:Assembly"],"picked":"bronze:Verify+1","floor":33},{"not_picked":["Regret","ReplayTheSpireMod:Splinters"],"picked":"hermit:ImpendingDoom","floor":34},{"not_picked":["Sickly","downfall:Haunted"],"picked":"Clumsy","floor":34},{"not_picked":["Normality","Overencumbered"],"picked":"ReplayTheSpireMod:Doomed","floor":34},{"not_picked":["bronze:DelayedSlice","bronze:Invalidate+1"],"picked":"bronze:BugBarrage","floor":36},{"not_picked":["bronze:BronzeArmor+1","bronze:ThunderWave","bronze:Frontload+1"],"picked":"SKIP","floor":37},{"not_picked":["bronze:Repair+1","bronze:NullPointer+1"],"picked":"bronze:DelayedSlice+1","floor":38},{"not_picked":["bronze:Separator","bronze:Refactor+1","bronze:GetLatest+1"],"picked":"SKIP","floor":39},{"not_picked":["bronze:BuggyMess+1","bronze:ClassDefault+1","bronze:CloningBeam"],"picked":"SKIP","floor":40},{"not_picked":["bronze:DelayedSlice+1","bronze:Boost+1"],"picked":"bronze:ItsAFeature+1","floor":44},{"not_picked":["bronze:WildBeam+1","bronze:BronzeArmor"],"picked":"bronze:Boost","floor":45},{"not_picked":["bronze:Repair+1","bronze:WildBeam+1"],"picked":"bronze:Turbo+1","floor":48},{"not_picked":["bronze:Refactor+1","bronze:Deprecate","bronze:Backtrace+1"],"picked":"SKIP","floor":49}],"player_experience":354400,"relics_obtained":[{"floor":7,"key":"Replay:Baseball"},{"floor":9,"key":"MawBank"},{"floor":11,"key":"War Paint"},{"floor":20,"key":"FossilizedHelix"},{"floor":20,"key":"Frozen Egg 2"},{"floor":21,"key":"Red Mask"},{"floor":24,"key":"Blue Candle"},{"floor":27,"key":"Omamori"},{"floor":31,"key":"ReplayTheSpireMod:Ring of Challenge"},{"floor":31,"key":"ReplayTheSpireMod:Ring of Collecting"},{"floor":35,"key":"Lantern"},{"floor":40,"key":"Turnip"},{"floor":48,"key":"Nunchaku"}],"event_choices":[{"damage_healed":0,"gold_gain":0,"player_choice":"Fought Bandits","damage_taken":0,"max_hp_gain":0,"max_hp_loss":0,"event_name":"Masked Bandits","floor":21,"gold_loss":0},{"damage_healed":0,"gold_gain":0,"player_choice":"Ignored","damage_taken":0,"max_hp_gain":0,"max_hp_loss":0,"event_name":"Vampires","floor":30,"gold_loss":0}],"is_beta":false,"boss_relics":[{"not_picked":["Replay:Drink Me","Runic Pyramid"],"picked":"Replay:Grab Bag"},{"not_picked":["Painkiller Herb","Velvet Choker"],"picked":"bronze:MakeshiftBattery"},{"not_picked":["Philosopher\u0027s Stone","ReplayTheSpireMod:Onyx Gauntlets"],"picked":"Sozu"},{"not_picked":["SlaversCollar","Astrolabe"],"picked":"Ring of Chaos"},{"not_picked":["Kintsugi","Empty Cage"],"picked":"Replay:Ancient Bell"},{"not_picked":["Boot","Regal Pillow"],"picked":"ReplayTheSpireMod:TigerMarble"},{"not_picked":["Replay:Bottled Eggs","The Courier"],"picked":"Gremlin Horn"},{"not_picked":["Unceasing Top","Incense Burner"],"picked":"Gambling Chip"}],"items_purged_floors":[],"is_endless":false,"potions_floor_spawned":[5,8,10,11,14,16,19,20,26,27,33,36,37,39,45,48],"killed_by":"downfall:CharBossMerchant","ascension_level":0}}