{"host":"w01zow3jg16g8jdh","time":1612449910,"event":{"mods":["AchievementEnabler","BaseMod","DeckTracker","Keyboard Shortcuts","Minty Spire (QoL Compilation)","Permanent Neow","StSLib","SuperFastMode"],"gold_per_floor":[110,121,139,158,175,175,208,228,305,305,305],"floor_reached":10,"language":"KOR","playtime":205,"items_purged":[],"score":144,"play_id":"8aa4f47f-db74-4f79-b1c8-3f6601b991a1","local_time":"20210204234510","is_ascension_mode":true,"campfire_choices":[{"data":"Shockwave","floor":6,"key":"SMITH"}],"circlet_count":0,"master_deck":["AscendersBane","Strike_R","Strike_R","Strike_R","Strike_R","Strike_R","Defend_R","Defend_R","Defend_R","Defend_R","Bash","Shrug It Off","Armaments","Shockwave+1","Burning Pact","Second Wind"],"relics":["Burning Blood","Oddly Smooth Stone","Bronze Scales","Shuriken"],"acts_visited":["Exordium"],"potions_floor_usage":[5,7,7],"damage_taken":[{"damage":0.0,"enemies":"Cultist","floor":1.0,"turns":4.0},{"damage":12.0,"enemies":"Small Slimes","floor":2.0,"turns":4.0},{"damage":0.0,"enemies":"2 Louse","floor":3.0,"turns":4.0},{"damage":6.0,"enemies":"2 Fungi Beasts","floor":4.0,"turns":4.0},{"damage":18,"enemies":"Exordium Thugs","floor":5,"turns":5},{"damage":32,"enemies":"Lagavulin","floor":7,"turns":10},{"damage":7,"enemies":"Blue Slaver","floor":8,"turns":5},{"damage":40,"enemies":"Gremlin Nob","floor":10,"turns":4}],"seed_played":"-7779650222659738555","potions_obtained":[{"floor":2.0,"key":"Swift Potion"},{"floor":4.0,"key":"SkillPotion"},{"floor":5,"key":"Block Potion"}],"is_trial":false,"path_per_floor":["M","M","M","M","M","R","E","M","T","E"],"character_chosen":"IRONCLAD","items_purchased":[],"campfire_rested":0,"item_purchase_floors":[],"current_hp_per_floor":[74,68,74,74,62,62,36,35,35,0,0],"gold":305,"neow_bonus":"RANDOM_COMMON_RELIC","is_daily":false,"chose_seed":false,"campfire_upgraded":1,"win_rate":0.0,"timestamp":1612449910,"path_taken":["M","M","M","M","M","R","E","M","T","E"],"items_purchased_type":[],"build_version":"2020-12-22","purchased_purges":0,"victory":false,"max_hp_per_floor":[75,75,75,75,75,75,75,75,75,75,75],"card_choices":[{"not_picked":["Cleave","Feel No Pain"],"picked":"Shrug It Off","floor":1.0},{"not_picked":["Cleave","Dropkick"],"picked":"Armaments","floor":2.0},{"not_picked":["Metallicize","Headbutt","Armaments"],"picked":"SKIP","floor":3.0},{"not_picked":["Warcry","Cleave"],"picked":"Shockwave","floor":4.0},{"not_picked":["Perfected Strike","Twin Strike"],"picked":"Burning Pact","floor":5},{"not_picked":["Shockwave","Sentinel","Flex"],"picked":"SKIP","floor":7},{"not_picked":["Spot Weakness","Rupture"],"picked":"Second Wind","floor":8}],"player_experience":359451,"relics_obtained":[{"floor":7,"key":"Bronze Scales"},{"floor":9,"key":"Shuriken"}],"event_choices":[],"is_beta":false,"boss_relics":[],"items_purged_floors":[],"is_endless":false,"potions_floor_spawned":[2,4,5],"killed_by":"Gremlin Nob","ascension_level":20}}