{"host":"t8facflq355xg1wc","time":1612464150,"event":{"mods":["AchievementEnabler","BaseMod","DeckTracker","Minty Spire (QoL Compilation)","StSLib","SuperFastMode"],"gold_per_floor":[368,383,308,319,20,20,46,59,59,24,52,66,78,90,90,186,186,199,199,209,209,219,245,245,25,25,43,43,59,23,51,51,148,148,162,174,20,31,49,49,67,116,140,166,15,15,15,15],"floor_reached":47,"language":"KOR","playtime":5243,"items_purged":["Decay"],"score":671,"play_id":"4d9a53f8-87f7-4b2a-8ee2-e49e52f18452","local_time":"20210205034230","is_ascension_mode":true,"campfire_choices":[{"data":"Dualcast","floor":6,"key":"SMITH"},{"data":"Double Energy","floor":15,"key":"SMITH"},{"data":"Reboot","floor":24,"key":"SMITH"},{"data":"Streamline","floor":28,"key":"SMITH"},{"data":"Multi-Cast","floor":32,"key":"SMITH"},{"data":"Amplify","floor":40,"key":"SMITH"},{"floor":46,"key":"RECALL"}],"circlet_count":0,"master_deck":["Strike_B","Strike_B","Strike_B","Strike_B","Defend_B","Defend_B+1","Defend_B","Defend_B","Zap","Dualcast+1","Reinforced Body","Ball Lightning","Chill","Melter","Buffer+1","Reboot+1","Double Energy+1","Streamline+1","Leap","Electrodynamics+1","Glacier+1","BootSequence+1","Capacitor+1","Ball Lightning+1","Static Discharge+1","Multi-Cast+1","Amplify+1","Aggregate+1","Coolheaded+1","Hologram+1","Self Repair+1","Coolheaded+1","Seek","Stack"],"relics":["Cracked Core","Vajra","Orichalcum","Frozen Egg 2","HornCleat","Bottled Lightning","Sozu","Ginger","Strange Spoon","Bag of Preparation","Nuclear Battery","Chemical X","Du-Vu Doll","Smiling Mask","Juzu Bracelet","War Paint"],"acts_visited":["Exordium","TheCity","TheBeyond"],"potions_floor_usage":[16,33],"damage_taken":[{"damage":2,"enemies":"2 Louse","floor":1,"turns":2},{"damage":4,"enemies":"Small Slimes","floor":2,"turns":5},{"damage":1,"enemies":"Cultist","floor":4,"turns":3},{"damage":12,"enemies":"3 Sentries","floor":7,"turns":8},{"damage":8,"enemies":"Red Slaver","floor":8,"turns":2},{"damage":2,"enemies":"Gremlin Nob","floor":11,"turns":4},{"damage":0,"enemies":"Lots of Slimes","floor":12,"turns":3},{"damage":0,"enemies":"Blue Slaver","floor":13,"turns":3},{"damage":4,"enemies":"Looter","floor":14,"turns":2},{"damage":0,"enemies":"Slime Boss","floor":16,"turns":11},{"damage":25,"enemies":"Chosen","floor":18,"turns":5},{"damage":4,"enemies":"2 Thieves","floor":20,"turns":4},{"damage":0,"enemies":"Snecko","floor":22,"turns":3},{"damage":1,"enemies":"Gremlin Leader","floor":23,"turns":7},{"damage":0,"enemies":"Snake Plant","floor":27,"turns":4},{"damage":0,"enemies":"Cultist and Chosen","floor":29,"turns":4},{"damage":14,"enemies":"Slavers","floor":31,"turns":4},{"damage":46,"enemies":"Automaton","floor":33,"turns":12},{"damage":0,"enemies":"3 Darklings","floor":35,"turns":3},{"damage":0,"enemies":"3 Shapes","floor":36,"turns":3},{"damage":21,"enemies":"3 Darklings","floor":38,"turns":5},{"damage":0,"enemies":"Jaw Worm Horde","floor":39,"turns":3},{"damage":0,"enemies":"4 Shapes","floor":41,"turns":5},{"damage":0,"enemies":"2 Orb Walkers","floor":42,"turns":5},{"damage":39,"enemies":"Giant Head","floor":44,"turns":11},{"damage":50,"enemies":"Writhing Mass","floor":47,"turns":4}],"seed_played":"2460337242903584299","potions_obtained":[{"floor":1,"key":"FairyPotion"},{"floor":11,"key":"Weak Potion"},{"floor":13,"key":"SpeedPotion"},{"floor":14,"key":"Strength Potion"},{"floor":16,"key":"BlessingOfTheForge"}],"is_trial":false,"path_per_floor":["M","M","$","M","$","R","E","M","T","?","E","M","M","M","R","B",null,"M","?","M","$","M","E","R","$","T","M","R","M","$","E","R","B",null,"M","M","$","M","M","R","M","?","T","E","$","R","M"],"character_chosen":"DEFECT","items_purchased":["Vajra","Orichalcum","Strange Spoon","BootSequence","Static Discharge+1","Chemical X","War Paint"],"campfire_rested":0,"item_purchase_floors":[5,5,25,25,30,37,45],"current_hp_per_floor":[73,69,69,68,68,68,56,48,48,66,64,64,64,60,60,60,75,50,50,46,46,46,45,45,45,45,45,45,45,45,31,31,13,75,75,75,75,54,54,54,64,74,74,35,35,35,0,0],"gold":15,"neow_bonus":"TWO_FIFTY_GOLD","is_daily":false,"chose_seed":false,"campfire_upgraded":6,"win_rate":0.0,"timestamp":1612464150,"path_taken":["M","M","$","M","$","R","E","M","T","?","E","M","M","M","R","BOSS","M","?","?","$","M","E","R","$","T","M","R","M","?","E","R","BOSS","M","M","$","?","M","R","M","?","T","E","$","R","M"],"items_purchased_type":["Relic","Relic","Relic","Card","Card","Relic","Relic"],"build_version":"2020-12-22","purchased_purges":1,"victory":false,"max_hp_per_floor":[75,75,75,75,75,75,75,75,75,75,75,75,75,75,75,75,75,75,75,75,75,75,75,75,75,75,75,75,75,75,75,75,75,75,75,75,75,75,75,75,75,75,75,75,75,75,75,75],"card_choices":[{"not_picked":["Go for the Eyes","Barrage"],"picked":"Reinforced Body","floor":1},{"not_picked":["Leap","Storm"],"picked":"Ball Lightning","floor":2},{"not_picked":["Gash","Cold Snap"],"picked":"Chill","floor":4},{"not_picked":["Doom and Gloom","Beam Cell"],"picked":"Melter","floor":7},{"not_picked":["Hello World+1","Streamline"],"picked":"Buffer+1","floor":8},{"not_picked":["Force Field","Leap"],"picked":"Reboot","floor":11},{"not_picked":["Turbo","Barrage"],"picked":"Double Energy","floor":12},{"not_picked":["Steam","Coolheaded"],"picked":"Streamline","floor":13},{"not_picked":["Force Field","Barrage"],"picked":"Leap","floor":14},{"not_picked":["Fission","Machine Learning+1"],"picked":"Electrodynamics+1","floor":16},{"not_picked":["Redo","Conserve Battery","Coolheaded"],"picked":"SKIP","floor":18},{"not_picked":["Turbo","Cold Snap","Beam Cell+1"],"picked":"SKIP","floor":20},{"not_picked":["Rebound","Streamline","Barrage"],"picked":"SKIP","floor":22},{"not_picked":["Conserve Battery+1","Beam Cell"],"picked":"Glacier+1","floor":23},{"not_picked":["Rebound","Aggregate+1"],"picked":"Capacitor+1","floor":27},{"not_picked":["Fission","Streamline+1"],"picked":"Ball Lightning+1","floor":29},{"not_picked":["Cold Snap","Chaos"],"picked":"Multi-Cast","floor":31},{"not_picked":["Meteor Strike","Electrodynamics+1"],"picked":"Amplify","floor":33},{"not_picked":["Steam","Reprogram+1"],"picked":"Aggregate+1","floor":35},{"not_picked":["Hologram+1","Loop+1"],"picked":"Coolheaded+1","floor":36},{"not_picked":["Ball Lightning","Darkness"],"picked":"Hologram+1","floor":38},{"not_picked":["Barrage","Redo"],"picked":"Self Repair+1","floor":39},{"not_picked":["Hologram+1","FTL"],"picked":"Coolheaded+1","floor":41},{"not_picked":["Compile Driver","Go for the Eyes+1"],"picked":"Seek","floor":42},{"not_picked":["Fusion","Doom and Gloom"],"picked":"Stack","floor":44}],"player_experience":133836,"relics_obtained":[{"floor":7,"key":"Frozen Egg 2"},{"floor":9,"key":"HornCleat"},{"floor":11,"key":"Bottled Lightning"},{"floor":23,"key":"Ginger"},{"floor":31,"key":"Bag of Preparation"},{"floor":42,"key":"Du-Vu Doll"},{"floor":43,"key":"Smiling Mask"},{"floor":44,"key":"Juzu Bracelet"}],"event_choices":[{"damage_healed":18,"gold_gain":0,"player_choice":"Healed","damage_taken":0,"max_hp_gain":0,"max_hp_loss":0,"event_name":"The Cleric","floor":10,"gold_loss":35},{"damage_healed":0,"gold_gain":0,"player_choice":"Ignored","damage_taken":0,"max_hp_gain":0,"max_hp_loss":0,"event_name":"N\u0027loth","floor":19,"gold_loss":0},{"damage_healed":0,"gold_gain":0,"player_choice":"Fight","damage_taken":0,"max_hp_gain":0,"max_hp_loss":0,"event_name":"Mysterious Sphere","floor":42,"gold_loss":0}],"is_beta":false,"boss_relics":[{"not_picked":["Astrolabe","Inserter"],"picked":"Sozu"},{"not_picked":["Velvet Choker","Cursed Key"],"picked":"Nuclear Battery"}],"items_purged_floors":[3],"is_endless":false,"potions_floor_spawned":[1,11,13,14,16,22,29,33,36,44],"killed_by":"Writhing Mass","ascension_level":4}}