{"host":"9709z2dy8v1s63sm","time":1612421945,"event":{"mods":["AchievementEnabler","BaseMod","Minty Spire (QoL Compilation)","StSLib","SuperFastMode"],"gold_per_floor":[16,33,33,108,124,124,138,138,138,159,197,197,218,257,257,257,257],"floor_reached":16,"language":"KOR","playtime":508,"items_purged":[],"score":196,"play_id":"af8de4dc-3f33-443e-9914-fe7033b47b27","local_time":"20210204155905","is_ascension_mode":true,"campfire_choices":[{"data":"Wild Strike","floor":6.0,"key":"SMITH"},{"data":"Shockwave","floor":12.0,"key":"SMITH"},{"data":"Immolate","floor":15.0,"key":"SMITH"}],"circlet_count":0,"master_deck":["AscendersBane","Strike_R","Strike_R","Strike_R","Strike_R","Strike_R","Defend_R","Defend_R","Defend_R","Defend_R","Bash","Wild Strike+1","Shockwave+1","Dropkick","Rupture","Immolate+1","Rupture+1"],"relics":["Burning Blood","Torii","Golden Idol","White Beast Statue","Bag of Preparation","Frozen Egg 2"],"acts_visited":["Exordium"],"potions_floor_usage":[16],"damage_taken":[{"damage":25.0,"enemies":"Jaw Worm","floor":1.0,"turns":6.0},{"damage":9.0,"enemies":"2 Louse","floor":2.0,"turns":3.0},{"damage":2.0,"enemies":"Small Slimes","floor":5.0,"turns":3.0},{"damage":3.0,"enemies":"2 Fungi Beasts","floor":7.0,"turns":5.0},{"damage":1.0,"enemies":"3 Louse","floor":10.0,"turns":4.0},{"damage":23.0,"enemies":"Gremlin Nob","floor":11.0,"turns":5.0},{"damage":11.0,"enemies":"Large Slime","floor":13.0,"turns":6.0},{"damage":12.0,"enemies":"3 Sentries","floor":14.0,"turns":7.0},{"damage":24,"enemies":"Slime Boss","floor":16,"turns":6}],"seed_played":"-7951255967667945479","potions_obtained":[{"floor":1.0,"key":"EssenceOfSteel"},{"floor":5.0,"key":"LiquidBronze"},{"floor":11.0,"key":"FairyPotion"},{"floor":13.0,"key":"Fire Potion"},{"floor":14.0,"key":"SteroidPotion"}],"is_trial":false,"path_per_floor":["M","M","?","?","M","R","M","?","T","M","E","R","M","E","R","B"],"character_chosen":"IRONCLAD","items_purchased":[],"campfire_rested":0,"item_purchase_floors":[],"current_hp_per_floor":[49,46,20,9,13,13,16,21,21,26,9,9,30,24,24,0,0],"gold":257,"neow_bonus":"ONE_RARE_RELIC","is_daily":false,"chose_seed":false,"campfire_upgraded":3,"win_rate":0.0,"timestamp":1612421945,"path_taken":["M","M","?","?","M","R","M","?","T","M","E","R","M","E","R","BOSS"],"items_purchased_type":[],"build_version":"2020-12-22","purchased_purges":0,"victory":false,"max_hp_per_floor":[75,75,75,75,75,75,75,80,80,80,80,80,80,80,80,80,80],"card_choices":[{"not_picked":["Entrench","Warcry"],"picked":"Wild Strike","floor":1.0},{"not_picked":["Heavy Blade","True Grit","Thunderclap"],"picked":"SKIP","floor":2.0},{"not_picked":["Searing Blow","Clothesline","Flex"],"picked":"SKIP","floor":5.0},{"not_picked":["Spot Weakness","Shrug It Off"],"picked":"Shockwave","floor":7.0},{"not_picked":["Flex","Spot Weakness"],"picked":"Dropkick","floor":10.0},{"not_picked":["Havoc","Sever Soul"],"picked":"Rupture","floor":11.0},{"not_picked":["Heavy Blade","Entrench"],"picked":"Immolate","floor":13.0},{"not_picked":["Burning Pact","Rampage"],"picked":"Rupture+1","floor":14.0}],"player_experience":111014,"relics_obtained":[{"floor":9.0,"key":"White Beast Statue"},{"floor":11.0,"key":"Bag of Preparation"},{"floor":14.0,"key":"Frozen Egg 2"}],"event_choices":[{"damage_healed":0.0,"max_hp_gain":0.0,"max_hp_loss":0.0,"gold_gain":0.0,"event_name":"Golden Idol","player_choice":"Take Damage","floor":3.0,"gold_loss":0.0,"damage_taken":26.0,"relics_obtained":["Golden Idol"]},{"damage_healed":0.0,"max_hp_gain":0.0,"max_hp_loss":0.0,"gold_gain":75.0,"event_name":"World of Goop","player_choice":"Gather Gold","floor":4.0,"gold_loss":0.0,"damage_taken":11.0},{"damage_healed":0.0,"max_hp_gain":5.0,"max_hp_loss":0.0,"gold_gain":0.0,"event_name":"Big Fish","player_choice":"Donut","floor":8.0,"gold_loss":0.0,"damage_taken":0.0}],"is_beta":false,"boss_relics":[],"items_purged_floors":[],"is_endless":false,"potions_floor_spawned":[1,5,10,11,13,14],"killed_by":"Slime Boss","ascension_level":15}}