{"host":"p7j7o00jacnw7qzt","time":1612414526,"event":{"mods":["BaseMod","Colored Map","Colored Powertips","DeckTracker","Highlight Path","Minty Spire (QoL Compilation)","Relic Stats"],"gold_per_floor":[117,117,117,17,34,65,65,97,97,108,108,108,139,39,39,118,118,137,187,206,206,221,221,221],"floor_reached":23,"language":"ZHS","playtime":930,"items_purged":["Strike_G","Strike_G"],"score":514,"play_id":"105ea4fc-1a0d-458d-bf28-5d126a4bc2d7","local_time":"20210203235526","is_ascension_mode":true,"campfire_choices":[{"data":"Blade Dance","floor":7.0,"key":"SMITH"},{"floor":12.0,"key":"REST"},{"data":"Footwork","floor":15.0,"key":"SMITH"}],"circlet_count":0,"master_deck":["AscendersBane","Strike_G","Strike_G","Strike_G","Defend_G+1","Defend_G","Defend_G","Defend_G","Defend_G","Survivor","Neutralize+1","Footwork+1","Acrobatics+1","Flechettes+1","Blade Dance+1","After Image","Envenom","Blur+1"],"relics":["Ring of the Snake","NeowsBlessing","Molten Egg 2","Gremlin Horn","Kunai","Toxic Egg 2","Toy Ornithopter","Runic Dome"],"acts_visited":["Exordium","TheCity"],"potions_floor_usage":[23],"damage_taken":[{"damage":0.0,"enemies":"Jaw Worm","floor":1.0,"turns":1.0},{"damage":0.0,"enemies":"2 Louse","floor":5.0,"turns":1.0},{"damage":0.0,"enemies":"Lagavulin","floor":6.0,"turns":1.0},{"damage":12.0,"enemies":"Gremlin Nob","floor":8.0,"turns":4.0},{"damage":0.0,"enemies":"Small Slimes","floor":10.0,"turns":3.0},{"damage":0.0,"enemies":"3 Sentries","floor":13.0,"turns":6.0},{"damage":23.0,"enemies":"Hexaghost","floor":16.0,"turns":16.0},{"damage":7.0,"enemies":"Shell Parasite","floor":18.0,"turns":6.0},{"damage":9.0,"enemies":"2 Thieves","floor":20.0,"turns":4.0},{"damage":8.0,"enemies":"Snecko","floor":22.0,"turns":10.0},{"damage":44,"enemies":"Slavers","floor":23,"turns":9}],"seed_played":"-4241213434546785919","potions_obtained":[{"floor":1.0,"key":"DistilledChaos"},{"floor":6.0,"key":"LiquidMemories"},{"floor":8.0,"key":"Fire Potion"},{"floor":16.0,"key":"SkillPotion"},{"floor":21.0,"key":"AttackPotion"},{"floor":21.0,"key":"LiquidMemories"}],"is_trial":false,"path_per_floor":["M","?","?","$","M","E","R","E","T","M","?","R","E","$","R","B",null,"M","?","M","?","M","E"],"character_chosen":"THE_SILENT","items_purchased":["Acrobatics"],"campfire_rested":1,"item_purchase_floors":[4],"current_hp_per_floor":[59,39,21,21,21,21,21,9,9,9,9,28,28,28,28,10,52,45,45,41,41,38,0,0],"gold":221,"neow_bonus":"THREE_ENEMY_KILL","is_daily":false,"chose_seed":false,"campfire_upgraded":2,"win_rate":0.0,"timestamp":1612414526,"path_taken":["M","?","?","$","M","E","R","E","T","M","?","R","E","$","R","BOSS","M","?","M","?","?","E"],"items_purchased_type":["Card"],"build_version":"2020-12-22","purchased_purges":2,"victory":false,"max_hp_per_floor":[66,66,66,66,66,66,66,66,66,66,66,66,66,66,66,66,66,66,66,66,66,66,66,66],"relic_stats":{"Gremlin Horn":[6,6],"counters":[11,61],"Kunai":[35],"obtain_stats":[{"Runic Dome":17,"NeowsBlessing":0,"Gremlin Horn":6,"Molten Egg 2":3,"Kunai":8,"Toxic Egg 2":9,"Toy Ornithopter":13,"Ring of the Snake":0},{"Runic Dome":7,"NeowsBlessing":0,"Gremlin Horn":3,"Molten Egg 2":1,"Kunai":4,"Toxic Egg 2":4,"Toy Ornithopter":6,"Ring of the Snake":0},{"Runic Dome":32,"NeowsBlessing":0,"Gremlin Horn":3,"Molten Egg 2":1,"Kunai":7,"Toxic Egg 2":7,"Toy Ornithopter":16,"Ring of the Snake":0}],"Toy Ornithopter":20,"Ring of the Snake":[22]},"card_choices":[{"not_picked":["Blur","Cloak And Dagger"],"picked":"Footwork","floor":1.0},{"not_picked":["Deflect","Flying Knee+1"],"picked":"Flechettes+1","floor":5.0},{"not_picked":["Sucker Punch+1","Footwork"],"picked":"Blade Dance","floor":6.0},{"not_picked":["Sucker Punch+1","Finisher+1","Slice+1"],"picked":"SKIP","floor":8.0},{"not_picked":["Infinite Blades","Noxious Fumes"],"picked":"After Image","floor":10.0},{"not_picked":["Dagger Spray+1","Dagger Throw+1","Slice+1"],"picked":"SKIP","floor":13.0},{"not_picked":["Malaise+1","After Image"],"picked":"Envenom","floor":16.0},{"not_picked":["Deadly Poison+1","Sucker Punch+1","Underhanded Strike+1"],"picked":"SKIP","floor":18.0},{"not_picked":["Underhanded Strike+1","Poisoned Stab+1"],"picked":"Blur+1","floor":20.0},{"not_picked":["Skewer+1","Quick Slash+1","Dodge and Roll+1"],"picked":"SKIP","floor":22.0}],"player_experience":1074972,"relics_obtained":[{"floor":6.0,"key":"Gremlin Horn"},{"floor":8.0,"key":"Kunai"},{"floor":9.0,"key":"Toxic Egg 2"},{"floor":13.0,"key":"Toy Ornithopter"}],"event_choices":[{"damage_healed":0.0,"max_hp_gain":0.0,"max_hp_loss":0.0,"gold_gain":0.0,"event_name":"Shining Light","player_choice":"Entered Light","floor":2.0,"gold_loss":0.0,"damage_taken":20.0,"cards_upgraded":["Neutralize","Defend_G"]},{"damage_healed":0.0,"max_hp_gain":0.0,"max_hp_loss":0.0,"gold_gain":0.0,"event_name":"Scrap Ooze","player_choice":"Success","floor":3.0,"gold_loss":0.0,"damage_taken":18.0,"relics_obtained":["Molten Egg 2"]},{"damage_healed":0.0,"max_hp_gain":0.0,"max_hp_loss":0.0,"gold_gain":0.0,"event_name":"Upgrade Shrine","player_choice":"Upgraded","floor":11.0,"gold_loss":0.0,"damage_taken":0.0,"cards_upgraded":["Acrobatics"]},{"damage_healed":0.0,"max_hp_gain":0.0,"max_hp_loss":0.0,"gold_gain":50.0,"event_name":"Nest","player_choice":"Stole From Cult","floor":19.0,"gold_loss":0.0,"damage_taken":0.0},{"damage_healed":0.0,"max_hp_gain":0.0,"max_hp_loss":0.0,"gold_gain":0.0,"event_name":"Lab","player_choice":"Got Potions","floor":21.0,"gold_loss":0.0,"damage_taken":0.0}],"is_beta":false,"boss_relics":[{"not_picked":["Tiny House","SacredBark"],"picked":"Runic Dome"}],"items_purged_floors":[4,14],"is_endless":false,"potions_floor_spawned":[1,6,8,16],"killed_by":"Slavers","ascension_level":20}}