{"host":"x205naxbihvu3p76","time":1612445996,"event":{"mods":["AchievementEnabler","BaseMod","Minty Spire (QoL Compilation)","StSLib","SuperFastMode"],"gold_per_floor":[116,116,131,150,166,166,180,180,180,180,180,200,214,231,231,305,305,316,330,31,43,43,43,43],"floor_reached":23,"language":"KOR","playtime":438,"items_purged":["Strike_B"],"score":374,"play_id":"94eb8e47-4d5d-4757-8d0c-41acbf2a8bef","local_time":"20210204223956","is_ascension_mode":true,"campfire_choices":[{"data":"Chaos","floor":6,"key":"SMITH"},{"data":"Barrage","floor":8,"key":"SMITH"},{"data":"Dualcast","floor":11,"key":"SMITH"},{"floor":15,"key":"REST"}],"circlet_count":0,"master_deck":["AscendersBane","Defend_B","Defend_B","Defend_B","Defend_B","Zap+1","Dualcast+1","BootSequence","Barrage+1","Chaos+1","Go for the Eyes+1","Compile Driver","Ball Lightning","Biased Cognition","Conserve Battery+1","Redo+1","Auto Shields+1","Sweeping Beam","Defragment","Shame"],"relics":["Cracked Core","NeowsBlessing","Question Card","Astrolabe","Lantern","Matryoshka"],"acts_visited":["Exordium","TheCity"],"potions_floor_usage":[23,23],"damage_taken":[{"damage":0,"enemies":"Small Slimes","floor":1,"turns":1},{"damage":0,"enemies":"Cultist","floor":3,"turns":1},{"damage":0,"enemies":"2 Louse","floor":4,"turns":1},{"damage":21,"enemies":"Lots of Slimes","floor":5,"turns":5},{"damage":3,"enemies":"Blue Slaver","floor":7,"turns":3},{"damage":2,"enemies":"3 Louse","floor":12,"turns":3},{"damage":4,"enemies":"Exordium Thugs","floor":13,"turns":3},{"damage":0,"enemies":"Large Slime","floor":14,"turns":3},{"damage":43,"enemies":"Slime Boss","floor":16,"turns":9},{"damage":17,"enemies":"2 Thieves","floor":18,"turns":4},{"damage":4,"enemies":"3 Byrds","floor":19,"turns":4},{"damage":16,"enemies":"Centurion and Healer","floor":21,"turns":9},{"damage":24,"enemies":"Book of Stabbing","floor":23,"turns":4}],"seed_played":"682709133286504741","potions_obtained":[{"floor":4,"key":"Dexterity Potion"},{"floor":14,"key":"Block Potion"}],"is_trial":false,"path_per_floor":["M","?","M","M","M","R","M","R","T","?","R","M","M","M","R","B",null,"M","M","$","M","?","E"],"character_chosen":"DEFECT","items_purchased":["Lantern","PowerPotion"],"campfire_rested":1,"item_purchase_floors":[20,20],"current_hp_per_floor":[64,64,64,64,43,43,40,40,40,40,40,38,34,34,55,12,56,39,35,35,19,19,0,0],"gold":43,"neow_bonus":"THREE_ENEMY_KILL","is_daily":false,"chose_seed":false,"campfire_upgraded":3,"win_rate":0.0,"timestamp":1612445996,"path_taken":["M","?","M","?","M","R","M","R","T","?","R","M","M","M","R","BOSS","M","?","$","M","?","E"],"items_purchased_type":["Relic","Potion"],"build_version":"2020-12-22","purchased_purges":1,"victory":false,"max_hp_per_floor":[71,71,71,71,71,71,71,71,71,71,71,71,71,71,71,71,71,71,71,71,71,71,71,71],"card_choices":[{"not_picked":["Turbo","Auto Shields"],"picked":"BootSequence","floor":1},{"not_picked":["Rebound","BootSequence"],"picked":"Barrage","floor":3},{"not_picked":["Stack","Coolheaded"],"picked":"Chaos","floor":4},{"not_picked":["Fusion","Double Energy","Redo"],"picked":"SKIP","floor":5},{"not_picked":["Consume","Rebound"],"picked":"Go for the Eyes","floor":7},{"not_picked":["Fission","Storm","Steam"],"picked":"Compile Driver","floor":12},{"not_picked":["Coolheaded","Steam","Gash","Sweeping Beam"],"picked":"SKIP","floor":13},{"not_picked":["Turbo","Storm","Conserve Battery"],"picked":"Ball Lightning","floor":14},{"not_picked":["Hyperbeam","Fission","Creative AI"],"picked":"Biased Cognition","floor":16},{"not_picked":["FTL","Streamline","Barrage"],"picked":"Sweeping Beam","floor":18},{"not_picked":["Ball Lightning+1","Conserve Battery","Chaos"],"picked":"Defragment","floor":19},{"not_picked":["Stack","Sweeping Beam","Doom and Gloom","Steam"],"picked":"SKIP","floor":21}],"player_experience":1021807,"relics_obtained":[{"floor":9,"key":"Question Card"}],"event_choices":[{"damage_healed":0,"gold_gain":0,"player_choice":"Forge","damage_taken":0,"max_hp_gain":0,"max_hp_loss":0,"event_name":"Accursed Blacksmith","floor":2,"gold_loss":0,"cards_upgraded":["Zap"]},{"damage_healed":0,"gold_gain":0,"player_choice":"Upgraded","damage_taken":0,"max_hp_gain":0,"max_hp_loss":0,"event_name":"Upgrade Shrine","floor":10,"gold_loss":0,"cards_upgraded":["Go for the Eyes"]},{"damage_healed":0,"gold_gain":0,"player_choice":"Stole Relic","damage_taken":0,"relics_obtained":["Matryoshka"],"max_hp_gain":0,"max_hp_loss":0,"event_name":"Addict","floor":22,"gold_loss":0,"cards_obtained":["Shame"]}],"is_beta":false,"boss_relics":[{"not_picked":["Coffee Dripper","Tiny House"],"picked":"Astrolabe"}],"items_purged_floors":[20],"is_endless":false,"potions_floor_spawned":[4,14],"killed_by":"Book of Stabbing","ascension_level":20}}