{"host":"x5w9zppki4gdwvc7","time":1612426934,"event":{"mods":["AchievementEnabler","BaseMod","Colored Powertips","DeckTracker","Minty Spire (QoL Compilation)","SuperFastMode"],"gold_per_floor":[115,127,139,64,79,104,104,116,116,116,116,191,191,211,211,311,311,324,343,343,343],"floor_reached":20,"language":"ENG","playtime":832,"items_purged":["Strike_R"],"score":211,"play_id":"aba52460-3707-4190-b34a-2a98f0554b15","local_time":"20210204092214","is_ascension_mode":true,"campfire_choices":[{"data":"Body Slam","floor":7,"key":"SMITH"},{"data":"Shrug It Off","floor":10,"key":"SMITH"},{"floor":13,"key":"REST"},{"data":"Shrug It Off","floor":15,"key":"SMITH"}],"circlet_count":0,"master_deck":["Strike_R","Strike_R","Strike_R","Defend_R","Defend_R","Defend_R","Defend_R","Bash","Shrug It Off+1","Body Slam+1","Shrug It Off+1","Anger","Ghostly Armor","Whirlwind","Reaper","Shrug It Off+1"],"relics":["Burning Blood","Ancient Tea Set","Paper Frog","Black Star"],"acts_visited":["Exordium","TheCity"],"potions_floor_usage":[16,16,16,16],"damage_taken":[{"damage":7,"enemies":"2 Louse","floor":1,"turns":3},{"damage":6,"enemies":"Jaw Worm","floor":2,"turns":4},{"damage":6,"enemies":"Cultist","floor":3,"turns":3},{"damage":0,"enemies":"Exordium Wildlife","floor":5,"turns":4},{"damage":75,"enemies":"Lagavulin","floor":6,"turns":14},{"damage":5,"enemies":"Blue Slaver","floor":8,"turns":3},{"damage":0,"enemies":"Gremlin Gang","floor":14,"turns":5},{"damage":30,"enemies":"Hexaghost","floor":16,"turns":14},{"damage":0,"enemies":"3 Byrds","floor":18,"turns":6},{"damage":31,"enemies":"Shell Parasite","floor":19,"turns":9},{"damage":68,"enemies":"3 Cultists","floor":20,"turns":6}],"seed_played":"7139545886653182544","potions_obtained":[{"floor":2,"key":"SteroidPotion"},{"floor":6,"key":"EntropicBrew"},{"floor":16,"key":"Energy Potion"},{"floor":18,"key":"FearPotion"}],"is_trial":false,"path_per_floor":["M","M","M","$","M","E","R","M","T","R","?","?","R","M","R","B",null,"M","M","M"],"character_chosen":"IRONCLAD","items_purchased":[],"campfire_rested":1,"item_purchase_floors":[],"current_hp_per_floor":[79,79,79,79,80,11,11,12,12,12,12,1,25,31,31,7,80,80,55,0,0],"gold":343,"neow_bonus":"REMOVE_CARD","is_daily":false,"chose_seed":false,"campfire_upgraded":3,"win_rate":0.0,"timestamp":1612426934,"path_taken":["M","M","M","$","M","E","R","M","T","R","?","?","R","M","R","BOSS","M","M","M"],"items_purchased_type":[],"build_version":"2020-12-22","purchased_purges":1,"victory":false,"max_hp_per_floor":[80,80,80,80,80,80,80,80,80,80,80,80,80,80,80,80,80,80,80,80,80],"card_choices":[{"not_picked":["Twin Strike","Infernal Blade"],"picked":"Shrug It Off","floor":1},{"not_picked":["Pommel Strike","Second Wind","Burning Pact"],"picked":"SKIP","floor":2},{"not_picked":["Pommel Strike","Twin Strike"],"picked":"Body Slam","floor":3},{"not_picked":["Havoc","Headbutt"],"picked":"Shrug It Off","floor":5},{"not_picked":["Rampage","Wild Strike"],"picked":"Anger","floor":6},{"not_picked":["Dark Embrace","Hemokinesis"],"picked":"Ghostly Armor","floor":8},{"not_picked":["Disarm","Warcry"],"picked":"Whirlwind","floor":14},{"not_picked":["Double Tap","Corruption"],"picked":"Reaper","floor":16},{"not_picked":["Clash","Cleave"],"picked":"Shrug It Off+1","floor":18},{"not_picked":["Armaments","Twin Strike","Warcry+1"],"picked":"SKIP","floor":19}],"player_experience":453075,"relics_obtained":[{"floor":6,"key":"Ancient Tea Set"},{"floor":9,"key":"Paper Frog"}],"event_choices":[{"damage_healed":0,"gold_gain":0,"player_choice":"Searched \u00270\u0027 times","damage_taken":0,"max_hp_gain":0,"max_hp_loss":0,"event_name":"Dead Adventurer","floor":11,"gold_loss":0},{"damage_healed":0,"gold_gain":75,"player_choice":"Gather Gold","damage_taken":11,"max_hp_gain":0,"max_hp_loss":0,"event_name":"World of Goop","floor":12,"gold_loss":0}],"is_beta":false,"boss_relics":[{"not_picked":["Runic Dome","Pandora\u0027s Box"],"picked":"Black Star"}],"items_purged_floors":[4],"is_endless":false,"potions_floor_spawned":[2,6,16,18,19],"killed_by":"3 Cultists","ascension_level":4}}