{"host":"hszimsrtxxc2k25w","time":1612473803,"event":{"mods":["AchievementEnabler","BaseMod","Colored Map","DeckTracker","Minty Spire (QoL Compilation)","Rare Cards Sparkle","SuperFastMode"],"gold_per_floor":[111,74,74,39,189,189,29,29,29,29,29],"floor_reached":10,"language":"KOR","playtime":257,"items_purged":[],"score":104,"play_id":"9e184585-0417-4a8c-b03a-803448b6b7ce","local_time":"20210205062323","is_ascension_mode":true,"campfire_choices":[{"data":"Cloak And Dagger","floor":6.0,"key":"SMITH"},{"data":"Accuracy","floor":8,"key":"SMITH"}],"circlet_count":0,"master_deck":["AscendersBane","Strike_G","Strike_G","Strike_G","Strike_G","Defend_G","Defend_G+1","Defend_G","Defend_G","Defend_G+1","Survivor","Neutralize","Cloak And Dagger+1","Accuracy+1","Doubt"],"relics":["Ring of the Snake","Membership Card","Kunai"],"acts_visited":["Exordium"],"potions_floor_usage":[],"damage_taken":[{"damage":7.0,"enemies":"Jaw Worm","floor":1.0,"turns":6.0},{"damage":54,"enemies":"3 Sentries","floor":10,"turns":12}],"seed_played":"-854038700776851353","potions_obtained":[],"is_trial":false,"path_per_floor":["M","$","?","?","?","R","$","R","T","E"],"character_chosen":"THE_SILENT","items_purchased":["Accuracy","Membership Card"],"campfire_rested":0,"item_purchase_floors":[2,7],"current_hp_per_floor":[52,52,32,48,48,48,48,48,48,0,0],"gold":29,"neow_bonus":"TRANSFORM_CARD","is_daily":false,"chose_seed":false,"campfire_upgraded":2,"win_rate":0.0,"timestamp":1612473803,"path_taken":["M","$","?","?","?","R","$","R","T","E"],"items_purchased_type":["Card","Relic"],"build_version":"2020-12-22","purchased_purges":0,"victory":false,"max_hp_per_floor":[66,66,66,66,66,66,66,66,66,66,66],"card_choices":[{"not_picked":["Prepared","Slice","Footwork"],"picked":"SKIP","floor":1.0}],"player_experience":664794,"relics_obtained":[{"floor":9,"key":"Kunai"}],"event_choices":[{"damage_healed":0.0,"max_hp_gain":0.0,"max_hp_loss":0.0,"gold_gain":0.0,"event_name":"Shining Light","player_choice":"Entered Light","floor":3.0,"gold_loss":0.0,"damage_taken":20.0,"cards_upgraded":["Defend_G","Defend_G"]},{"damage_healed":16.0,"max_hp_gain":0.0,"max_hp_loss":0.0,"gold_gain":0.0,"event_name":"The Cleric","player_choice":"Healed","floor":4.0,"gold_loss":35.0,"damage_taken":0.0},{"damage_healed":0.0,"max_hp_gain":0.0,"max_hp_loss":0.0,"gold_gain":150.0,"event_name":"Liars Game","player_choice":"AGREE","floor":5.0,"gold_loss":0.0,"damage_taken":0.0,"cards_obtained":["Doubt"]}],"is_beta":false,"boss_relics":[],"items_purged_floors":[],"is_endless":false,"potions_floor_spawned":[],"killed_by":"3 Sentries","ascension_level":20}}