{"host":"qrbkigq52dd42dk0","time":1612472860,"event":{"mods":["AchievementEnabler","BaseMod","Colored Map","Colored Powertips","Minty Spire (QoL Compilation)","Morshu Shopkeeper - ENHANCED","Quick Restart","StSLib","SuperFastMode","The IronCluck"],"gold_per_floor":[118,130,149,149,4,29,29,44,44,64,79,112,112,127,127,201,201,212,212,212,230,155,186,186,186],"floor_reached":24,"language":"ENG","playtime":888,"items_purged":["Strike_R"],"score":401,"play_id":"1ec9ae72-7a82-40c5-bce3-64fe5b12033d","local_time":"20210204220740","is_ascension_mode":true,"campfire_choices":[{"data":"Armaments","floor":7,"key":"SMITH"},{"floor":15,"key":"REST"}],"circlet_count":0,"master_deck":["AscendersBane","Strike_R","Strike_R+1","Strike_R","Strike_R","Defend_R+1","Defend_R","Defend_R","Bash","Armaments+1","Spot Weakness","True Grit","Fire Breathing","Battle Trance","Offering","Fire Breathing","Rage+1"],"relics":["Burning Blood","NeowsBlessing","Pen Nib","Strawberry","Paper Frog","Fusion Hammer","FossilizedHelix"],"acts_visited":["Exordium","TheCity"],"potions_floor_usage":[6,6,11,12,16],"damage_taken":[{"damage":0,"enemies":"Cultist","floor":1,"turns":1},{"damage":0,"enemies":"Jaw Worm","floor":2,"turns":1},{"damage":0,"enemies":"2 Louse","floor":3,"turns":2},{"damage":45,"enemies":"3 Sentries","floor":6,"turns":10},{"damage":4,"enemies":"2 Fungi Beasts","floor":8,"turns":5},{"damage":7,"enemies":"Blue Slaver","floor":10,"turns":5},{"damage":18,"enemies":"Large Slime","floor":11,"turns":8},{"damage":40,"enemies":"Lagavulin","floor":12,"turns":6},{"damage":12,"enemies":"Exordium Wildlife","floor":14,"turns":7},{"damage":40,"enemies":"Hexaghost","floor":16,"turns":10},{"damage":12,"enemies":"Shell Parasite","floor":18,"turns":5},{"damage":19,"enemies":"Spheric Guardian","floor":21,"turns":9},{"damage":30,"enemies":"Slavers","floor":23,"turns":6},{"damage":0,"enemies":"Snake Plant","floor":24,"turns":2}],"seed_played":"-4813789841706600795","potions_obtained":[{"floor":1,"key":"BloodPotion"},{"floor":3,"key":"Energy Potion"},{"floor":4,"key":"Regen Potion"},{"floor":6,"key":"Fruit Juice"},{"floor":11,"key":"Strength Potion"},{"floor":14,"key":"PowerPotion"}],"is_trial":false,"path_per_floor":["M","M","M","?","$","E","R","M","T","M","M","E","?","M","R","B",null,"M","?","?","M","?","E","M"],"character_chosen":"IRONCLAD","items_purchased":["Spot Weakness"],"campfire_rested":1,"item_purchase_floors":[5],"current_hp_per_floor":[78,80,80,80,80,62,62,64,71,70,73,39,21,15,42,8,71,65,47,47,34,34,10,10,10],"gold":186,"neow_bonus":"THREE_ENEMY_KILL","is_daily":false,"chose_seed":false,"campfire_upgraded":1,"win_rate":0.0,"timestamp":1612472860,"path_taken":["M","?","M","?","?","E","R","M","T","?","M","E","?","M","R","BOSS","M","?","?","M","?","E","M"],"items_purchased_type":["Card"],"build_version":"2020-12-22","purchased_purges":1,"victory":false,"max_hp_per_floor":[80,80,80,80,80,85,85,85,92,92,92,92,92,92,92,92,92,92,97,97,97,97,97,97,97],"card_choices":[{"not_picked":["Combust","Havoc"],"picked":"Armaments","floor":1},{"not_picked":["Shockwave","Heavy Blade","Thunderclap"],"picked":"SKIP","floor":2},{"not_picked":["Wild Strike","Havoc","Combust"],"picked":"SKIP","floor":3},{"not_picked":["Flex","Hemokinesis","Exhume"],"picked":"SKIP","floor":6},{"not_picked":["Sword Boomerang","Flex"],"picked":"True Grit","floor":8},{"not_picked":["Infernal Blade","Burning Pact","Cleave"],"picked":"SKIP","floor":10},{"not_picked":["Seeing Red","Cleave"],"picked":"Fire Breathing","floor":11},{"not_picked":["Clothesline","Combust","Brutality"],"picked":"SKIP","floor":12},{"not_picked":["Burning Pact","Headbutt"],"picked":"Battle Trance","floor":14},{"not_picked":["Exhume","Fiend Fire"],"picked":"Offering","floor":16},{"not_picked":["Feel No Pain","Flex+1"],"picked":"Fire Breathing","floor":18},{"not_picked":["True Grit","Iron Wave"],"picked":"Rage+1","floor":21},{"not_picked":["Anger","Armaments","Intimidate"],"picked":"SKIP","floor":23}],"player_experience":206262,"relics_obtained":[{"floor":6,"key":"Pen Nib"},{"floor":9,"key":"Strawberry"},{"floor":12,"key":"Paper Frog"},{"floor":23,"key":"FossilizedHelix"}],"event_choices":[{"damage_healed":0,"gold_gain":0,"player_choice":"Got Potions","damage_taken":0,"max_hp_gain":0,"max_hp_loss":0,"event_name":"Lab","floor":4,"gold_loss":0},{"damage_healed":0,"gold_gain":0,"player_choice":"Entered Light","damage_taken":18,"max_hp_gain":0,"max_hp_loss":0,"event_name":"Shining Light","floor":13,"gold_loss":0,"cards_upgraded":["Strike_R","Defend_R"]},{"damage_healed":0,"gold_gain":0,"player_choice":"Shed Blood","damage_taken":23,"max_hp_gain":5,"max_hp_loss":0,"event_name":"Forgotten Altar","floor":19,"gold_loss":0},{"damage_healed":0,"gold_gain":0,"player_choice":"Ignored","damage_taken":0,"max_hp_gain":0,"max_hp_loss":0,"event_name":"Ghosts","floor":20,"gold_loss":0},{"cards_removed":["Defend_R"],"damage_healed":0,"gold_gain":0,"player_choice":"Gave Gold","damage_taken":0,"max_hp_gain":0,"max_hp_loss":0,"event_name":"Beggar","floor":22,"gold_loss":75}],"is_beta":false,"boss_relics":[{"not_picked":["Tiny House","Runic Cube"],"picked":"Fusion Hammer"}],"items_purged_floors":[5],"is_endless":false,"potions_floor_spawned":[1,3,6,11,14],"killed_by":"Snake Plant","ascension_level":13}}