{"host":"hjajo0rafoe1e6c4","time":1612409754,"event":{"mods":["AchievementEnabler","BaseMod","Bestiary","Colored Map","Colored Powertips","Downfall","Highlight Path","Minty Spire (QoL Compilation)","Relic Stats","StSLib"],"gold_per_floor":[99,111,127,227,137,37,337,487,487,521,540,553,128,228,241,346,346,346,360,360,199,214,225,225,243,143,162,178,216,242,404,432,432,432,432],"floor_reached":33,"language":"ENG","playtime":2998,"items_purged":["hexamod:Strike","downfall:Icky"],"score":371,"play_id":"9bcd4da3-eeb6-4b26-8ae7-a80379dbbc7f","local_time":"20210203223554","is_ascension_mode":false,"campfire_choices":[{"floor":1.0,"key":"RECALL"},{"data":"hexamod:ThermalTransfer","floor":6.0,"key":"SMITH"},{"data":"hexamod:Sear","floor":9.0,"key":"SMITH"},{"data":"hexamod:BurningTouch","floor":18,"key":"SMITH"},{"data":"hexamod:TimeOfNeed","floor":26,"key":"SMITH"}],"circlet_count":0,"master_deck":["hexamod:Strike","hexamod:Defend","hexamod:Defend","hexamod:Defend","hexamod:Defend","hexamod:Sear+1","hexamod:Float+1","hexamod:ThermalTransfer+1","hexamod:SpectersWail","hexamod:StepThrough","hexamod:ExtraCrispy","hexamod:BurningTouch+1","hexamod:GhostOfSpirePast","hexamod:ThermalTransfer","hexamod:BacktrackSmack","hexamod:SwordOfDarkness","hexamod:PhantomFireball","hexamod:GhostflameInferno","hexamod:BurningTouch+1","hexamod:PhantomFireball","hexamod:SecondSeal","hexamod:TimeOfNeed+1","hexamod:FourthSeal","hexamod:FourthSeal","hexamod:BacktrackSmack","hexamod:RainOfEmbers","hexamod:WildfireWeapon"],"relics":["hexamod:SpiritBrand","downfall:HeartBlessingRed","Old Coin","White Beast Statue","Mummified Hand","SacredBark","Nloth\u0027s Gift","OrangePellets","downfall:HeartBlessingBlue","Tiny Chest","Chemical X"],"acts_visited":["Exordium","TheCity"],"potions_floor_usage":[16,22,22,25,28,29,30,31,31,31,32,32,33,33,33],"damage_taken":[{"damage":0.0,"enemies":"Small Slimes","floor":2.0,"turns":3.0},{"damage":1.0,"enemies":"Jaw Worm","floor":3.0,"turns":3.0},{"damage":0.0,"enemies":"downfall:FleeingMerchant","floor":5.0,"turns":4.0},{"damage":8.0,"enemies":"Lagavulin","floor":10.0,"turns":5.0},{"damage":0.0,"enemies":"2 Louse","floor":11.0,"turns":3.0},{"damage":0.0,"enemies":"Lots of Slimes","floor":12.0,"turns":3.0},{"damage":5.0,"enemies":"downfall:FleeingMerchant","floor":13.0,"turns":4.0},{"damage":17.0,"enemies":"downfall:Heads","floor":14.0,"turns":6.0},{"damage":3.0,"enemies":"Red Slaver","floor":15.0,"turns":3.0},{"damage":26,"enemies":"WA_ARCHETYPE_RETAIN","floor":16,"turns":5},{"damage":12,"enemies":"3 Byrds","floor":19,"turns":3},{"damage":7,"enemies":"downfall:FleeingMerchant","floor":21,"turns":4},{"damage":5,"enemies":"Spheric Guardian","floor":22,"turns":3},{"damage":0,"enemies":"Cultist and Chosen","floor":23,"turns":4},{"damage":15,"enemies":"3 Cultists","floor":25,"turns":5},{"damage":9,"enemies":"Centurion and Healer","floor":27,"turns":4},{"damage":11,"enemies":"Snake Plant","floor":28,"turns":2},{"damage":0,"enemies":"Gremlin Leader","floor":29,"turns":6},{"damage":0,"enemies":"Cultist and Chosen","floor":30,"turns":4},{"damage":0,"enemies":"downfall:FleeingMerchant","floor":31,"turns":3},{"damage":19,"enemies":"Sentry and Sphere","floor":32,"turns":4},{"damage":16,"enemies":"DF_ARCHETYPE_CLAW","floor":33,"turns":3}],"seed_played":"2737939068053616518","potions_obtained":[{"floor":11.0,"key":"sneckomod:MuddlingPotion"},{"floor":12.0,"key":"EssenceOfSteel"},{"floor":13.0,"key":"GamblersBrew"},{"floor":14.0,"key":"DuplicationPotion"},{"floor":15.0,"key":"LiquidBronze"},{"floor":16,"key":"GamblersBrew"},{"floor":19,"key":"LiquidMemories"},{"floor":21,"key":"ColorlessPotion"},{"floor":22,"key":"PowerPotion"},{"floor":23,"key":"Fire Potion"},{"floor":25,"key":"champ:CounterPotion"},{"floor":28,"key":"Block Potion"},{"floor":29,"key":"hexamod:SoulburnPotion"},{"floor":29,"key":"SpeedPotion"},{"floor":30,"key":"Slimebound:ThreeZeroPotion"},{"floor":31,"key":"bronze:BurnAndBuffPotion"},{"floor":31,"key":"hexamod:SoulburnPotion"},{"floor":31,"key":"Fruit Juice"},{"floor":32,"key":"GamblersBrew"},{"floor":32,"key":"PowerPotion"}],"is_trial":false,"path_per_floor":["R","M","M","?","$","R","T","?","R","E","M","M","$","?","M","B",null,"R","M","?","$","M","M","T","M","R","M","M","E","M","$","M","B"],"character_chosen":"THE_SPIRIT","items_purchased":["Mummified Hand","hexamod:BacktrackSmack","OrangePellets","hexamod:RainOfEmbers","Chemical X"],"campfire_rested":0,"item_purchase_floors":[13,13,21,31,31],"current_hp_per_floor":[70,70,69,69,69,69,69,69,69,61,61,61,56,39,36,10,70,70,58,58,51,46,46,46,31,41,32,21,21,21,21,12,0,0,0],"gold":432,"neow_bonus":"RANDOM_COMMON_RELIC","is_daily":false,"chose_seed":false,"campfire_upgraded":4,"win_rate":0.0,"timestamp":1612409754,"path_taken":["R","M","M","?","$","R","T","?","R","E","M","M","$","?","M","BOSS","R","M","?","$","M","?","T","M","R","M","M","E","M","?","M","BOSS"],"items_purchased_type":["Relic","Card","Relic","Card","Relic"],"build_version":"2020-12-22","purchased_purges":2,"victory":false,"max_hp_per_floor":[70,70,70,70,70,70,70,70,70,70,70,70,70,70,70,70,70,70,70,70,70,70,70,70,70,80,80,80,80,80,80,90,90,90,90],"relic_stats":{"OrangePellets":[6],"counters":[22,84],"Mummified Hand":[48],"Tiny Chest":0,"Nloth\u0027s Gift":3,"Chemical X":[2],"obtain_stats":[{"OrangePellets":21,"downfall:HeartBlessingRed":6,"Mummified Hand":13,"downfall:HeartBlessingBlue":26,"SacredBark":17,"Tiny Chest":29,"Nloth\u0027s Gift":20,"Chemical X":31,"Orichalcum":0,"hexamod:SpiritBrand":0,"White Beast Statue":10,"Old Coin":7},{"OrangePellets":12,"downfall:HeartBlessingRed":3,"Mummified Hand":7,"downfall:HeartBlessingBlue":15,"SacredBark":10,"Tiny Chest":18,"Nloth\u0027s Gift":11,"Chemical X":20,"Orichalcum":0,"hexamod:SpiritBrand":0,"White Beast Statue":4,"Old Coin":3},{"OrangePellets":46,"downfall:HeartBlessingRed":10,"Mummified Hand":25,"downfall:HeartBlessingBlue":58,"SacredBark":39,"Tiny Chest":70,"Nloth\u0027s Gift":42,"Chemical X":77,"Orichalcum":0,"hexamod:SpiritBrand":0,"White Beast Statue":15,"Old Coin":10}]},"card_choices":[{"not_picked":["hexamod:InspiringFlames","hexamod:BacktrackSmack"],"picked":"hexamod:ThermalTransfer","floor":2.0},{"not_picked":["hexamod:InspiringFlames","hexamod:FastForward"],"picked":"hexamod:SpectersWail","floor":3.0},{"not_picked":["hexamod:NightmareGuise","hexamod:ShieldOfDarkness"],"picked":"hexamod:StepThrough","floor":5.0},{"not_picked":["hexamod:FastForward","hexamod:DynamicBlow"],"picked":"hexamod:ExtraCrispy","floor":10.0},{"not_picked":["hexamod:TimeWarp","hexamod:GhostLash"],"picked":"hexamod:BurningTouch","floor":11.0},{"not_picked":["hexamod:GhostLash","hexamod:BacktrackSmack"],"picked":"hexamod:GhostOfSpirePast","floor":12.0},{"not_picked":["hexamod:HauntingEcho","hexamod:BurningTouch"],"picked":"hexamod:ThermalTransfer","floor":13.0},{"not_picked":["hexamod:GhostOfSpireFuture","hexamod:SpectersWail"],"picked":"hexamod:PhantomFireball","floor":14.0},{"not_picked":["hexamod:NightmareGuise","hexamod:ShieldOfDarkness","hexamod:NecessarySacrifice"],"picked":"SKIP","floor":15.0},{"not_picked":["hexamod:TurnItUp","hexamod:UnlimitedPower"],"picked":"hexamod:GhostflameInferno","floor":16},{"not_picked":["hexamod:RetreatToShadows+1","hexamod:NightmareGuise+1"],"picked":"hexamod:BurningTouch+1","floor":19},{"not_picked":["hexamod:CatchUp","hexamod:HauntingEcho+1","hexamod:GhostLash+1"],"picked":"SKIP","floor":21},{"not_picked":["hexamod:EmpoweredFlame","hexamod:ChargedBarrage"],"picked":"hexamod:PhantomFireball","floor":22},{"not_picked":["hexamod:ThermalTransfer","hexamod:SwordOfDarkness"],"picked":"hexamod:SecondSeal","floor":23},{"not_picked":["hexamod:NightmareGuise","hexamod:UnlimitedPower"],"picked":"hexamod:TimeOfNeed","floor":25},{"not_picked":["hexamod:RetreatToShadows","hexamod:DynamicBlow","hexamod:ChargedBarrage+1"],"picked":"SKIP","floor":27},{"not_picked":["hexamod:SpectersWail","hexamod:HeatCrush"],"picked":"hexamod:FourthSeal","floor":28},{"not_picked":["hexamod:ExtraCrispy+1","hexamod:FastForward"],"picked":"hexamod:FourthSeal","floor":29},{"not_picked":["hexamod:Incineration","hexamod:FastForward","hexamod:Firestarter"],"picked":"SKIP","floor":30},{"not_picked":["hexamod:CatchUp+1","hexamod:GhostShield+1"],"picked":"hexamod:BacktrackSmack","floor":31},{"not_picked":["hexamod:RetreatToShadows","hexamod:ThermalTransfer+1"],"picked":"hexamod:WildfireWeapon","floor":32}],"player_experience":222576,"relics_obtained":[{"floor":7.0,"key":"Old Coin"},{"floor":10.0,"key":"White Beast Statue"},{"floor":29,"key":"Tiny Chest"}],"event_choices":[],"is_beta":false,"boss_relics":[{"not_picked":["Empty Cage","Calling Bell"],"picked":"SacredBark"}],"items_purged_floors":[5,13],"is_endless":false,"potions_floor_spawned":[11,12,13,14,15,16,19,21,22,23,25,27,28,29,30,31,32],"killed_by":"DF_ARCHETYPE_CLAW","ascension_level":0}}