{"host":"gc6vr5n3q8f0hswe","time":1612470241,"event":{"mods":["Act Like it!","Aspiration","BaseMod","Better Altar","Better Sensory Stone","Better Third Choice","Block Reminder","Conspire","Fox Events","Gensokyo","Hallownest","Highlight Path","Hubris","Infinite Spire","Jedi Mod","Lobotomy","LobotomyExtend","MarisaÅiñ∂âJÅ@ñÇóùçπÅj","Minty Spire (QoL Compilation)","Pale of the Ancients","Relic Stats","Reliquary","Replay The Spire","Somnambulant","StSLib","The Alterego","The Blue Laboratory","The Bug Knight","The Jungle","The Poker Player","The Wild Card","Uncapped","Wandering Minibosses"],"gold_per_floor":[116,126,35,35,52,52,52],"floor_reached":6,"language":"ENG","playtime":281,"items_purged":[],"score":38,"play_id":"e90eb639-0eb1-4c53-9c3e-af46b0796b9c","local_time":"20210204202401","is_ascension_mode":true,"campfire_choices":[],"circlet_count":0,"master_deck":["Strike_P","Strike_P","Strike_P","Strike_P","Defend_P","Defend_P","Defend_P","Defend_P","Eruption","Vigilance","Injury","FlurryOfBlows","ClearTheMind","Gensokyo:RustyChest","Gensokyo:TarnishedGold","Gensokyo:DepletedGenerator","Consecrate"],"relics":["PureWater","Juzu Bracelet","LetterFromLob"],"acts_visited":["Exordium"],"potions_floor_usage":[],"damage_taken":[{"damage":19,"enemies":"Gensokyo:Python","floor":1,"turns":4},{"damage":0,"enemies":"Gensokyo:3_Fairies","floor":2,"turns":3},{"damage":9,"enemies":"Gensokyo:Gryphon","floor":5,"turns":5},{"damage":13,"enemies":"Gensokyo:Mamizou","floor":6,"turns":3}],"seed_played":"-3561187789246696432","potions_obtained":[{"floor":2,"key":"blueLaboratory:FaithlessPotion"},{"floor":5,"key":"SteroidPotion"}],"is_trial":false,"path_per_floor":["M","M","COS","?","M","E"],"character_chosen":"WATCHER","items_purchased":[],"campfire_rested":0,"item_purchase_floors":[],"current_hp_per_floor":[53,53,53,22,13,0,0],"gold":52,"neow_bonus":"RANDOM_EVENT","is_daily":false,"chose_seed":false,"campfire_upgraded":0,"win_rate":0.0,"timestamp":1612470241,"path_taken":["M","M","COS","?","M","E"],"items_purchased_type":[],"build_version":"2020-12-22","purchased_purges":0,"victory":false,"max_hp_per_floor":[72,72,72,72,72,72,72],"relic_stats":{"counters":[4,15],"Juzu Bracelet":0,"obtain_stats":[{"Juzu Bracelet":0,"LetterFromLob":1,"PureWater":0},{"Juzu Bracelet":0,"LetterFromLob":1,"PureWater":0},{"Juzu Bracelet":0,"LetterFromLob":4,"PureWater":0}]},"card_choices":[{"not_picked":["Wallop","CrushJoints"],"picked":"FlurryOfBlows","floor":1},{"not_picked":["EmptyFist","Evaluate"],"picked":"ClearTheMind","floor":2},{"not_picked":["Replay:AtTheReady","JustLucky"],"picked":"Consecrate","floor":5}],"player_experience":475416,"relics_obtained":[{"floor":1,"key":"LetterFromLob"}],"event_choices":[],"is_beta":false,"boss_relics":[],"items_purged_floors":[],"is_endless":false,"potions_floor_spawned":[2,5],"killed_by":"Gensokyo:Mamizou","ascension_level":1}}