{"host":"1c52r9kaxdyo25eq","time":1612414686,"event":{"mods":["AchievementEnabler","BaseMod","DeckTracker","Minty Spire (QoL Compilation)","Rare Cards Sparkle","SuperFastMode","everything is the same but u backflip on backflip"],"gold_per_floor":[363,373,12,12,24,55,55,55,55,55,18,33,51,70,70,70,70],"floor_reached":16,"language":"KOR","playtime":208,"items_purged":[],"score":189,"play_id":"ea82b060-fc8f-4462-acb4-218c0c5fe72b","local_time":"20210204135806","is_ascension_mode":true,"campfire_choices":[{"floor":7.0,"key":"REST"},{"data":"Heavy Blade","floor":15,"key":"SMITH"}],"circlet_count":0,"master_deck":["AscendersBane","Strike_R","Strike_R","Strike_R","Strike_R","Defend_R+1","Defend_R","Defend_R+1","Defend_R","Bash","Heavy Blade+1","Feel No Pain","Inflame","Limit Break","Seeing Red"],"relics":["Burning Blood","Mummified Hand","StrikeDummy","Pen Nib"],"acts_visited":["Exordium"],"potions_floor_usage":[16,16],"damage_taken":[{"damage":10.0,"enemies":"Small Slimes","floor":1.0,"turns":4.0},{"damage":6.0,"enemies":"Cultist","floor":2.0,"turns":3.0},{"damage":7.0,"enemies":"Jaw Worm","floor":5.0,"turns":3.0},{"damage":40.0,"enemies":"Lagavulin","floor":6.0,"turns":6.0},{"damage":3.0,"enemies":"2 Fungi Beasts","floor":12.0,"turns":3.0},{"damage":8,"enemies":"Blue Slaver","floor":13,"turns":2},{"damage":2,"enemies":"3 Louse","floor":14,"turns":3},{"damage":0,"enemies":"Slime Boss","floor":16,"turns":3}],"seed_played":"1413479145061391017","potions_obtained":[{"floor":5.0,"key":"SpeedPotion"},{"floor":13,"key":"Dexterity Potion"}],"is_trial":false,"path_per_floor":["M","M","$","?","M","E","R","?","T","?","$","M","M","M","R","B"],"character_chosen":"IRONCLAD","items_purchased":["Feel No Pain","Mummified Hand","Seeing Red"],"campfire_rested":1,"item_purchase_floors":[3,3,11],"current_hp_per_floor":[46,46,46,46,45,11,33,10,10,10,10,13,11,15,15,15,15],"gold":70,"neow_bonus":"TWO_FIFTY_GOLD","is_daily":false,"chose_seed":false,"campfire_upgraded":1,"win_rate":0.0,"timestamp":1612414686,"path_taken":["M","M","$","?","?","E","R","?","T","?","$","M","M","M","R","BOSS"],"items_purchased_type":["Card","Relic","Card"],"build_version":"2020-12-22","purchased_purges":0,"victory":false,"max_hp_per_floor":[75,75,75,75,75,75,75,75,75,75,75,75,75,75,75,75,75],"card_choices":[{"not_picked":["Wild Strike","Sword Boomerang"],"picked":"Heavy Blade","floor":1.0},{"not_picked":["Clash","Sentinel","Cleave"],"picked":"SKIP","floor":2.0},{"not_picked":["Clash","Sentinel","Cleave"],"picked":"SKIP","floor":2.0},{"not_picked":["Feel No Pain","Anger","Havoc"],"picked":"SKIP","floor":5.0},{"not_picked":["Entrench","Armaments"],"picked":"Limit Break","floor":6.0},{"not_picked":["Wild Strike","Clothesline","Clash"],"picked":"SKIP","floor":12.0},{"not_picked":["Warcry","Combust","Dark Embrace"],"picked":"SKIP","floor":13},{"not_picked":["Seeing Red","Headbutt","Havoc"],"picked":"SKIP","floor":14}],"player_experience":639749,"relics_obtained":[{"floor":6.0,"key":"StrikeDummy"},{"floor":9.0,"key":"Pen Nib"}],"event_choices":[{"damage_healed":0.0,"max_hp_gain":0.0,"max_hp_loss":0.0,"gold_gain":0.0,"cards_transformed":["Strike_R"],"event_name":"Transmorgrifier","player_choice":"Transformed","floor":4.0,"gold_loss":0.0,"damage_taken":0.0,"cards_obtained":["Inflame"]},{"damage_healed":0.0,"max_hp_gain":0.0,"max_hp_loss":0.0,"gold_gain":0.0,"event_name":"Shining Light","player_choice":"Entered Light","floor":8.0,"gold_loss":0.0,"damage_taken":23.0,"cards_upgraded":["Defend_R","Defend_R"]},{"damage_healed":0.0,"max_hp_gain":0.0,"max_hp_loss":0.0,"gold_gain":0.0,"event_name":"Scrap Ooze","player_choice":"Fled","floor":10.0,"gold_loss":0.0,"damage_taken":0.0}],"is_beta":false,"boss_relics":[],"items_purged_floors":[],"is_endless":false,"potions_floor_spawned":[5,13,14],"killed_by":"Slime Boss","ascension_level":17}}