{"host":"9qgbal69wq5palas","time":1612449882,"event":{"mods":["2.2 Compatiblity","Abigail Mod","AchievementEnabler","Act Like it!","Aspiration","Astrologer","Bartender","BaseMod","Better Altar","Better Note","Better Skull","Better Third Choice","Colored Powertips","Hallownest","Hermit","Highlight Path","Hubris","Infinite Spire","Jorbs\u0027s Wanderer Trilogy","Koishi","Lobotomy","Minty Spire (QoL Compilation)","Potionbrewer","Quick Restart","Random Character Button","Replay The Spire","Shade Mod","Shop Mod","Spicy Shops","StSLib","The Animator","The Bug Knight","The Cursed","The Disciple","The Exalted","The Hierophant","The Necromancer","The Servant 0.9.4","Wandering Minibosses"],"gold_per_floor":[119,219,238,252,267,296,296,308,308,63,63,9,34,47,47,142,142,159,159],"floor_reached":18,"language":"ENG","playtime":821,"items_purged":["Shade:Strike_Shade"],"score":299,"play_id":"aaf25d88-8da6-4253-ad5c-6b739c91333f","local_time":"20210204154442","is_ascension_mode":true,"campfire_choices":[{"data":"Replay:Dark Deal","floor":7,"key":"SMITH"},{"floor":11,"key":"REST"},{"data":"Shade:Brains","floor":15,"key":"SMITH"}],"circlet_count":0,"master_deck":["Shade:Strike_Shade","Shade:Strike_Shade","Shade:Strike_Shade","Shade:Defend_Shade","Shade:Defend_Shade","Shade:AnimateDead","Shade:CarefulCut","Replay:Dark Deal+1","Shade:FleshLikeOak","Shade:Premonition","Shade:SkeletonHug","Shade:ClawBack","Shade:AblativeArmor","Shade:PoundOfFlesh","Shade:CallOfTheGrave+1","Shade:FuneraryArmor+1","Shade:Brains+1","Shade:OpenGraves+1","Shade:SpectralStrikes+1","Shade:CallOfTheGrave+1","Shade:ExtraLimbs+1","Shade:ScuttlingHand+1"],"relics":["Shade:YorickSkull","Bronze Scales","Frozen Egg 2","Potion Belt","Astrolabe"],"acts_visited":["Exordium","TheCity"],"potions_floor_usage":[16,16],"damage_taken":[{"damage":3,"enemies":"Jaw Worm","floor":1,"turns":4},{"damage":0,"enemies":"Cultist","floor":3,"turns":2},{"damage":0,"enemies":"2 Louse","floor":4,"turns":4},{"damage":0,"enemies":"Exordium Wildlife","floor":5,"turns":3},{"damage":49,"enemies":"Gremlin Nob","floor":6,"turns":7},{"damage":0,"enemies":"2 Fungi Beasts","floor":8,"turns":3},{"damage":0,"enemies":"Replay:BlueRogue","floor":13,"turns":4},{"damage":1,"enemies":"Red Slaver","floor":14,"turns":4},{"damage":0,"enemies":"The Guardian","floor":16,"turns":10},{"damage":4,"enemies":"Spheric Guardian","floor":18,"turns":6}],"seed_played":"-411888648997247699","potions_obtained":[{"floor":5,"key":"potionbrewer:InfectionPotion"},{"floor":6,"key":"potionbrewer:ToxicPotion"},{"floor":8,"key":"FearPotion"}],"is_trial":false,"path_per_floor":["M","?","M","M","M","E","R","M","T","$","R","$","E","M","R","B",null,"M"],"character_chosen":"SHADE","items_purchased":["Shade:CallOfTheGrave+1","Shade:FuneraryArmor+1","Shade:Brains"],"campfire_rested":1,"item_purchase_floors":[10,10,12],"current_hp_per_floor":[44,44,44,59,59,10,10,10,10,10,29,29,29,28,28,28,65,61,61],"gold":159,"neow_bonus":"RANDOM_COLORLESS_2","is_daily":false,"chose_seed":false,"campfire_upgraded":2,"win_rate":0.0,"timestamp":1612449882,"path_taken":["M","?","M","M","M","E","R","M","T","$","R","?","E","M","R","BOSS","M"],"items_purchased_type":["Card","Card","Card"],"build_version":"2020-12-22","purchased_purges":1,"victory":false,"max_hp_per_floor":[65,65,65,65,65,65,65,65,65,65,65,65,65,65,65,65,65,65,65],"card_choices":[{"not_picked":["Crow Ritual","Transmutation"],"picked":"Replay:Dark Deal","floor":0},{"not_picked":["Shade:PressTheAttack","Shade:Premonition"],"picked":"Shade:FleshLikeOak","floor":1},{"not_picked":["Shade:FuneraryJewels","Shade:FuneraryArmor"],"picked":"Shade:Premonition","floor":3},{"not_picked":["Shade:WallOfFlesh","Shade:Frenzy"],"picked":"Shade:SkeletonHug","floor":4},{"not_picked":["Shade:FingerOfDeath","Shade:SkeletonHug"],"picked":"Shade:ClawBack","floor":5},{"not_picked":["Shade:Trample","Shade:LastGasp"],"picked":"Shade:AblativeArmor","floor":6},{"not_picked":["Shade:Trample","Shade:Frenzy"],"picked":"Shade:PoundOfFlesh","floor":8},{"not_picked":["Shade:GreyBargain","Shade:AblativeArmor"],"picked":"Shade:OpenGraves+1","floor":13},{"not_picked":["Shade:FleshLikeOak","Shade:SensePrey"],"picked":"Shade:SpectralStrikes+1","floor":14},{"not_picked":["Shade:Tombstone","Shade:SelfBurial"],"picked":"Shade:LoseControl","floor":16}],"player_experience":2715103,"relics_obtained":[{"floor":6,"key":"Bronze Scales"},{"floor":9,"key":"Frozen Egg 2"},{"floor":13,"key":"Potion Belt"}],"event_choices":[{"damage_healed":0,"gold_gain":100,"player_choice":"Gold","damage_taken":0,"max_hp_gain":0,"max_hp_loss":0,"event_name":"Wheel of Change","floor":2,"gold_loss":0}],"is_beta":false,"boss_relics":[{"not_picked":["Bromod:ArcaneGrace","aspiration:RunicSpoon"],"picked":"Astrolabe"}],"items_purged_floors":[10],"is_endless":false,"potions_floor_spawned":[5,6,8,18],"killed_by":"Spheric Guardian","ascension_level":4}}