{"host":"jumrmhf584hajrnz","time":1612462646,"event":{"mods":["BaseMod","Duelist Mod","GifTheSpireLib","Minty Spire (QoL Compilation)","Quick Restart","StSLib"],"gold_per_floor":[142,142,58,58,17,52,52,62,110,130,183,183,201,228,228,302,302,322,322,340,357,357,357],"floor_reached":22,"language":"ENG","playtime":2956,"items_purged":[],"score":488,"play_id":"e88aab3e-33ff-47a9-8c9b-7bdaadfa38d5","local_time":"20210204191726","is_ascension_mode":true,"campfire_choices":[{"floor":7,"key":"RECALL"},{"floor":12,"key":"REST"},{"floor":15,"key":"REST"}],"circlet_count":0,"master_deck":["theDuelist:AngelTrumpeter","AscendersBane","theDuelist:CactusBouncer","theDuelist:CastleWalls","theDuelist:CastleWalls","theDuelist:DarkworldThorns","theDuelist:Inmato","theDuelist:JerryBeansMan","theDuelist:JerryBeansMan","theDuelist:Sparks","theDuelist:Sparks","theDuelist:SuperSolarNutrient","theDuelist:WormApocalypse","theDuelist:SeedCannon","theDuelist:WitchBlackRose","theDuelist:MudGolem","theDuelist:Predapruning","theDuelist:BigFire","theDuelist:KamionTimelord+1","theDuelist:WorldTree","theDuelist:Gigaplant","theDuelist:WormApocalypse","theDuelist:RevivalRose","theDuelist:TwilightRoseKnight","theDuelist:PredaplantChimerafflesia","Panache","theDuelist:RevivalRose+1","theDuelist:ReinforcementsArmy"],"relics":["theDuelist:MillenniumPuzzle","theDuelist:CardPoolRelic","theDuelist:CardPoolBasicRelic","theDuelist:BoosterPackPoolRelic","theDuelist:CardPoolAddRelic","theDuelist:CardPoolMinusRelic","theDuelist:CardPoolSaveRelic","theDuelist:CardPoolOptionsRelic","Gambling Chip","Sundial","Dream Catcher","Ancient Tea Set","Mark of Pain","theDuelist:BoosterPackMonsterEgg"],"acts_visited":["Exordium","TheCity"],"potions_floor_usage":[14,14,22,22],"damage_taken":[{"damage":0,"enemies":"2 Louse","floor":1,"turns":2},{"damage":16,"enemies":"Lagavulin","floor":6,"turns":4},{"damage":0,"enemies":"Cultist","floor":8,"turns":3},{"damage":4,"enemies":"Jaw Worm","floor":10,"turns":3},{"damage":0,"enemies":"Exordium Wildlife","floor":13,"turns":2},{"damage":41,"enemies":"Gremlin Nob","floor":14,"turns":4},{"damage":0,"enemies":"Slime Boss","floor":16,"turns":7},{"damage":0,"enemies":"Chosen","floor":18,"turns":2},{"damage":0,"enemies":"Spheric Guardian","floor":20,"turns":4},{"damage":5,"enemies":"Chosen and Byrds","floor":21,"turns":4},{"damage":54,"enemies":"Chosen and Byrds","floor":22,"turns":7}],"seed_played":"1175886571560694716","potions_obtained":[{"floor":1,"key":"EntropicBrew"},{"floor":13,"key":"Dexterity Potion"},{"floor":21,"key":"theDuelist:VoidBottle"}],"is_trial":false,"path_per_floor":["M","?","$","?","$","E","R","M","T","M","?","R","M","E","R","B",null,"M","?","M","M","?"],"character_chosen":"THE_DUELIST","items_purchased":["theDuelist:MudGolem","theDuelist:Predapruning"],"campfire_rested":2,"item_purchase_floors":[3,5],"current_hp_per_floor":[63,63,63,63,63,47,47,47,47,43,43,61,61,20,38,38,57,57,49,49,44,0,0],"gold":357,"neow_bonus":"ONE_RARE_RELIC","is_daily":false,"chose_seed":false,"campfire_upgraded":0,"win_rate":0.0,"timestamp":1612462646,"path_taken":["M","?","$","?","?","E","R","M","T","?","?","R","M","E","R","BOSS","M","?","?","?","?"],"items_purchased_type":["Card","Card"],"build_version":"2020-12-22","purchased_purges":0,"victory":false,"max_hp_per_floor":[63,63,63,63,63,63,63,63,63,63,63,63,63,63,63,63,63,63,63,63,63,63,63],"card_choices":[{"not_picked":["theDuelist:CactusBouncer","theDuelist:WhiteRoseDragon","theDuelist:WormApocalypse","theDuelist:PredaplantChlamydosundew"],"picked":"theDuelist:SuperSolarNutrient","floor":1},{"not_picked":["theDuelist:EarthquakeGiant","theDuelist:HammerShot","theDuelist:MudragonSwamp","theDuelist:RainbowOverdragon"],"picked":"theDuelist:BigFire","floor":6},{"not_picked":["theDuelist:BottomlessTrapHole+1","theDuelist:RosePaladin+1"],"picked":"theDuelist:KamionTimelord+1","floor":8},{"not_picked":["theDuelist:VioletCrystal","theDuelist:BloomingDarkestRose","theDuelist:SplendidRose","theDuelist:PredaplantSarraceniant"],"picked":"theDuelist:WorldTree","floor":10},{"not_picked":["theDuelist:Invigoration","theDuelist:JerryBeansMan"],"picked":"theDuelist:Gigaplant","floor":12},{"not_picked":["theDuelist:BotanicalLion","theDuelist:JerryBeansMan","theDuelist:WhiteRoseDragon","theDuelist:MudGolem"],"picked":"theDuelist:WormApocalypse","floor":13},{"not_picked":["theDuelist:SeedCannon","theDuelist:PlantFoodChain","theDuelist:BlackRoseMoonlight","theDuelist:PredaplantChimerafflesia"],"picked":"theDuelist:RevivalRose","floor":14},{"not_picked":["theDuelist:BottomlessTrapHole","theDuelist:Firegrass"],"picked":"theDuelist:TwilightRoseKnight","floor":15},{"not_picked":["theDuelist:PlantFoodChain","theDuelist:KamionTimelord","theDuelist:QueenAngelRoses","theDuelist:BlackRoseMoonlight"],"picked":"theDuelist:PredaplantChimerafflesia","floor":16},{"not_picked":["HandOfGreed","Madness","Transmutation"],"picked":"Panache","floor":18},{"not_picked":["theDuelist:HeartUnderdog","theDuelist:BeastFangs","theDuelist:RoseArcher+1","theDuelist:QueenAngelRoses+1"],"picked":"theDuelist:RevivalRose+1","floor":20},{"not_picked":["theDuelist:LightningRodLord+1","theDuelist:Mudora+1","theDuelist:PreventRat+1","theDuelist:StrayLambs"],"picked":"theDuelist:ReinforcementsArmy","floor":21}],"player_experience":1701181,"relics_obtained":[{"floor":6,"key":"Sundial"},{"floor":9,"key":"Dream Catcher"},{"floor":14,"key":"Ancient Tea Set"}],"event_choices":[{"damage_healed":0,"gold_gain":0,"player_choice":"3 cards matched","damage_taken":0,"max_hp_gain":0,"max_hp_loss":0,"event_name":"Match and Keep!","floor":2,"gold_loss":0,"cards_obtained":["theDuelist:WormApocalypse","theDuelist:SeedCannon","theDuelist:WitchBlackRose"]},{"damage_healed":0,"gold_gain":0,"player_choice":"Leave","duelist":true,"damage_taken":0,"max_hp_gain":0,"max_hp_loss":0,"event_name":"Relic Duplicator","floor":4,"gold_loss":0},{"damage_healed":0,"gold_gain":53,"player_choice":"Gained Gold","damage_taken":0,"max_hp_gain":0,"max_hp_loss":0,"event_name":"Golden Wing","floor":11,"gold_loss":0},{"damage_healed":0,"gold_gain":0,"player_choice":"Dig - random Duelist relic","duelist":true,"damage_taken":0,"max_hp_gain":0,"max_hp_loss":0,"event_name":"Aknamkanon\u0027s Tomb","floor":19,"gold_loss":0},{"damage_healed":0,"gold_gain":0,"player_choice":"Fight","duelist":true,"damage_taken":0,"max_hp_gain":0,"max_hp_loss":0,"event_name":"Battle City","floor":22,"gold_loss":0}],"is_beta":false,"boss_relics":[{"not_picked":["Ectoplasm","Black Star"],"picked":"Mark of Pain"}],"items_purged_floors":[],"is_endless":false,"potions_floor_spawned":[1,13,14,21],"killed_by":"Chosen and Byrds","ascension_level":20}}