{"host":"kwnpvqmnt47pmyi1","time":1612448674,"event":{"mods":["AchievementEnabler","BaseMod","Bestiary","BetterRewards","Clockwork Mod","Downfall","Hermit","Hubris","Infinite Spire","Marisa????????","Minty Spire (QoL Compilation)","Random Character Mod","Reliquary","Replay The Spire","Shade Mod","StSLib","The Cursed","The Hierophant","The Servant 0.9.4"],"gold_per_floor":[111,111,111,111,111,144,155,174,174,120,120,120,120,134,134,229,229,241,257,182,201,201,201,234,252,252,106,106,106,117,153,153,275,275,313,164,164,164,203,237,237,274,274,274,283,325,402,402,402,402,402],"floor_reached":50,"language":"ENG","playtime":4043,"items_purged":["Revamp+1"],"score":728,"play_id":"a22d6b72-731e-4d13-8f19-089fc89a6eac","local_time":"20210204062434","is_ascension_mode":false,"campfire_choices":[{"data":"Revamp","floor":12,"key":"SMITH"},{"floor":15,"key":"RECALL"},{"floor":23,"key":"REST"},{"data":"MurderousAura","floor":28,"key":"SMITH"},{"floor":32,"key":"REST"},{"data":"TheWorld","floor":41,"key":"SMITH"},{"floor":44,"key":"REST"},{"data":"Exchange","floor":49,"key":"SMITH"}],"circlet_count":0,"master_deck":["Strike_S+1","Strike_S+1","Strike_S+1","Strike_S+1","Defend_S+1","Defend_S+1","Defend_S+1","Defend_S+1","KidneyShot+1","Exchange+1","SilverBlades","Starlight","Ricochet","Rearm","MurderousAura+1","BottledTime","ShatteredReality","ShatteredReality","FastForward+1","Potential","Rewind+1","TheWorld+1","Luminosity+1","WasteNot+1","Misdirection","Unruled+1","ReplayTheSpireMod:Trickstab","Alleviate+1"],"relics":["Uniform","NeowsBlessing","reliquary:PurpleTingedLeaf","Replay:Ringing Soul","hubris:ScarierMask","reliquary:TuningFork","ReplayTheSpireMod:Ninjato","HandDrill","Cauldron","CeramicFish","infinitespire:EvilPickle","Pet Ghost","Blue Candle","Replay:Bottled Snecko"],"acts_visited":["Exordium","TheCity","TheBeyond"],"potions_floor_usage":[33,35,46,46,46,50,50,50],"damage_taken":[{"damage":0,"enemies":"Cultist","floor":1,"turns":1},{"damage":0,"enemies":"3 Sentries","floor":6,"turns":2},{"damage":0,"enemies":"Small Slimes","floor":7,"turns":1},{"damage":2,"enemies":"Jaw Worm","floor":8,"turns":5},{"damage":7,"enemies":"Large Slime","floor":14,"turns":4},{"damage":61,"enemies":"The Guardian","floor":16,"turns":13},{"damage":3,"enemies":"3 Byrds","floor":18,"turns":4},{"damage":35,"enemies":"Shell Parasite","floor":19,"turns":8},{"damage":17,"enemies":"Snecko","floor":21,"turns":5},{"damage":19,"enemies":"Nightmare","floor":24,"turns":9},{"damage":6,"enemies":"Sentry and Sphere","floor":25,"turns":3},{"damage":4,"enemies":"Shelled Parasite and Fungi","floor":30,"turns":5},{"damage":19,"enemies":"Gremlin Leader","floor":31,"turns":6},{"damage":18,"enemies":"Pondfish","floor":33,"turns":8},{"damage":1,"enemies":"Orb Walker","floor":35,"turns":4},{"damage":10,"enemies":"3 Shapes","floor":39,"turns":4},{"damage":25,"enemies":"Maw","floor":40,"turns":10},{"damage":11,"enemies":"3 Darklings","floor":42,"turns":3},{"damage":32,"enemies":"Transient","floor":46,"turns":5},{"damage":99,"enemies":"hubris:GrandSnecko","floor":50,"turns":18}],"seed_played":"-1885736657882893297","potions_obtained":[{"floor":6,"key":"Swift Potion"},{"floor":8,"key":"Death Potion"},{"floor":16,"key":"EntropicBrew"},{"floor":18,"key":"Energy Potion"},{"floor":24,"key":"ColorlessPotion"},{"floor":29,"key":"AttackPotion"},{"floor":39,"key":"champ:CounterPotion"},{"floor":40,"key":"infinitespire:BlackPotion"}],"is_trial":false,"path_per_floor":["M","$","?","?","$","E","M","M","T","$","?","R","T","M","R","B",null,"M","M","$","M","?","R","NM","M","T","$","R","AVR","M","E","R","B",null,"M","$","?","$","M","M","R","M","T","R","?","M","T","?","R","B"],"character_chosen":"THE_SERVANT","items_purchased":["Ricochet","HandDrill","Pet Ghost"],"campfire_rested":3,"item_purchase_floors":[10,27,36],"current_hp_per_floor":[65,65,65,65,65,65,65,64,64,67,72,72,72,70,70,17,79,80,51,51,39,39,65,53,48,48,48,48,48,49,35,64,53,100,102,102,102,102,96,77,77,70,70,103,106,89,89,89,89,0,0],"gold":402,"neow_bonus":"THREE_ENEMY_KILL","is_daily":false,"chose_seed":false,"campfire_upgraded":4,"win_rate":0.0,"timestamp":1612448674,"path_taken":["M","?","?","?","$","E","M","M","T","?","?","R","?","?","R","BOSS","M","M","?","M","?","R","NM","M","T","?","R","AVR","?","E","R","BOSS","M","?","?","?","?","M","R","?","T","R","?","M","?","?","R","BOSS"],"items_purchased_type":["Card","Relic","Relic"],"build_version":"2020-12-22","purchased_purges":1,"victory":false,"max_hp_per_floor":[65,65,65,65,65,65,65,65,65,68,73,73,73,76,76,79,79,82,85,85,88,88,88,91,91,91,91,91,91,94,97,97,100,100,103,103,103,103,106,109,109,112,112,112,115,118,118,118,118,118,118],"card_choices":[{"not_picked":["Defy","Rearm"],"picked":"SilverBlades","floor":1},{"not_picked":["Revamp","Rewind"],"picked":"Starlight","floor":6},{"not_picked":["Barrier","Rewind","BottledTime"],"picked":"SKIP","floor":7},{"not_picked":["TimeWarp","Solidify"],"picked":"Revamp","floor":8},{"not_picked":["Desolation","Barrier"],"picked":"Rearm","floor":14},{"not_picked":["Initiator","KillingDoll"],"picked":"MurderousAura","floor":16},{"not_picked":["Starlight","DoubleEdge"],"picked":"BottledTime","floor":18},{"not_picked":["Comet","Spin"],"picked":"ShatteredReality","floor":19},{"not_picked":["Revamp","Unruled"],"picked":"ShatteredReality","floor":21},{"not_picked":["Contraction","Luminosity"],"picked":"FastForward+1","floor":24},{"not_picked":["DualDimension","Gouge","RealityMarble"],"picked":"SKIP","floor":25},{"not_picked":["Collapse+1","MurderousAura"],"picked":"Potential","floor":30},{"not_picked":["Ricochet","Starlight"],"picked":"Rewind+1","floor":31},{"not_picked":["ForgedInTime","FloweringNight"],"picked":"TheWorld","floor":33},{"not_picked":["Foresight+1","SilverBlades+1"],"picked":"Luminosity+1","floor":35},{"not_picked":["Alleviate+1","FastForward"],"picked":"WasteNot+1","floor":39},{"not_picked":["Foresight","Unruled"],"picked":"Misdirection","floor":40},{"not_picked":["Read+1","Gouge"],"picked":"Unruled+1","floor":42},{"not_picked":["Master of Strategy","Enlightenment"],"picked":"ReplayTheSpireMod:Trickstab","floor":45},{"not_picked":["Potential","Rewind+1"],"picked":"Alleviate+1","floor":46}],"player_experience":298803,"relics_obtained":[{"floor":6,"key":"reliquary:PurpleTingedLeaf"},{"floor":9,"key":"Replay:Ringing Soul"},{"floor":24,"key":"reliquary:TuningFork"},{"floor":26,"key":"ReplayTheSpireMod:Ninjato"},{"floor":31,"key":"CeramicFish"},{"floor":43,"key":"Blue Candle"},{"floor":47,"key":"Replay:Bottled Snecko"}],"event_choices":[{"damage_healed":0,"gold_gain":0,"player_choice":"Fled","damage_taken":0,"max_hp_gain":0,"max_hp_loss":0,"event_name":"Scrap Ooze","floor":4,"gold_loss":0},{"damage_healed":0,"gold_gain":0,"player_choice":"Donut","damage_taken":0,"max_hp_gain":5,"max_hp_loss":0,"event_name":"Big Fish","floor":11,"gold_loss":0},{"damage_healed":0,"gold_gain":0,"player_choice":"Simplicity","damage_taken":0,"max_hp_gain":0,"max_hp_loss":0,"event_name":"Back to Basics","floor":22,"gold_loss":0,"cards_upgraded":["Strike_S","Strike_S","Strike_S","Strike_S","Defend_S","Defend_S","Defend_S","Defend_S"]},{"damage_healed":0,"gold_gain":0,"player_choice":"Memory 1","damage_taken":0,"max_hp_gain":0,"max_hp_loss":0,"event_name":"SensoryStone","floor":45,"gold_loss":0},{"damage_healed":0,"gold_gain":0,"player_choice":"Ignored","damage_taken":0,"max_hp_gain":0,"max_hp_loss":0,"event_name":"Tomb of Lord Red Mask","floor":48,"gold_loss":0}],"is_beta":false,"boss_relics":[{"not_picked":["Pandora\u0027s Box","Kintsugi"],"picked":"hubris:ScarierMask"},{"not_picked":["Replay:Drink Me","hubris:BlackHole","infinitespire:Cupcake"]}],"items_purged_floors":[20],"is_endless":true,"potions_floor_spawned":[6,8,16,18,24,30,39,40],"killed_by":"hubris:GrandSnecko","ascension_level":0}}