{"host":"sc0o2qwpf9j16a4i","time":1612449378,"event":{"mods":["AchievementEnabler","BaseMod","BetterRewards","Block Reminder","Colored Map","Colored Powertips","Custom Start","Highlight Path","Minty Spire (QoL Compilation)","Relic Stats"],"gold_per_floor":[110,128,128,140,159,190,202,182,182,212,237,237,269,288,288,392,392,403,33,54,63,92,92,129,172,204,223,223,18,52,71,71,192,192,204,10,10,10,10],"floor_reached":38,"language":"ENG","playtime":970,"items_purged":["Doubt","Normality"],"score":664,"play_id":"026f89eb-810d-4480-9a24-cd1fa2b91401","local_time":"20210204163618","daily_mods":["Cursed Run","Green Cards","DeadlyEvents"],"is_ascension_mode":false,"campfire_choices":[{"data":"Blasphemy","floor":12,"key":"SMITH"},{"data":"Sucker Punch","floor":15,"key":"SMITH"},{"data":"Ragnarok","floor":23,"key":"SMITH"},{"data":"Wraith Form v2","floor":28,"key":"SMITH"},{"floor":32,"key":"REST"}],"circlet_count":0,"master_deck":["Strike_P","Strike_P","Strike_P","Defend_P","Defend_P","Defend_P","Defend_P","Eruption","Vigilance","CutThroughFate","Dagger Spray","Wallop","Conclude","Crippling Poison","Wallop","Writhe","Blade Dance","Blasphemy+1","Sucker Punch+1","Quick Slash","Ragnarok+1","Backflip","CutThroughFate","Footwork","MentalFortress","Crescendo","DeceiveReality","Backstab+1","SpiritShield","ClearTheMind","PiercingWail","Wraith Form v2+1","Parasite","Tantrum","Skewer","Acrobatics","Adrenaline"],"relics":["Cursed Key","Darkstone Periapt","Du-Vu Doll","TeardropLocket","Matryoshka","Peace Pipe","Sundial","Potion Belt","SacredBark","CeramicFish","Orrery","Mango","Regal Pillow","Smiling Mask","Boot","Bag of Marbles","Mummified Hand","Snecko Eye","Membership Card"],"acts_visited":["Exordium","TheCity","TheBeyond"],"potions_floor_usage":[11,14,16,24,25,27,33,33],"damage_taken":[{"damage":0,"enemies":"Small Slimes","floor":1,"turns":4},{"damage":0,"enemies":"Cultist","floor":2,"turns":2},{"damage":0,"enemies":"Jaw Worm","floor":4,"turns":2},{"damage":0,"enemies":"2 Fungi Beasts","floor":5,"turns":2},{"damage":4,"enemies":"3 Sentries","floor":6,"turns":6},{"damage":1,"enemies":"Blue Slaver","floor":7,"turns":2},{"damage":0,"enemies":"Gremlin Nob","floor":10,"turns":2},{"damage":13,"enemies":"Lagavulin","floor":11,"turns":4},{"damage":0,"enemies":"3 Sentries","floor":13,"turns":3},{"damage":0,"enemies":"Gremlin Gang","floor":14,"turns":1},{"damage":0,"enemies":"Slime Boss","floor":16,"turns":3},{"damage":0,"enemies":"2 Thieves","floor":18,"turns":1},{"damage":6,"enemies":"Chosen","floor":20,"turns":3},{"damage":0,"enemies":"3 Cultists","floor":22,"turns":3},{"damage":16,"enemies":"Book of Stabbing","floor":24,"turns":5},{"damage":0,"enemies":"Slavers","floor":25,"turns":4},{"damage":0,"enemies":"Sentry and Sphere","floor":27,"turns":3},{"damage":11,"enemies":"Book of Stabbing","floor":30,"turns":4},{"damage":0,"enemies":"Snake Plant","floor":31,"turns":1},{"damage":1,"enemies":"Collector","floor":33,"turns":5},{"damage":0,"enemies":"Orb Walker","floor":35,"turns":4},{"damage":99999,"enemies":"3 Shapes","floor":38,"turns":3}],"seed_played":"-2855975346826080930","potions_obtained":[{"floor":4,"key":"SpeedPotion"},{"floor":7,"key":"Fire Potion"},{"floor":8,"key":"Swift Potion"},{"floor":14,"key":"Strength Potion"},{"floor":16,"key":"BottledMiracle"},{"floor":18,"key":"DuplicationPotion"},{"floor":25,"key":"AttackPotion"},{"floor":30,"key":"Dexterity Potion"},{"floor":31,"key":"SteroidPotion"},{"floor":33,"key":"BottledMiracle"},{"floor":35,"key":"Regen Potion"}],"is_trial":true,"path_per_floor":["M","M","?","M","M","E","M","?","T","E","E","R","E","M","R","B",null,"M","$","M","?","M","R","E","E","T","M","R","$","E","M","R","B",null,"M","$","?","M"],"character_chosen":"WATCHER","items_purchased":["CeramicFish","Orrery","ColorlessPotion","Bag of Marbles","Strength Potion","Membership Card"],"campfire_rested":1,"item_purchase_floors":[19,19,19,29,29,36],"current_hp_per_floor":[72,72,72,72,72,68,67,67,73,73,60,60,60,60,60,66,84,84,84,78,78,78,78,76,76,82,82,82,82,71,71,104,109,110,110,110,110,0,0],"gold":10,"neow_bonus":"","is_daily":false,"chose_seed":false,"campfire_upgraded":4,"win_rate":0.0,"timestamp":1612449378,"path_taken":["M","M","?","M","M","E","M","?","T","?","E","R","E","?","R","BOSS","M","?","?","?","M","R","?","E","T","M","R","$","E","M","R","BOSS","M","$","?","M"],"items_purchased_type":["Relic","Relic","Potion","Relic","Potion","Relic"],"build_version":"2020-12-22","purchased_purges":2,"victory":false,"max_hp_per_floor":[72,72,72,72,72,72,72,72,78,78,78,78,78,78,78,84,84,84,84,84,84,84,84,98,98,104,104,104,104,104,104,104,110,110,110,110,110,110,110],"relic_stats":{"Darkstone Periapt":24,"Peace Pipe":0,"Regal Pillow":2,"counters":[22,66],"Sundial":[0],"Mummified Hand":[1],"CeramicFish":144,"Snecko Eye":[10,7,9,13],"Cursed Key":2,"Smiling Mask":0,"Boot":[0],"obtain_stats":[{"Darkstone Periapt":0,"Potion Belt":13,"Regal Pillow":25,"SacredBark":17,"CeramicFish":19,"Mango":24,"TeardropLocket":6,"Cursed Key":0,"Smiling Mask":26,"Boot":26,"Du-Vu Doll":0,"Peace Pipe":10,"Matryoshka":9,"Sundial":11,"Mummified Hand":30,"Orrery":19,"Snecko Eye":34,"Bag of Marbles":29,"Membership Card":36},{"Darkstone Periapt":0,"Potion Belt":9,"Regal Pillow":16,"SacredBark":11,"CeramicFish":12,"Mango":15,"TeardropLocket":5,"Cursed Key":0,"Smiling Mask":16,"Boot":16,"Du-Vu Doll":0,"Peace Pipe":7,"Matryoshka":6,"Sundial":8,"Mummified Hand":18,"Orrery":12,"Snecko Eye":20,"Bag of Marbles":17,"Membership Card":21},{"Darkstone Periapt":0,"Potion Belt":27,"Regal Pillow":47,"SacredBark":31,"CeramicFish":32,"Mango":43,"TeardropLocket":16,"Cursed Key":0,"Smiling Mask":47,"Boot":47,"Du-Vu Doll":0,"Peace Pipe":20,"Matryoshka":18,"Sundial":24,"Mummified Hand":54,"Orrery":32,"Snecko Eye":60,"Bag of Marbles":50,"Membership Card":64}]},"card_choices":[{"not_picked":["Deflect","Bouncing Flask"],"picked":"CutThroughFate","floor":1},{"not_picked":["EmptyBody","Deadly Poison"],"picked":"Dagger Spray","floor":2},{"not_picked":["Weave","Underhanded Strike"],"picked":"Wallop","floor":4},{"not_picked":["Caltrops","CrushJoints"],"picked":"Conclude","floor":5},{"not_picked":["BowlingBash","Slice"],"picked":"Crippling Poison","floor":6},{"not_picked":["Endless Agony","PiercingWail"],"picked":"Wallop","floor":7},{"not_picked":["Pray","Bouncing Flask"],"picked":"Blade Dance","floor":10},{"not_picked":["Fasting2","Doppelganger"],"picked":"Blasphemy","floor":11},{"not_picked":["CrushJoints","Concentrate"],"picked":"Sucker Punch","floor":13},{"not_picked":["Prepared","BowlingBash"],"picked":"Quick Slash","floor":14},{"not_picked":["SpiritShield","Scrawl"],"picked":"Ragnarok","floor":16},{"not_picked":["Bane+1","Underhanded Strike"],"picked":"Backflip","floor":18},{"not_picked":["Tactician","Choke"],"picked":"CutThroughFate","floor":19},{"not_picked":["Swivel+1","Backflip"],"picked":"Footwork","floor":19},{"not_picked":["JustLucky+1","All Out Attack"],"picked":"MentalFortress","floor":19},{"not_picked":["CarveReality","Prostrate"],"picked":"Crescendo","floor":19},{"not_picked":["Acrobatics","BowlingBash"],"picked":"DeceiveReality","floor":19},{"not_picked":["Underhanded Strike","PiercingWail"],"picked":"Backstab+1","floor":20},{"not_picked":["Wallop","Acrobatics+1"],"picked":"ClearTheMind","floor":22},{"not_picked":["EmptyBody","PathToVictory+1"],"picked":"PiercingWail","floor":24},{"not_picked":["Expertise+1","FollowUp+1"],"picked":"Wraith Form v2","floor":25},{"not_picked":["Swivel","Slice"],"picked":"Tantrum","floor":27},{"not_picked":["Halt","EmptyFist"],"picked":"Skewer","floor":30},{"not_picked":["Reflex","Outmaneuver"],"picked":"Acrobatics","floor":31},{"not_picked":["Brilliance","Storm of Steel"],"picked":"Adrenaline","floor":33},{"not_picked":["EmptyFist+1","Acrobatics","PathToVictory"],"picked":"SKIP","floor":35}],"player_experience":1186103,"relics_obtained":[{"floor":6,"key":"TeardropLocket"},{"floor":9,"key":"Matryoshka"},{"floor":10,"key":"Peace Pipe"},{"floor":11,"key":"Sundial"},{"floor":13,"key":"Potion Belt"},{"floor":24,"key":"Mango"},{"floor":25,"key":"Regal Pillow"},{"floor":26,"key":"Smiling Mask"},{"floor":26,"key":"Boot"},{"floor":30,"key":"Mummified Hand"}],"event_choices":[{"damage_healed":0,"gold_gain":0,"player_choice":"Leave","damage_taken":0,"max_hp_gain":0,"max_hp_loss":0,"event_name":"The Cleric","floor":3,"gold_loss":0},{"damage_healed":0,"gold_gain":0,"player_choice":"Bought 1 Potion","damage_taken":0,"max_hp_gain":0,"max_hp_loss":0,"event_name":"The Woman in Blue","floor":8,"gold_loss":0},{"damage_healed":0,"gold_gain":0,"player_choice":"1 cards matched","damage_taken":0,"max_hp_gain":0,"max_hp_loss":0,"event_name":"Match and Keep!","floor":21,"gold_loss":0,"cards_obtained":["SpiritShield"]},{"cards_removed":["Strike_P"],"damage_healed":0,"gold_gain":0,"player_choice":"Removed Attack","damage_taken":0,"max_hp_gain":0,"max_hp_loss":0,"event_name":"Falling","floor":37,"gold_loss":0}],"is_beta":false,"boss_relics":[{"not_picked":["Runic Dome","Pandora\u0027s Box"],"picked":"SacredBark"},{"not_picked":["Philosopher\u0027s Stone","Fusion Hammer"],"picked":"Snecko Eye"}],"items_purged_floors":[19,36],"is_endless":false,"potions_floor_spawned":[4,7,14,16,18,25,30,31,33,35],"killed_by":"3 Shapes","ascension_level":0}}