{"host":"yg1n0qads92lo9wl","time":1612451192,"event":{"mods":["BaseMod","Downfall","Luminous","Minty Spire (QoL Compilation)","StSLib"],"gold_per_floor":[99,118,118,132,145,145,215,233,263,282,282,157,177,0,13,109,109,109,123,223,234,247,247,247,265,332,332,382,432,25,42,62,163,163,163,182,232,246,464,564,615,615,665,665,665,665],"floor_reached":44,"language":"ZHS","playtime":5800,"items_purged":["Slimebound:Split+1","Slimebound:Strike_Slimebound"],"score":458,"play_id":"c97758e4-5e5f-46b0-a656-153f77755ead","local_time":"20210204230632","is_ascension_mode":true,"campfire_choices":[{"data":"Slimebound:Split","floor":1.0,"key":"SMITH"},{"data":"Slimebound:SplitBruiser","floor":6.0,"key":"SMITH"},{"data":"Slimebound:MinionMaster","floor":18.0,"key":"SMITH"},{"floor":23.0,"key":"REST"},{"data":"Slimebound:Darklings","floor":27.0,"key":"SMITH"},{"data":"Slimebound:MegaLick","floor":35,"key":"PURGE"},{"data":"Slimebound:SlimeTap","floor":42,"key":"PURGE"}],"circlet_count":0,"master_deck":["Slimebound:Strike_Slimebound","Slimebound:Defend_Slimebound","Slimebound:Defend_Slimebound","Slimebound:Defend_Slimebound","Slimebound:Defend_Slimebound","Slimebound:CorrosiveSpit","Slimebound:SplitBruiser+1","Slimebound:SplitBruiser","Slimebound:SlimeSpikes","Slimebound:PressTheAttack","Slimebound:Repurpose","Slimebound:SplitAcid","Slimebound:SplitLeeching","Slimebound:SlimeBarrage","Slimebound:Darklings+1","Slimebound:DivideAndConquer","Slimebound:MinionMaster+1","Slimebound:GoopSpray","Slimebound:SlimeBarrage","Slimebound:SplitMire","Slimebound:SplitBruiser+1","Slimebound:SplitSpecialist","Slimebound:MassRepurpose","Slimebound:SlimeTap+1","Slimebound:LeadByExample","Slimebound:SlimeBrawl+1","Slimebound:ProtectTheBoss","Slimebound:PressTheAttack"],"relics":["Velvet Choker","White Beast Statue","Slimebound:ScrapOozeRelic","SlaversCollar","downfall:CloakOfManyFaces","CultistMask","FaceOfCleric","NlothsMask","GremlinMask","SsserpentHead","Gremlin Horn","Fusion Hammer","MealTicket","Pocketwatch","Juzu Bracelet"],"acts_visited":["Exordium","TheCity","TheBeyond"],"potions_floor_usage":[33,40,44],"damage_taken":[{"damage":1.0,"enemies":"Jaw Worm","floor":2.0,"turns":2.0},{"damage":0.0,"enemies":"2 Louse","floor":4.0,"turns":2.0},{"damage":6.0,"enemies":"Cultist","floor":5.0,"turns":3.0},{"damage":7.0,"enemies":"Blue Slaver","floor":8.0,"turns":3.0},{"damage":24.0,"enemies":"3 Sentries","floor":9.0,"turns":5.0},{"damage":7.0,"enemies":"Red Slaver","floor":10.0,"turns":2.0},{"damage":3.0,"enemies":"downfall:FleeingMerchant","floor":12.0,"turns":4.0},{"damage":10.0,"enemies":"Exordium Thugs","floor":13.0,"turns":3.0},{"damage":0.0,"enemies":"downfall:FleeingMerchant","floor":14.0,"turns":4.0},{"damage":0.0,"enemies":"Blue Slaver","floor":15.0,"turns":2.0},{"damage":13.0,"enemies":"IC_STATUS_ARCHETYPE","floor":16.0,"turns":4.0},{"damage":10.0,"enemies":"Chosen","floor":19.0,"turns":3.0},{"damage":13.0,"enemies":"downfall:FaceTrader","floor":20.0,"turns":5.0},{"damage":5.0,"enemies":"Spheric Guardian","floor":21.0,"turns":3.0},{"damage":25.0,"enemies":"Centurion and Healer","floor":22.0,"turns":5.0},{"damage":14.0,"enemies":"Shelled Parasite and Fungi","floor":25.0,"turns":3.0},{"damage":13.0,"enemies":"3 Cultists","floor":26.0,"turns":4.0},{"damage":3,"enemies":"downfall:FleeingMerchant","floor":30,"turns":4},{"damage":0,"enemies":"Snake Plant","floor":31,"turns":2},{"damage":0,"enemies":"Centurion and Healer","floor":32,"turns":4},{"damage":54,"enemies":"SI_MIRROR_ARCHETYPE","floor":33,"turns":9},{"damage":6,"enemies":"3 Shapes","floor":36,"turns":3},{"damage":25,"enemies":"3 Darklings","floor":38,"turns":4},{"damage":0,"enemies":"downfall:FleeingMerchant","floor":39,"turns":1},{"damage":0,"enemies":"downfall:FleeingMerchant","floor":40,"turns":3},{"damage":64,"enemies":"Giant Head","floor":44,"turns":6}],"seed_played":"4614717112957105454","potions_obtained":[{"floor":4.0,"key":"SkillPotion"},{"floor":8.0,"key":"Weak Potion"},{"floor":9.0,"key":"Guardian:BlockOnCardUsePotion"},{"floor":10.0,"key":"GamblersBrew"},{"floor":13.0,"key":"FairyPotion"},{"floor":15.0,"key":"FairyPotion"},{"floor":16.0,"key":"LiquidBronze"},{"floor":25.0,"key":"CultistPotion"},{"floor":33,"key":"AttackPotion"},{"floor":36,"key":"SneckoOil"},{"floor":40,"key":"Slimebound:ThreeZeroPotion"}],"is_trial":false,"path_per_floor":["R","M","?","M","M","R","T","M","E","M","?","$","M","$","M","B",null,"R","M","?","M","M","R","T","M","M","R","?","?","$","M","M","B",null,"R","M","?","M","$","?","T","R","?","E"],"character_chosen":"SLIMEBOUND","items_purchased":["Slimebound:MegaLick","Slimebound:Darklings","Slimebound:SplitSpecialist","Gremlin Horn","Slimebound:ProtectTheBoss","Slimebound:PressTheAttack"],"campfire_rested":1,"item_purchase_floors":[12,14,30,30,39,39],"current_hp_per_floor":[65,64,64,64,58,58,58,51,27,20,20,17,7,7,7,16,65,65,55,42,38,14,34,34,21,9,9,32,32,30,31,32,4,73,73,68,68,44,60,61,61,61,61,0,0,0],"gold":665,"neow_bonus":"BOSS_RELIC","is_daily":false,"chose_seed":false,"campfire_upgraded":4,"win_rate":0.0,"timestamp":1612451192,"path_taken":["R","M","?","M","M","R","T","M","E","M","?","?","?","$","M","BOSS","R","M","?","M","M","R","T","M","?","R","?","?","$","M","M","BOSS","R","M","?","M","$","?","T","R","?","E"],"items_purchased_type":["Card","Card","Card","Relic","Card","Card"],"build_version":"2020-12-22","purchased_purges":2,"victory":false,"max_hp_per_floor":[65,65,65,65,65,65,65,65,65,65,65,65,65,65,65,65,65,65,65,65,66,67,67,67,68,69,69,69,69,70,71,72,73,73,73,74,74,75,76,77,77,77,77,77,77,77],"card_choices":[{"not_picked":["Slimebound:ItLooksTasty","Slimebound:Chomp"],"picked":"Slimebound:SplitBruiser","floor":2.0},{"not_picked":["Slimebound:ComboTackle","Slimebound:TongueLash"],"picked":"Slimebound:SplitBruiser","floor":4.0},{"not_picked":["Slimebound:PressTheAttack","Slimebound:DouseInSlime","Slimebound:SamplingLick"],"picked":"SKIP","floor":5.0},{"not_picked":["Slimebound:RainOfGoop","Slimebound:ForwardTackle"],"picked":"Slimebound:SlimeSpikes","floor":8.0},{"not_picked":["Slimebound:RejuvenatingLick","Slimebound:SplitBruiser"],"picked":"Slimebound:PressTheAttack","floor":9.0},{"not_picked":["Slimebound:Nibble","Slimebound:SplitAcid"],"picked":"Slimebound:Repurpose","floor":10.0},{"not_picked":["Slimebound:RollThrough","Slimebound:Overexert"],"picked":"Slimebound:SplitAcid","floor":12.0},{"not_picked":["Slimebound:HauntingLick","Slimebound:GoopSpray"],"picked":"Slimebound:SplitLeeching","floor":13.0},{"not_picked":["Slimebound:LeechEnergy","Slimebound:Grow"],"picked":"Slimebound:SlimeBarrage","floor":14.0},{"not_picked":["Slimebound:Grow","Slimebound:LeechEnergy"],"picked":"Slimebound:DivideAndConquer","floor":15.0},{"not_picked":["Slimebound:SelfFormingGoo","Slimebound:LeechLife"],"picked":"Slimebound:MinionMaster","floor":16.0},{"not_picked":["Slimebound:Prepare","Slimebound:Schlurp","Slimebound:SamplingLick"],"picked":"SKIP","floor":19.0},{"not_picked":["Slimebound:LeechEnergy","Slimebound:Schlurp+1"],"picked":"Slimebound:GoopSpray","floor":20.0},{"not_picked":["Slimebound:AcidTongue","Slimebound:LeechingTouch+1"],"picked":"Slimebound:SlimeBarrage","floor":21.0},{"not_picked":["Slimebound:SlimeSpikes","Slimebound:SplitBruiser"],"picked":"Slimebound:SplitMire","floor":22.0},{"not_picked":["Slimebound:HauntingLick","Slimebound:Schlurp"],"picked":"Slimebound:SplitBruiser+1","floor":25.0},{"not_picked":["Slimebound:Chomp","Slimebound:LeechEnergy+1","Slimebound:DisruptingSlam"],"picked":"SKIP","floor":26.0},{"not_picked":["Slimebound:LeechEnergy","Slimebound:RollThrough","Slimebound:ViciousTackle"],"picked":"SKIP","floor":30},{"not_picked":["Slimebound:HauntingLick","Slimebound:ItLooksTasty","Slimebound:FlameTackle"],"picked":"SKIP","floor":31},{"not_picked":["Slimebound:ComboTackle","Slimebound:LeechingTouch","Slimebound:HauntingLick"],"picked":"SKIP","floor":32},{"not_picked":["Slimebound:CheckThePlaybook","Slimebound:Darklings"],"picked":"Slimebound:MassRepurpose","floor":33},{"not_picked":["Slimebound:SamplingLick+1","Slimebound:Prepare+1"],"picked":"Slimebound:SlimeTap+1","floor":36},{"not_picked":["Slimebound:LeechingTouch","Slimebound:SlimeTap"],"picked":"Slimebound:LeadByExample","floor":38},{"not_picked":["Slimebound:DisruptingSlam","Slimebound:GoopTackle+1"],"picked":"Slimebound:SlimeBrawl+1","floor":39},{"not_picked":["Slimebound:Prepare+1","Slimebound:SplitAcid+1"],"picked":"Slimebound:SlimeTap","floor":40}],"player_experience":333919,"relics_obtained":[{"floor":7.0,"key":"White Beast Statue"},{"floor":9.0,"key":"Orichalcum"},{"floor":20.0,"key":"downfall:CloakOfManyFaces"},{"floor":37,"key":"MealTicket"},{"floor":40,"key":"Pocketwatch"},{"floor":41,"key":"Juzu Bracelet"}],"event_choices":[{"damage_healed":23.0,"max_hp_gain":0.0,"max_hp_loss":0.0,"gold_gain":0.0,"event_name":"The Library","player_choice":"Heal","floor":28.0,"gold_loss":0.0,"damage_taken":0.0},{"cards_removed":["Slimebound:Tackle"],"damage_healed":0,"gold_gain":0,"player_choice":"Removed Attack","damage_taken":0,"max_hp_gain":0,"max_hp_loss":0,"event_name":"Falling","floor":43,"gold_loss":0}],"is_beta":false,"boss_relics":[{"not_picked":["Philosopher\u0027s Stone","Tiny House"],"picked":"SlaversCollar"},{"not_picked":["Coffee Dripper","Empty Cage"],"picked":"Fusion Hammer"}],"items_purged_floors":[12,30],"is_endless":false,"potions_floor_spawned":[4,8,9,10,12,13,14,15,16,19,20,21,22,25,26,30,31,32,33,36,38,39,40],"killed_by":"Giant Head","ascension_level":1}}