{"host":"egecq8lksgzqg7v3","time":1612447743,"event":{"mods":["AchievementEnabler","Alarm Clock","BaseMod","Bestiary","Better Third Choice","Colored Map","Downfall","Hermit","Minty Spire (QoL Compilation)","StSLib","Synergy Search"],"gold_per_floor":[119,129,208,222,233,263,263,263,263,228,242,242,417,417,417,521,521,539,539,558,314,324,324,339,355,355,355,355,365,380,380,380],"floor_reached":31,"language":"ENG","playtime":4568,"items_purged":[],"score":238,"play_id":"97994fa7-189e-42e0-a564-f311ff950a6e","local_time":"20210204090903","is_ascension_mode":false,"campfire_choices":[{"data":"hermit:Glare","floor":8.0,"key":"SMITH"},{"data":"hermit:Determination","floor":12.0,"key":"SMITH"},{"floor":15.0,"key":"REST"},{"data":"Good Instincts","floor":23.0,"key":"SMITH"},{"floor":28.0,"key":"REST"}],"circlet_count":0,"master_deck":["hermit:Strike_Hermit","hermit:Strike_Hermit","hermit:Strike_Hermit+1","hermit:Strike_Hermit","hermit:Defend_Hermit","hermit:Defend_Hermit+1","hermit:Defend_Hermit","hermit:Defend_Hermit","hermit:Snapshot","hermit:Covet","Discovery+1","hermit:Glare+1","hermit:Enervate","hermit:Horror","hermit:Enervate","hermit:Headshot+1","hermit:Determination+1","hermit:Reprieve","hermit:Manifest+1","hermit:Grudge+1","Good Instincts+1","hermit:Glare+1","hermit:Deadeye+1","hermit:Glare+1","hermit:Determination+1","hermit:PistolWhip"],"relics":["hermit:Momento","Sundial","Letter Opener","Runic Pyramid","Spirit Poop","Whetstone","Pantograph"],"acts_visited":["Exordium","TheCity"],"potions_floor_usage":[30],"damage_taken":[{"damage":15.0,"enemies":"Jaw Worm","floor":1.0,"turns":4.0},{"damage":6.0,"enemies":"2 Louse","floor":2.0,"turns":2.0},{"damage":5.0,"enemies":"Small Slimes","floor":4.0,"turns":3.0},{"damage":1.0,"enemies":"2 Fungi Beasts","floor":5.0,"turns":3.0},{"damage":16.0,"enemies":"Lagavulin","floor":6.0,"turns":4.0},{"damage":0.0,"enemies":"Exordium Wildlife","floor":11.0,"turns":2.0},{"damage":39.0,"enemies":"Hexaghost","floor":16.0,"turns":8.0},{"damage":7.0,"enemies":"Chosen","floor":18.0,"turns":4.0},{"damage":10.0,"enemies":"Shell Parasite","floor":20.0,"turns":6.0},{"damage":14.0,"enemies":"Shelled Parasite and Fungi","floor":22.0,"turns":5.0},{"damage":18.0,"enemies":"Snake Plant","floor":24.0,"turns":4.0},{"damage":25.0,"enemies":"Centurion and Healer","floor":25.0,"turns":4.0},{"damage":6.0,"enemies":"Chosen and Byrds","floor":29.0,"turns":6.0},{"damage":23,"enemies":"Sentry and Sphere","floor":30,"turns":4},{"damage":0,"enemies":"Slavers","floor":31,"turns":1}],"seed_played":"-5215882142319676307","potions_obtained":[{"floor":2.0,"key":"SpeedPotion"},{"floor":5.0,"key":"GamblersBrew"},{"floor":6.0,"key":"Fruit Juice"},{"floor":11.0,"key":"AttackPotion"},{"floor":20.0,"key":"DistilledChaos"},{"floor":29.0,"key":"sneckomod:MuddlingPotion"},{"floor":30,"key":"hexamod:SoulburnPotion"}],"is_trial":false,"path_per_floor":["M","M","?","M","M","E","?","R","T","?","M","R","?","?","R","B",null,"M","?","M","$","M","R","M","M","T","?","R","M","M","E"],"character_chosen":"HERMIT","items_purchased":["Whetstone","Good Instincts"],"campfire_rested":2,"item_purchase_floors":[21,21],"current_hp_per_floor":[60,54,54,49,48,37,37,37,37,57,57,57,57,41,65,26,80,80,80,70,70,56,56,38,13,13,13,37,31,12,12,12],"gold":380,"neow_bonus":"RANDOM_COLORLESS","is_daily":false,"chose_seed":false,"campfire_upgraded":3,"win_rate":0.0,"timestamp":1612447743,"path_taken":["M","M","?","M","M","E","?","R","T","?","M","R","?","?","R","BOSS","M","?","M","$","?","R","M","M","T","?","R","M","M","E"],"items_purchased_type":["Relic","Card"],"build_version":"2020-12-22","purchased_purges":0,"victory":false,"max_hp_per_floor":[75,75,75,75,75,80,80,80,80,80,80,80,80,80,80,80,80,80,80,80,80,80,80,80,80,80,80,80,80,80,80,80],"card_choices":[{"not_picked":["Blind","Swift Strike"],"picked":"Discovery","floor":0.0},{"not_picked":["hermit:Roulette","hermit:BodyArmor"],"picked":"hermit:Glare","floor":1.0},{"not_picked":["hermit:Manifest","hermit:SprayPray"],"picked":"hermit:Enervate","floor":2.0},{"not_picked":["hermit:Spite","hermit:HoleUp"],"picked":"hermit:Horror","floor":4.0},{"not_picked":["hermit:Headshot","hermit:NoHoldsBarred"],"picked":"hermit:Enervate","floor":5.0},{"not_picked":["hermit:HoleUp","hermit:Manifest"],"picked":"hermit:Headshot","floor":6.0},{"not_picked":["hermit:NoHoldsBarred","hermit:Headshot"],"picked":"hermit:Determination","floor":11.0},{"not_picked":["hermit:FatalDesire","hermit:DeadOrAlive"],"picked":"hermit:Reprieve","floor":16.0},{"not_picked":["hermit:Cheat","hermit:WideOpen"],"picked":"hermit:Manifest+1","floor":18.0},{"not_picked":["hermit:WideOpen","hermit:FlashPowder"],"picked":"hermit:Grudge","floor":20.0},{"not_picked":["hermit:Desperado","hermit:Shortfuse"],"picked":"hermit:Glare+1","floor":22.0},{"not_picked":["hermit:Vantage","hermit:Gambit"],"picked":"hermit:Deadeye+1","floor":24.0},{"not_picked":["hermit:TakeCover","hermit:HoleUp"],"picked":"hermit:Glare+1","floor":25.0},{"not_picked":["hermit:Maintenance","hermit:ItchyTrigger"],"picked":"hermit:Determination+1","floor":29.0},{"not_picked":["hermit:LoneWolf+1","hermit:TrackingShot+1"],"picked":"hermit:PistolWhip","floor":30}],"player_experience":238422,"relics_obtained":[{"floor":6.0,"key":"Sundial"},{"floor":9.0,"key":"Letter Opener"},{"floor":26.0,"key":"Pantograph"}],"event_choices":[{"damage_healed":0.0,"max_hp_gain":0.0,"max_hp_loss":0.0,"gold_gain":79.0,"event_name":"Golden Wing","player_choice":"Gained Gold","floor":3.0,"gold_loss":0.0,"damage_taken":0.0},{"damage_healed":0.0,"max_hp_gain":0.0,"max_hp_loss":0.0,"gold_gain":0.0,"event_name":"Living Wall","player_choice":"Grow","floor":7.0,"gold_loss":0.0,"damage_taken":0.0,"cards_upgraded":["Discovery"]},{"damage_healed":20.0,"max_hp_gain":0.0,"max_hp_loss":0.0,"gold_gain":0.0,"event_name":"The Cleric","player_choice":"Healed","floor":10.0,"gold_loss":35.0,"damage_taken":0.0},{"damage_healed":0.0,"max_hp_gain":0.0,"max_hp_loss":0.0,"gold_gain":175.0,"event_name":"betterThird:BetterSerpent","player_choice":"AGREE","floor":13.0,"gold_loss":0.0,"damage_taken":242.0},{"damage_healed":57.0,"max_hp_gain":0.0,"max_hp_loss":80.0,"gold_gain":0.0,"event_name":"betterThird:BetterShining","player_choice":"Upgrade","floor":14.0,"gold_loss":0.0,"damage_taken":16.0,"cards_upgraded":["hermit:Defend_Hermit","hermit:Strike_Hermit"]},{"cards_removed":["Doubt"],"damage_healed":0.0,"max_hp_gain":0.0,"max_hp_loss":0.0,"gold_gain":0.0,"event_name":"Bonfire Elementals","player_choice":"Offered Curse","floor":19.0,"gold_loss":0.0,"damage_taken":0.0,"relics_obtained":["Spirit Poop"]},{"damage_healed":0.0,"max_hp_gain":0.0,"max_hp_loss":0.0,"gold_gain":0.0,"event_name":"Vampires","player_choice":"Ignored","floor":27.0,"gold_loss":0.0,"damage_taken":0.0}],"is_beta":false,"boss_relics":[{"not_picked":["Snecko Eye","Busted Crown"],"picked":"Runic Pyramid"}],"items_purged_floors":[],"is_endless":false,"potions_floor_spawned":[2,5,6,11,20,29,30],"killed_by":"Slavers","ascension_level":0}}