{"host":"x1wt4ryasj4hxyw3","time":1612434901,"event":{"mods":["Act Like it!","BaseMod","CapriCore","CavMod","Gensokyo","GungeonMod","Lobotomy","LobotomyExtend","Minty Spire (QoL Compilation)","Prisma Mod","Quick Restart","Remilia（蕾米莉亚）","RumiaBox-露米娅的神秘盒子","StSLib","The Administrix","The Alterego","The Immortal","Youmu（魂魄妖梦）","Yuyuko","【功能Mod】混沌之环修复补丁"],"gold_per_floor":[112,112,112,122,46,91,91,122,361,13,13,13,41,41,57,57,57,57,57,57],"floor_reached":12,"language":"ZHS","playtime":1529,"items_purged":["LittlePrince"],"score":90,"play_id":"13a0fd09-1a4e-4c98-b3b2-b40ff30f5669","local_time":"20210204183501","is_ascension_mode":false,"campfire_choices":[{"data":"FavorOfDestiny","floor":7,"key":"SMITH"},{"data":"EternalNight","floor":7,"key":"SMITH"},{"floor":10,"key":"REST"}],"circlet_count":0,"master_deck":["Strike_RM","Strike_RM","Strike_RM","Strike_RM","Defend_RM","Defend_RM","Defend_RM","Defend_RM","RedMoon","ScarletShoot","Bloodbath","MastersStateliness+1","BombardNight","UnstableMagic","FavorOfDestiny+1","Porccubus","ReincarnationDial","OldLady","ScarletGensokyo","QueenOfHatred","DiffusionOfMisfortune","ScarletSymphony","VampirishNight","DemonKingCradle+1","ShyLook","EternalNight+1","ScarletImprint","Rudolta","Parasite","Parasite"],"relics":["ScarletHat","CogitoBucket","DemoMod:Metronome","LetterFromLob","Ancient Tea Set","Boot","TreeSap","Ccalipers","ShedSkin_r"],"acts_visited":["Exordium"],"potions_floor_usage":[6,6,6,6],"damage_taken":[{"damage":1,"enemies":"Gensokyo:2_Kodama","floor":1,"turns":3},{"damage":0,"enemies":"Gensokyo:3_Fairies","floor":4,"turns":3},{"damage":37,"enemies":"Gensokyo:Mamizou","floor":6,"turns":12},{"damage":10,"enemies":"Jaw Worm","floor":1,"turns":4},{"damage":5,"enemies":"Small Slimes","floor":2,"turns":4},{"damage":27,"enemies":"Gremlin Nob","floor":6,"turns":4},{"damage":54,"enemies":"Cultist","floor":8,"turns":4},{"damage":29,"enemies":"Gremlin Gang","floor":12,"turns":3}],"seed_played":"792756563028667793","potions_obtained":[{"floor":1,"key":"LiquidBronze"},{"floor":4,"key":"SteroidPotion"},{"floor":6,"key":"Explosive Potion"},{"floor":1,"key":"Dexterity Potion"},{"floor":6,"key":"BlessingOfTheForge"}],"is_trial":false,"path_per_floor":["M","?","?","M","COS","E","R","M","M","M","$","?","?","E","R","M","T","R","M","M"],"character_chosen":"REMILIA","items_purchased":["ScarletSymphony","VampirishNight","DemonKingCradle"],"campfire_rested":1,"item_purchase_floors":[3,3,3],"current_hp_per_floor":[74,74,74,74,74,53,53,66,64,64,69,69,58,58,16,16,40,22,0,0],"gold":57,"neow_bonus":"","is_daily":false,"chose_seed":false,"campfire_upgraded":2,"win_rate":0.0,"timestamp":1612434901,"path_taken":["M","?","?","M","COS","E","R","M","M","?","$","?","?","E","R","M","T","R","M","M"],"items_purchased_type":["Card","Card","Card"],"build_version":"2020-12-22","purchased_purges":1,"victory":false,"max_hp_per_floor":[75,75,75,75,75,75,75,75,75,75,80,80,80,80,80,80,80,80,80,80],"card_choices":[{"not_picked":["Scorched","PunishingBird"],"picked":"Bloodbath","floor":1},{"not_picked":["Ultimatum","Stigmanizer"],"picked":"MastersStateliness","floor":1},{"not_picked":["AfternoonTea","TwelveNightmare"],"picked":"BombardNight","floor":3},{"not_picked":["AfternoonTea","RedRainbow"],"picked":"UnstableMagic","floor":3},{"not_picked":["UniverseFragment","SpiderBud"],"picked":"LittlePrince","floor":4},{"not_picked":["CharismaGuard","StarOfDavid"],"picked":"FavorOfDestiny","floor":4},{"not_picked":["CrumblingArmor","UniverseFragment"],"picked":"Porccubus","floor":6},{"not_picked":["TricksterDevil","ScarletDevil"],"picked":"ReincarnationDial","floor":6},{"not_picked":["VoidDream","MeatLantern","SnowQueen"],"picked":"Singing Bowl","floor":1},{"not_picked":["Murderer","ShyLook"],"picked":"OldLady","floor":1},{"not_picked":["LeisurelyOfLord","RedNightlessCastle"],"picked":"ScarletGensokyo","floor":1},{"not_picked":["MeatLantern","ShyLook"],"picked":"QueenOfHatred","floor":2},{"not_picked":["GlobalNightmare","BombardNight"],"picked":"DiffusionOfMisfortune","floor":2},{"not_picked":["PunishingBird","CrumblingArmor","MeatLantern"],"picked":"Singing Bowl","floor":6},{"not_picked":["SnowQueen","Scarecrow"],"picked":"ShyLook","floor":6},{"not_picked":["VampireKiss","BloodHunter"],"picked":"EternalNight","floor":6},{"not_picked":["Stigmanizer","ScarletDream"],"picked":"ScarletImprint","floor":8},{"not_picked":["PunishingBird","LittlePrince"],"picked":"Rudolta","floor":8}],"player_experience":166030,"relics_obtained":[{"floor":1,"key":"LetterFromLob"},{"floor":6,"key":"DemoMod:Metronome"},{"floor":1,"key":"LetterFromLob"},{"floor":6,"key":"Boot"},{"floor":9,"key":"Ccalipers"}],"event_choices":[{"damage_healed":0,"gold_gain":0,"player_choice":"Donut","damage_taken":0,"max_hp_gain":5,"max_hp_loss":0,"event_name":"Big Fish","floor":4,"gold_loss":0},{"damage_healed":0,"gold_gain":0,"player_choice":"Grow","damage_taken":0,"max_hp_gain":0,"max_hp_loss":0,"event_name":"Living Wall","floor":5,"gold_loss":0,"cards_upgraded":["DemonKingCradle"]}],"is_beta":false,"boss_relics":[],"items_purged_floors":[3],"is_endless":false,"potions_floor_spawned":[1,4,6,1,6],"killed_by":"Gremlin Gang","ascension_level":0}}