{"host":"8is2j71l4wmybkoi","time":1612428988,"event":{"mods":["AchievementEnabler","BaseMod","Colored Map","Minty Spire (QoL Compilation)","Rare Cards Sparkle","StSLib","SuperFastMode"],"gold_per_floor":[119,119,20,36,36,36,65,65,65,65,78,91,123,50,50,125,125,141,155,155,155,168,168,168,168,168,201,201,301,301,313,313,313,313],"floor_reached":33,"language":"KOR","playtime":849,"items_purged":["Strike_B"],"score":543,"play_id":"fd326def-4593-4370-84aa-31db1d9531ca","local_time":"20210204175628","is_ascension_mode":true,"campfire_choices":[{"data":"Defragment","floor":6,"key":"SMITH"},{"data":"Zap","floor":8,"key":"SMITH"},{"data":"Dualcast","floor":10,"key":"SMITH"},{"data":"Recycle","floor":15,"key":"SMITH"},{"floor":23,"key":"REST"},{"data":"Consume","floor":25,"key":"SMITH"},{"data":"Defragment","floor":30,"key":"SMITH"},{"data":"Aggregate","floor":32,"key":"SMITH"}],"circlet_count":0,"master_deck":["AscendersBane","Strike_B","Strike_B","Strike_B","Defend_B","Defend_B","Defend_B","Defend_B","Zap+1","Dualcast+1","Barrage","Conserve Battery","Defragment+1","Sweeping Beam","Self Repair","Consume+1","Ball Lightning","Recycle+1","Core Surge","Steam","Redo+1","Lockon","Go for the Eyes","Defragment+1","Aggregate+1"],"relics":["Cracked Core","NeowsBlessing","Blood Vial","Akabeko","Mercury Hourglass","Unceasing Top","Sozu","Meat on the Bone","Art of War","Shuriken","Mango","Pear"],"acts_visited":["Exordium","TheCity"],"potions_floor_usage":[13,16],"damage_taken":[{"damage":0,"enemies":"Small Slimes","floor":1,"turns":1},{"damage":0,"enemies":"Jaw Worm","floor":4,"turns":1},{"damage":0,"enemies":"Lagavulin","floor":7,"turns":1},{"damage":0,"enemies":"2 Louse","floor":11,"turns":2},{"damage":1,"enemies":"Looter","floor":12,"turns":2},{"damage":28,"enemies":"Gremlin Nob","floor":13,"turns":4},{"damage":27,"enemies":"Slime Boss","floor":16,"turns":7},{"damage":0,"enemies":"Chosen","floor":18,"turns":3},{"damage":37,"enemies":"2 Thieves","floor":19,"turns":4},{"damage":14,"enemies":"Cultist and Chosen","floor":22,"turns":4},{"damage":13,"enemies":"Gremlin Leader","floor":27,"turns":6},{"damage":23,"enemies":"Colosseum Slavers","floor":29,"turns":3},{"damage":30,"enemies":"Colosseum Nobs","floor":29,"turns":5},{"damage":6,"enemies":"Centurion and Healer","floor":31,"turns":5},{"damage":63,"enemies":"Collector","floor":33,"turns":5}],"seed_played":"7883511700047428052","potions_obtained":[{"floor":1,"key":"Dexterity Potion"},{"floor":7,"key":"EssenceOfSteel"},{"floor":12,"key":"FearPotion"}],"is_trial":false,"path_per_floor":["M","?","$","M","?","R","E","R","T","R","M","M","E","$","R","B",null,"M","M","?","?","M","R","?","R","T","E","T","?","R","M","R","B"],"character_chosen":"DEFECT","items_purchased":["Conserve Battery","Recycle"],"campfire_rested":1,"item_purchase_floors":[3,14],"current_hp_per_floor":[64,38,38,40,40,40,42,42,42,42,44,45,26,26,26,8,55,64,36,16,16,4,26,41,41,41,49,49,55,55,58,58,0,0],"gold":313,"neow_bonus":"THREE_ENEMY_KILL","is_daily":false,"chose_seed":false,"campfire_upgraded":7,"win_rate":0.0,"timestamp":1612428988,"path_taken":["M","?","$","M","?","R","E","R","T","R","M","M","E","?","R","BOSS","M","M","?","?","M","R","?","R","T","E","?","?","R","M","R","BOSS"],"items_purchased_type":["Card","Card"],"build_version":"2020-12-22","purchased_purges":1,"victory":false,"max_hp_per_floor":[71,71,71,71,71,71,71,71,71,71,71,71,71,71,71,71,71,71,71,76,76,76,76,76,76,76,76,76,100,100,100,100,100,100],"card_choices":[{"not_picked":["Skim","Turbo"],"picked":"Barrage","floor":1},{"not_picked":["Steam","Doom and Gloom"],"picked":"Defragment","floor":4},{"not_picked":["Cold Snap","Streamline"],"picked":"Sweeping Beam","floor":7},{"not_picked":["Redo","Streamline"],"picked":"Self Repair","floor":11},{"not_picked":["Conserve Battery","Sweeping Beam"],"picked":"Consume","floor":12},{"not_picked":["Consume","Sunder"],"picked":"Ball Lightning","floor":13},{"not_picked":["Biased Cognition","Reboot"],"picked":"Core Surge","floor":16},{"not_picked":["Conserve Battery","Beam Cell"],"picked":"Steam","floor":18},{"not_picked":["Cold Snap","Conserve Battery+1"],"picked":"Redo+1","floor":19},{"not_picked":["Streamline","Storm"],"picked":"Lockon","floor":22},{"not_picked":["Ball Lightning","Coolheaded"],"picked":"Go for the Eyes","floor":27},{"not_picked":["Gash","Cold Snap"],"picked":"Defragment","floor":29},{"not_picked":["Conserve Battery+1","Self Repair"],"picked":"Aggregate","floor":31}],"player_experience":953614,"relics_obtained":[{"floor":7,"key":"Akabeko"},{"floor":9,"key":"Mercury Hourglass"},{"floor":13,"key":"Unceasing Top"},{"floor":26,"key":"Meat on the Bone"},{"floor":27,"key":"Art of War"},{"floor":28,"key":"Shuriken"},{"floor":29,"key":"Mango"},{"floor":29,"key":"Pear"}],"event_choices":[{"damage_healed":0,"gold_gain":0,"player_choice":"Success","damage_taken":26,"relics_obtained":["Blood Vial"],"max_hp_gain":0,"max_hp_loss":0,"event_name":"Scrap Ooze","floor":2,"gold_loss":0},{"damage_healed":0,"gold_gain":0,"player_choice":"Ignored","damage_taken":0,"max_hp_gain":0,"max_hp_loss":0,"event_name":"Liars Game","floor":5,"gold_loss":0},{"damage_healed":0,"gold_gain":0,"player_choice":"Shed Blood","damage_taken":25,"max_hp_gain":5,"max_hp_loss":0,"event_name":"Forgotten Altar","floor":20,"gold_loss":0},{"damage_healed":0,"gold_gain":0,"player_choice":"Ignored","damage_taken":0,"max_hp_gain":0,"max_hp_loss":0,"event_name":"Cursed Tome","floor":21,"gold_loss":0},{"damage_healed":15,"gold_gain":0,"player_choice":"Heal","damage_taken":0,"max_hp_gain":0,"max_hp_loss":0,"event_name":"The Library","floor":24,"gold_loss":0},{"damage_healed":0,"gold_gain":0,"player_choice":"Fight","damage_taken":0,"max_hp_gain":0,"max_hp_loss":0,"event_name":"Colosseum","floor":29,"gold_loss":0},{"damage_healed":0,"gold_gain":0,"player_choice":"Fought Nobs","damage_taken":0,"max_hp_gain":0,"max_hp_loss":0,"event_name":"Colosseum","floor":29,"gold_loss":0}],"is_beta":false,"boss_relics":[{"not_picked":["Busted Crown","Empty Cage"],"picked":"Sozu"}],"items_purged_floors":[3],"is_endless":false,"potions_floor_spawned":[1,7,12,19,22,29],"killed_by":"Collector","ascension_level":15}}