{"host":"if46sxignvy4ka0k","time":1612416163,"event":{"mods":["BaseMod","Minty Spire (QoL Compilation)","StSLib","The Cursed"],"gold_per_floor":[118,118,118,134,145,172,172,80,80,92,127,146,146,158,158,262,262,273,273,273,54,54,87,101,132,132,145,145,164,175,188,188,283,333,353,100,100,115,127,127,144,144,144,154,165,183,216,24,24,24,24,24,1,35,35,35],"floor_reached":55,"language":"ENG","playtime":3297,"items_purged":[],"score":802,"play_id":"57905807-4b75-4fce-9fa0-097cff3c1251","local_time":"20210203232243","is_ascension_mode":false,"campfire_choices":[{"data":"Caltrops","floor":7,"key":"SMITH"},{"data":"Noxious Fumes","floor":15,"key":"SMITH"},{"floor":32,"key":"REST"},{"data":"Ghostly","floor":40,"key":"SMITH"},{"floor":42,"key":"RECALL"},{"data":"Sadistic Nature","floor":49,"key":"SMITH"},{"data":"Caltrops","floor":52,"key":"SMITH"}],"circlet_count":0,"master_deck":["Strike_G","Strike_G","Strike_G","Strike_G","Defend_G","Defend_G","Defend_G","Defend_G","Survivor+1","Neutralize","Poisoned Stab","Blade Dance","Leg Sweep","Caltrops+1","Caltrops+1","Flying Knee","Noxious Fumes+1","Reflex","Phantasmal Killer+1","Accuracy","Ghostly+1","Ghostly","Ghostly","Ghostly","Ghostly","Caltrops","Calculated Gamble","Footwork+1","Caltrops+1","All Out Attack","Finisher+1","Storm of Steel","Dagger Spray+1","Cloak And Dagger+1","Sadistic Nature+1","Accuracy","Pain","Backflip+1","Prepared+1","Backflip+1","Noxious Fumes+1","Prepared+1","Cloak And Dagger","Noxious Fumes","Cloak And Dagger","Cloak And Dagger+1"],"relics":["Ring of the Snake","Bird Faced Urn","Ninja Scroll","Paper Crane","Matryoshka","SacredBark","Anchor","Darkstone Periapt","Bottled Tornado","StoneCalendar","Potion Belt","White Beast Statue","Spirit Poop","Tiny House","WarpedTongs","Toy Ornithopter","Incense Burner","OrangePellets","Orichalcum"],"acts_visited":["Exordium","TheCity","TheBeyond","TheEnding"],"potions_floor_usage":[6,6,6,16,18,23,25,33,33,33,39,46,47,50,50,55,55,55],"damage_taken":[{"damage":0,"enemies":"2 Louse","floor":1,"turns":2},{"damage":0,"enemies":"Small Slimes","floor":4,"turns":3},{"damage":0,"enemies":"Cultist","floor":5,"turns":3},{"damage":8,"enemies":"3 Sentries","floor":6,"turns":8},{"damage":0,"enemies":"Exordium Thugs","floor":10,"turns":5},{"damage":15,"enemies":"Gremlin Nob","floor":11,"turns":4},{"damage":10,"enemies":"Looter","floor":12,"turns":2},{"damage":6,"enemies":"Exordium Wildlife","floor":14,"turns":3},{"damage":30,"enemies":"The Guardian","floor":16,"turns":7},{"damage":25,"enemies":"Shell Parasite","floor":18,"turns":5},{"damage":6,"enemies":"Book of Stabbing","floor":23,"turns":5},{"damage":12,"enemies":"2 Thieves","floor":24,"turns":5},{"damage":17,"enemies":"Gremlin Leader","floor":25,"turns":7},{"damage":7,"enemies":"3 Cultists","floor":27,"turns":6},{"damage":4,"enemies":"Shelled Parasite and Fungi","floor":29,"turns":4},{"damage":8,"enemies":"Snake Plant","floor":30,"turns":4},{"damage":24,"enemies":"Snecko","floor":31,"turns":5},{"damage":3,"enemies":"Collector","floor":33,"turns":9},{"damage":2,"enemies":"3 Shapes","floor":35,"turns":6},{"damage":1,"enemies":"Orb Walker","floor":38,"turns":3},{"damage":2,"enemies":"Transient","floor":39,"turns":5},{"damage":9,"enemies":"3 Darklings","floor":41,"turns":6},{"damage":15,"enemies":"Sphere and 2 Shapes","floor":44,"turns":5},{"damage":26,"enemies":"Writhing Mass","floor":45,"turns":7},{"damage":29,"enemies":"Spire Growth","floor":46,"turns":6},{"damage":67,"enemies":"Giant Head","floor":47,"turns":8},{"damage":59,"enemies":"Awakened One","floor":50,"turns":12},{"damage":50,"enemies":"Shield and Spear","floor":54,"turns":7},{"damage":71,"enemies":"The Heart","floor":55,"turns":9}],"seed_played":"-414777454203449661","potions_obtained":[{"floor":1,"key":"EntropicBrew"},{"floor":6,"key":"SteroidPotion"},{"floor":12,"key":"LiquidBronze"},{"floor":23,"key":"PowerPotion"},{"floor":25,"key":"GamblersBrew"},{"floor":27,"key":"Fire Potion"},{"floor":29,"key":"GhostInAJar"},{"floor":30,"key":"SteroidPotion"},{"floor":31,"key":"CunningPotion"},{"floor":33,"key":"SneckoOil"},{"floor":34,"key":"Explosive Potion"},{"floor":35,"key":"Fire Potion"},{"floor":38,"key":"SteroidPotion"},{"floor":39,"key":"FairyPotion"},{"floor":46,"key":"EssenceOfSteel"},{"floor":47,"key":"Fruit Juice"},{"floor":54,"key":"Strength Potion"}],"is_trial":false,"path_per_floor":["M","?","?","M","M","E","R","$","T","M","E","M","T","M","R","B",null,"M","?","?","$","?","E","M","E","T","M","?","M","M","M","R","B",null,"M","$","?","M","M","R","M","R","T","M","M","M","E","$","R","B",null,"R","$","E","B"],"character_chosen":"THE_SILENT","items_purchased":["Caltrops","Flying Knee","Anchor","Caltrops","Sadistic Nature","Accuracy","OrangePellets","Noxious Fumes","Cloak And Dagger"],"campfire_rested":1,"item_purchase_floors":[8,8,21,21,36,36,48,48,53],"current_hp_per_floor":[70,63,63,63,63,55,55,55,55,59,50,46,46,46,46,24,70,51,35,35,35,41,37,33,30,30,35,35,41,35,19,31,39,46,46,46,52,51,52,52,47,47,47,40,28,22,46,46,46,15,62,62,62,30,0,0],"gold":35,"neow_bonus":"UPGRADE_CARD","is_daily":false,"chose_seed":false,"campfire_upgraded":5,"win_rate":0.0,"timestamp":1612416163,"path_taken":["M","?","?","M","?","E","R","$","T","M","E","M","?","M","R","BOSS","M","?","?","?","?","E","M","E","T","M","?","M","?","M","R","BOSS","M","$","?","M","M","R","M","R","T","M","?","M","E","?","R","BOSS","R","$","E","BOSS"],"items_purchased_type":["Card","Card","Relic","Card","Card","Card","Relic","Card","Card"],"build_version":"2020-12-22","purchased_purges":0,"victory":false,"max_hp_per_floor":[70,70,70,70,70,70,70,70,70,70,70,70,70,70,70,70,70,70,35,35,35,41,41,41,41,41,41,41,41,41,41,41,41,46,46,46,52,52,52,52,52,52,52,52,52,52,62,62,62,62,62,62,62,62,62,62],"card_choices":[{"not_picked":["Dash","Deadly Poison"],"picked":"Poisoned Stab","floor":1},{"not_picked":["Sucker Punch","Escape Plan"],"picked":"Blade Dance","floor":4},{"not_picked":["Dodge and Roll","PiercingWail"],"picked":"Leg Sweep","floor":5},{"not_picked":["Bane","Deadly Poison"],"picked":"Caltrops","floor":6},{"not_picked":["Eviscerate","Predator"],"picked":"Noxious Fumes","floor":10},{"not_picked":["PiercingWail","Distraction"],"picked":"Reflex","floor":11},{"not_picked":["Flying Knee","Leg Sweep"],"picked":"Phantasmal Killer","floor":12},{"not_picked":["Underhanded Strike","Endless Agony"],"picked":"Accuracy","floor":14},{"not_picked":["Escape Plan","Bane","Acrobatics+1"],"picked":"SKIP","floor":18},{"not_picked":["Endless Agony","Flying Knee","Riddle With Holes"],"picked":"SKIP","floor":23},{"not_picked":["Deflect+1","Flying Knee+1"],"picked":"Calculated Gamble","floor":24},{"not_picked":["Cloak And Dagger","PiercingWail"],"picked":"Footwork+1","floor":25},{"not_picked":["Quick Slash+1","Riddle With Holes"],"picked":"Caltrops+1","floor":27},{"not_picked":["Glass Knife","Deflect"],"picked":"All Out Attack","floor":29},{"not_picked":["Underhanded Strike+1","Reflex"],"picked":"Finisher+1","floor":30},{"not_picked":["Bane","Riddle With Holes","Catalyst+1"],"picked":"SKIP","floor":31},{"not_picked":["Unload","Glass Knife"],"picked":"Storm of Steel","floor":33},{"not_picked":["Acrobatics+1","Slice"],"picked":"Dagger Spray+1","floor":34},{"not_picked":["Sucker Punch+1","Distraction+1"],"picked":"Cloak And Dagger+1","floor":35},{"not_picked":["Bane","Endless Agony"],"picked":"Backflip+1","floor":38},{"not_picked":["Setup","Dagger Throw"],"picked":"Prepared+1","floor":39},{"not_picked":["PiercingWail+1","Heel Hook+1","Flechettes"],"picked":"SKIP","floor":41},{"not_picked":["Wraith Form v2","Endless Agony+1"],"picked":"Backflip+1","floor":44},{"not_picked":["Prepared","Blade Dance+1"],"picked":"Noxious Fumes+1","floor":45},{"not_picked":["Slice+1","Quick Slash+1"],"picked":"Prepared+1","floor":46},{"not_picked":["Heel Hook","Prepared"],"picked":"Cloak And Dagger","floor":47},{"not_picked":["PiercingWail","Poisoned Stab"],"picked":"Cloak And Dagger+1","floor":54}],"player_experience":2129993,"relics_obtained":[{"floor":6,"key":"Bird Faced Urn"},{"floor":9,"key":"Ninja Scroll"},{"floor":11,"key":"Paper Crane"},{"floor":13,"key":"Matryoshka"},{"floor":23,"key":"Bottled Tornado"},{"floor":25,"key":"StoneCalendar"},{"floor":26,"key":"Potion Belt"},{"floor":26,"key":"White Beast Statue"},{"floor":43,"key":"Toy Ornithopter"},{"floor":47,"key":"Incense Burner"},{"floor":54,"key":"Orichalcum"}],"event_choices":[{"cards_removed":["Strike_G"],"damage_healed":0,"gold_gain":0,"player_choice":"Card Removal","damage_taken":7,"max_hp_gain":0,"max_hp_loss":0,"event_name":"Golden Wing","floor":2,"gold_loss":0},{"cards_removed":["Defend_G"],"damage_healed":0,"gold_gain":0,"player_choice":"Purged","damage_taken":0,"max_hp_gain":0,"max_hp_loss":0,"event_name":"Purifier","floor":3,"gold_loss":0},{"damage_healed":0,"gold_gain":0,"player_choice":"Became a Ghost","damage_taken":0,"max_hp_gain":0,"max_hp_loss":35,"event_name":"Ghosts","floor":19,"gold_loss":0,"cards_obtained":["Ghostly","Ghostly","Ghostly","Ghostly","Ghostly"]},{"damage_healed":0,"gold_gain":0,"player_choice":"Ignored","damage_taken":0,"max_hp_gain":0,"max_hp_loss":0,"event_name":"Vampires","floor":20,"gold_loss":0},{"damage_healed":0,"gold_gain":0,"player_choice":"Stole Relic","damage_taken":0,"relics_obtained":["Darkstone Periapt"],"max_hp_gain":0,"max_hp_loss":0,"event_name":"Addict","floor":22,"gold_loss":0,"cards_obtained":["Shame"]},{"cards_removed":["Shame"],"damage_healed":0,"gold_gain":0,"player_choice":"Offered Curse","damage_taken":0,"relics_obtained":["Spirit Poop"],"max_hp_gain":0,"max_hp_loss":0,"event_name":"Bonfire Elementals","floor":28,"gold_loss":0},{"damage_healed":0,"gold_gain":0,"player_choice":"Rummage","damage_taken":0,"relics_obtained":["WarpedTongs"],"max_hp_gain":0,"max_hp_loss":0,"event_name":"Accursed Blacksmith","floor":37,"gold_loss":0,"cards_obtained":["Pain"]}],"is_beta":false,"boss_relics":[{"not_picked":["Snecko Eye","Ectoplasm"],"picked":"SacredBark"},{"not_picked":["SlaversCollar","Velvet Choker"],"picked":"Tiny House"}],"items_purged_floors":[],"is_endless":false,"potions_floor_spawned":[1,6,12,23,25,27,29,30,31,33,35,38,39,41,44,45,46,47,54],"killed_by":"The Heart","ascension_level":0}}