{"host":"c2vrdknshfutmcsq","time":1612468490,"event":{"mods":["BaseMod","Minty Spire (QoL Compilation)"],"gold_per_floor":[119,135,135,159,180,221,221,244,244,262,275,289,304,324,324,324,324],"floor_reached":16,"language":"ENG","playtime":842,"items_purged":[],"score":215,"play_id":"893ee830-c8e1-49ee-bc74-d48a453bd92a","local_time":"20210204205450","is_ascension_mode":true,"campfire_choices":[{"data":"Dualcast","floor":7.0,"key":"SMITH"},{"floor":15.0,"key":"REST"}],"circlet_count":0,"master_deck":["AscendersBane","Strike_B","Strike_B","Strike_B","Strike_B","Defend_B","Defend_B","Defend_B","Defend_B","Zap","Dualcast+1","Dramatic Entrance","Compile Driver","Rebound","Injury","Doom and Gloom","Lockon","FTL+1","Cold Snap+1","Capacitor","Go for the Eyes+1","Sunder+1","Melter+1","Conserve Battery"],"relics":["Cracked Core","Golden Idol","Molten Egg 2","Pear"],"acts_visited":["Exordium"],"potions_floor_usage":[],"damage_taken":[{"damage":2.0,"enemies":"Jaw Worm","floor":1.0,"turns":2.0},{"damage":0.0,"enemies":"Small Slimes","floor":2.0,"turns":2.0},{"damage":7.0,"enemies":"2 Louse","floor":4.0,"turns":2.0},{"damage":7.0,"enemies":"Exordium Wildlife","floor":5.0,"turns":3.0},{"damage":36.0,"enemies":"Gremlin Nob","floor":6.0,"turns":4.0},{"damage":0.0,"enemies":"Lots of Slimes","floor":8.0,"turns":2.0},{"damage":14.0,"enemies":"Exordium Thugs","floor":10.0,"turns":6.0},{"damage":13.0,"enemies":"3 Louse","floor":11.0,"turns":2.0},{"damage":0.0,"enemies":"Looter","floor":12.0,"turns":1.0},{"damage":6.0,"enemies":"Exordium Wildlife","floor":13.0,"turns":2.0},{"damage":1.0,"enemies":"2 Fungi Beasts","floor":14.0,"turns":2.0},{"damage":26,"enemies":"The Guardian","floor":16,"turns":9}],"seed_played":"-3072914832891016113","potions_obtained":[{"floor":4.0,"key":"Regen Potion"},{"floor":6.0,"key":"GamblersBrew"},{"floor":10.0,"key":"Ancient Potion"},{"floor":11.0,"key":"AttackPotion"},{"floor":12.0,"key":"DistilledChaos"}],"is_trial":false,"path_per_floor":["M","M","?","M","M","E","R","M","T","M","M","M","M","M","R","B"],"character_chosen":"DEFECT","items_purchased":[],"campfire_rested":1,"item_purchase_floors":[],"current_hp_per_floor":[62,62,62,55,48,12,12,12,22,23,10,10,4,3,27,1,1],"gold":324,"neow_bonus":"RANDOM_COLORLESS","is_daily":false,"chose_seed":false,"campfire_upgraded":1,"win_rate":0.0,"timestamp":1612468490,"path_taken":["M","M","?","M","M","E","R","M","T","M","M","M","M","M","R","BOSS"],"items_purchased_type":[],"build_version":"2020-12-22","purchased_purges":0,"victory":false,"max_hp_per_floor":[71,71,71,71,71,71,71,71,81,81,81,81,81,81,81,81,81],"card_choices":[{"not_picked":["Blind","Bandage Up"],"picked":"Dramatic Entrance","floor":0.0},{"not_picked":["Rebound","Turbo"],"picked":"Compile Driver","floor":1.0},{"not_picked":["Sweeping Beam","Aggregate"],"picked":"Rebound","floor":2.0},{"not_picked":["Go for the Eyes","Ball Lightning"],"picked":"Doom and Gloom","floor":4.0},{"not_picked":["Skim","Conserve Battery"],"picked":"Lockon","floor":5.0},{"not_picked":["Biased Cognition","Beam Cell+1"],"picked":"FTL+1","floor":6.0},{"not_picked":["Redo","Steam"],"picked":"Cold Snap+1","floor":8.0},{"not_picked":["Heatsinks","Self Repair"],"picked":"Capacitor","floor":10.0},{"not_picked":["Chaos","Rebound+1"],"picked":"Go for the Eyes+1","floor":11.0},{"not_picked":["Fission","Heatsinks"],"picked":"Sunder+1","floor":12.0},{"not_picked":["Beam Cell+1","Rebound+1"],"picked":"Melter+1","floor":13.0},{"not_picked":["Cold Snap+1","Melter+1"],"picked":"Conserve Battery","floor":14.0}],"player_experience":1344505,"relics_obtained":[{"floor":6.0,"key":"Molten Egg 2"},{"floor":9.0,"key":"Pear"}],"event_choices":[{"damage_healed":0.0,"max_hp_gain":0.0,"max_hp_loss":0.0,"gold_gain":0.0,"event_name":"Golden Idol","player_choice":"Take Wound","floor":3.0,"gold_loss":0.0,"damage_taken":0.0,"relics_obtained":["Golden Idol"],"cards_obtained":["Injury"]}],"is_beta":false,"boss_relics":[],"items_purged_floors":[],"is_endless":false,"potions_floor_spawned":[4,6,8,10,11,12],"killed_by":"The Guardian","ascension_level":19}}