{"host":"x5w9zppki4gdwvc7","time":1612449873,"event":{"mods":["AchievementEnabler","BaseMod","Colored Powertips","DeckTracker","Minty Spire (QoL Compilation)"],"gold_per_floor":[114,114,131,131,56,56,90,118,193,193,193,226,245,262,262,368,368,397,59,9,18,64,64,81,100,127,147,147,173,193,204,204,308,308,327,327,347,370,89,89,115,115,142,159,159,88,88,108,108,108],"floor_reached":51,"language":"ENG","playtime":3620,"items_purged":["Strike_B","Strike_B","Strike_B"],"score":729,"play_id":"00217501-d220-4da4-83ab-d8921e27fd5d","local_time":"20210204154433","is_ascension_mode":true,"campfire_choices":[{"data":"Zap","floor":6,"key":"SMITH"},{"data":"Glacier","floor":10,"key":"SMITH"},{"data":"Hologram","floor":15,"key":"SMITH"},{"data":"Defragment","floor":23,"key":"SMITH"},{"data":"Glacier","floor":32,"key":"SMITH"},{"floor":40,"key":"REST"},{"data":"Self Repair","floor":42,"key":"SMITH"},{"data":"Self Repair","floor":45,"key":"SMITH"},{"data":"Core Surge","floor":49,"key":"SMITH"}],"circlet_count":0,"master_deck":["Strike_B","Defend_B","Defend_B","Defend_B","Zap+1","Dualcast","Coolheaded","Glacier+1","Hologram+1","Core Surge+1","Glacier+1","Self Repair+1","Defragment+1","Gash+1","Self Repair+1","Go for the Eyes+1","Capacitor+1","Barrage+1"],"relics":["Cracked Core","NeowsBlessing","CeramicFish","Cables","Orichalcum","SlaversCollar","Letter Opener","DataDisk","Boot","Akabeko","Nuclear Battery","Bag of Preparation","Art of War"],"acts_visited":["Exordium","TheCity","TheBeyond"],"potions_floor_usage":[14,16,16,16,33,33,37,38,50,50,50,50,50],"damage_taken":[{"damage":0,"enemies":"Cultist","floor":1,"turns":1},{"damage":0,"enemies":"Jaw Worm","floor":3,"turns":1},{"damage":0,"enemies":"3 Sentries","floor":7,"turns":1},{"damage":0,"enemies":"Small Slimes","floor":8,"turns":3},{"damage":10,"enemies":"Lagavulin","floor":12,"turns":12},{"damage":6,"enemies":"Exordium Thugs","floor":13,"turns":7},{"damage":0,"enemies":"3 Louse","floor":14,"turns":6},{"damage":61,"enemies":"Slime Boss","floor":16,"turns":23},{"damage":10,"enemies":"Chosen","floor":18,"turns":9},{"damage":12,"enemies":"2 Thieves","floor":20,"turns":4},{"damage":5,"enemies":"Centurion and Healer","floor":24,"turns":21},{"damage":11,"enemies":"Sentry and Sphere","floor":25,"turns":9},{"damage":0,"enemies":"Snecko","floor":27,"turns":7},{"damage":15,"enemies":"Shelled Parasite and Fungi","floor":30,"turns":6},{"damage":3,"enemies":"Snake Plant","floor":31,"turns":6},{"damage":41,"enemies":"Collector","floor":33,"turns":19},{"damage":0,"enemies":"3 Shapes","floor":35,"turns":6},{"damage":15,"enemies":"3 Darklings","floor":37,"turns":8},{"damage":60,"enemies":"Maw","floor":38,"turns":13},{"damage":24,"enemies":"Writhing Mass","floor":41,"turns":9},{"damage":0,"enemies":"Jaw Worm Horde","floor":44,"turns":7},{"damage":24,"enemies":"3 Darklings","floor":48,"turns":9},{"damage":18,"enemies":"Awakened One","floor":50,"turns":15}],"seed_played":"-3661579081035859205","potions_obtained":[{"floor":1,"key":"FearPotion"},{"floor":7,"key":"Weak Potion"},{"floor":8,"key":"EssenceOfSteel"},{"floor":14,"key":"ColorlessPotion"},{"floor":24,"key":"Strength Potion"},{"floor":27,"key":"Fire Potion"},{"floor":30,"key":"SteroidPotion"},{"floor":31,"key":"CultistPotion"},{"floor":33,"key":"PowerPotion"},{"floor":38,"key":"Explosive Potion"},{"floor":44,"key":"Strength Potion"},{"floor":48,"key":"EntropicBrew"}],"is_trial":false,"path_per_floor":["M","$","M","?","$","R","E","M","T","R","?","E","M","M","R","B",null,"M","$","M","?","T","R","M","M","T","M","?","T","M","M","R","B",null,"M","?","M","M","$","R","M","R","T","M","R","$","?","M","R","B",null],"character_chosen":"DEFECT","items_purchased":["Letter Opener","Bag of Preparation","Capacitor"],"campfire_rested":1,"item_purchase_floors":[19,39,46],"current_hp_per_floor":[75,75,75,80,80,80,80,80,80,80,80,70,64,64,64,3,80,70,70,58,58,58,58,60,56,56,63,63,63,55,59,59,25,80,80,80,72,19,19,43,33,33,33,50,50,50,50,46,46,48],"gold":108,"neow_bonus":"THREE_ENEMY_KILL","is_daily":false,"chose_seed":false,"campfire_upgraded":8,"win_rate":0.0,"timestamp":1612449873,"path_taken":["M","?","M","?","$","R","E","M","T","R","?","E","?","M","R","BOSS","M","$","M","?","?","R","M","M","T","M","?","?","M","?","R","BOSS","M","?","M","M","$","R","M","R","T","?","R","?","?","?","R","BOSS"],"items_purchased_type":["Relic","Relic","Card"],"build_version":"2020-12-22","purchased_purges":3,"victory":true,"max_hp_per_floor":[75,75,75,80,80,80,80,80,80,80,80,80,80,80,80,80,80,80,80,80,80,80,80,80,80,80,80,80,80,80,80,80,80,80,80,80,80,80,80,80,80,80,80,80,80,80,80,80,80,80],"card_choices":[{"not_picked":["Lockon","Hologram"],"picked":"Coolheaded","floor":1},{"not_picked":["Reinforced Body","Scrape","Barrage"],"picked":"SKIP","floor":3},{"not_picked":["Cold Snap","Sunder"],"picked":"Glacier","floor":7},{"not_picked":["Sweeping Beam","Genetic Algorithm"],"picked":"Hologram","floor":8},{"not_picked":["Static Discharge","Gash","Conserve Battery"],"picked":"SKIP","floor":12},{"not_picked":["Doom and Gloom","Auto Shields","Streamline"],"picked":"SKIP","floor":13},{"not_picked":["Coolheaded","Redo","Chaos"],"picked":"SKIP","floor":14},{"not_picked":["Creative AI","Machine Learning"],"picked":"Core Surge","floor":16},{"not_picked":["Reprogram","Compile Driver"],"picked":"Glacier","floor":18},{"not_picked":["Redo+1","Gash"],"picked":"Self Repair","floor":20},{"not_picked":["Streamline","Hologram","Sweeping Beam"],"picked":"SKIP","floor":24},{"not_picked":["Skim","Coolheaded"],"picked":"Gash+1","floor":25},{"not_picked":["Streamline","Redo+1","Ball Lightning+1"],"picked":"SKIP","floor":27},{"not_picked":["Ball Lightning","Sweeping Beam+1","Hologram+1"],"picked":"SKIP","floor":30},{"not_picked":["Leap+1","Skim+1","Conserve Battery"],"picked":"SKIP","floor":31},{"not_picked":["Reprogram+1","Coolheaded+1","Melter"],"picked":"SKIP","floor":35},{"not_picked":["Beam Cell","Steam","Streamline+1"],"picked":"SKIP","floor":37},{"not_picked":["Cold Snap","Coolheaded+1"],"picked":"Self Repair","floor":38},{"not_picked":["Loop","Steam+1"],"picked":"Go for the Eyes+1","floor":41},{"not_picked":["Tempest+1","Electrodynamics","Compile Driver"],"picked":"SKIP","floor":44},{"not_picked":["Ball Lightning+1","Coolheaded"],"picked":"Barrage+1","floor":48}],"player_experience":472069,"relics_obtained":[{"floor":7,"key":"CeramicFish"},{"floor":9,"key":"Cables"},{"floor":12,"key":"Orichalcum"},{"floor":22,"key":"DataDisk"},{"floor":26,"key":"Boot"},{"floor":29,"key":"Akabeko"},{"floor":43,"key":"Art of War"}],"event_choices":[{"damage_healed":0,"gold_gain":0,"player_choice":"Donut","damage_taken":0,"max_hp_gain":5,"max_hp_loss":0,"event_name":"Big Fish","floor":4,"gold_loss":0},{"damage_healed":0,"gold_gain":0,"player_choice":"Full Heal","damage_taken":0,"max_hp_gain":0,"max_hp_loss":0,"event_name":"Wheel of Change","floor":11,"gold_loss":0},{"damage_healed":0,"gold_gain":0,"player_choice":"Read","damage_taken":0,"max_hp_gain":0,"max_hp_loss":0,"event_name":"The Library","floor":21,"gold_loss":0,"cards_obtained":["Defragment"]},{"damage_healed":0,"gold_gain":0,"player_choice":"Ignored","damage_taken":0,"max_hp_gain":0,"max_hp_loss":0,"event_name":"The Mausoleum","floor":28,"gold_loss":0},{"cards_removed":["Defend_B"],"damage_healed":0,"gold_gain":0,"player_choice":"Offered Basic","damage_taken":0,"max_hp_gain":0,"max_hp_loss":0,"event_name":"Bonfire Elementals","floor":36,"gold_loss":0},{"damage_healed":0,"gold_gain":0,"player_choice":"Forge","damage_taken":0,"max_hp_gain":0,"max_hp_loss":0,"event_name":"Accursed Blacksmith","floor":47,"gold_loss":0,"cards_upgraded":["Capacitor"]}],"is_beta":false,"boss_relics":[{"not_picked":["Pandora\u0027s Box","Tiny House"],"picked":"SlaversCollar"},{"not_picked":["Runic Pyramid","Cursed Key"],"picked":"Nuclear Battery"}],"items_purged_floors":[5,19,39],"is_endless":false,"potions_floor_spawned":[1,7,8,14,24,27,30,31,33,38,44,48],"ascension_level":3}}