{"host":"7gewg82ormp6yt4e","time":1612443723,"event":{"mods":["BaseMod","Block Reminder","Colored Map","DeckTracker","Highlight Path","Minty Spire (QoL Compilation)","Relic Stats","StSLib","ojb\u0027s Info Mod"],"gold_per_floor":[114,114,125,138,157,157,190,190,190,205,205,233,291,320,320,397,397,407,32,32,10,10,10,25,52,79,79,79,79,41,41,41],"floor_reached":31,"language":"JPN","playtime":1551,"items_purged":["Strike_P"],"score":588,"play_id":"be402d17-07c4-48d3-9848-cfca4fa63468","local_time":"20210204220203","is_ascension_mode":true,"campfire_choices":[{"data":"WindmillStrike","floor":6.0,"key":"SMITH"},{"floor":11.0,"key":"REST"},{"floor":15.0,"key":"REST"},{"floor":23.0,"key":"REST"},{"data":"Devotion","floor":27.0,"key":"SMITH"},{"data":"WaveOfTheHand","floor":29.0,"key":"SMITH"}],"circlet_count":0,"master_deck":["AscendersBane","Strike_P","Strike_P","Defend_P","Defend_P","Defend_P","Defend_P","Eruption","Vigilance","FollowUp","Adaptation","CrushJoints","WindmillStrike+1","Crescendo","WheelKick","Consecrate","Wireheading","SpiritShield","ClearTheMind","Panacea","WaveOfTheHand+1","Devotion+1","FearNoEvil","SashWhip+1","Sanctity"],"relics":["PureWater","Ice Cream","Bottled Flame","InkBottle","Dream Catcher","SlaversCollar","Membership Card","Vajra","Lantern","Nloth\u0027s Gift"],"acts_visited":["Exordium","TheCity"],"potions_floor_usage":[31],"damage_taken":[{"damage":0.0,"enemies":"Small Slimes","floor":1.0,"turns":2.0},{"damage":0.0,"enemies":"Cultist","floor":3.0,"turns":3.0},{"damage":3.0,"enemies":"2 Louse","floor":4.0,"turns":4.0},{"damage":12.0,"enemies":"2 Fungi Beasts","floor":5.0,"turns":3.0},{"damage":36.0,"enemies":"3 Sentries","floor":7.0,"turns":10.0},{"damage":1.0,"enemies":"Exordium Thugs","floor":10.0,"turns":3.0},{"damage":10.0,"enemies":"Lagavulin","floor":12.0,"turns":5.0},{"damage":20.0,"enemies":"3 Sentries","floor":14.0,"turns":5.0},{"damage":29.0,"enemies":"The Guardian","floor":16.0,"turns":7.0},{"damage":20.0,"enemies":"2 Thieves","floor":18.0,"turns":4.0},{"damage":6.0,"enemies":"Spheric Guardian","floor":24.0,"turns":3.0},{"damage":23.0,"enemies":"Gremlin Leader","floor":25.0,"turns":5.0},{"damage":27,"enemies":"Shelled Parasite and Fungi","floor":31,"turns":7}],"seed_played":"-2832599243752283847","potions_obtained":[{"floor":3.0,"key":"Dexterity Potion"},{"floor":5.0,"key":"BottledMiracle"},{"floor":7.0,"key":"Swift Potion"},{"floor":14.0,"key":"BlessingOfTheForge"},{"floor":16.0,"key":"Fruit Juice"},{"floor":25.0,"key":"BlessingOfTheForge"}],"is_trial":false,"path_per_floor":["M","?","M","M","M","R","E","?","T","M","R","E","?","E","R","B",null,"M","$","?","$","?","R","M","E","T","R","?","R","$","M"],"character_chosen":"WATCHER","items_purchased":["Membership Card","Toy Ornithopter","Vajra","Panacea","WaveOfTheHand"],"campfire_rested":3,"item_purchase_floors":[19,19,19,19,21],"current_hp_per_floor":[55,55,55,52,40,40,4,24,24,23,47,37,37,17,41,12,63,43,43,43,43,43,66,60,37,37,37,47,47,47,20,20],"gold":41,"neow_bonus":"TWENTY_PERCENT_HP_BONUS","is_daily":false,"chose_seed":false,"campfire_upgraded":3,"win_rate":0.0,"timestamp":1612443723,"path_taken":["M","?","M","?","M","R","E","?","T","M","R","E","?","E","R","BOSS","M","$","?","?","?","R","?","E","T","R","?","R","$","M"],"items_purchased_type":["Relic","Relic","Relic","Card","Card"],"build_version":"2020-12-22","purchased_purges":1,"victory":false,"max_hp_per_floor":[80,80,80,80,80,80,80,80,80,80,80,80,80,80,80,80,80,80,80,77,77,77,77,77,77,77,77,82,82,82,82,82],"relic_stats":{"Dream Catcher":2,"counters":[13,61],"Nloth\u0027s Gift":0,"obtain_stats":[{"Ice Cream":7,"SlaversCollar":17,"Bottled Flame":9,"Dream Catcher":14,"Lantern":25,"Vajra":19,"Nloth\u0027s Gift":28,"Membership Card":19,"PureWater":0,"InkBottle":12,"Toy Ornithopter":19},{"Ice Cream":5,"SlaversCollar":9,"Bottled Flame":5,"Dream Catcher":8,"Lantern":12,"Vajra":10,"Nloth\u0027s Gift":12,"Membership Card":10,"PureWater":0,"InkBottle":7,"Toy Ornithopter":10},{"Ice Cream":22,"SlaversCollar":42,"Bottled Flame":22,"Dream Catcher":35,"Lantern":54,"Vajra":46,"Nloth\u0027s Gift":54,"Membership Card":46,"PureWater":0,"InkBottle":30,"Toy Ornithopter":46}],"InkBottle":[10]},"card_choices":[{"not_picked":["Crescendo","Consecrate"],"picked":"FollowUp","floor":1.0},{"not_picked":["ReachHeaven","CutThroughFate"],"picked":"Adaptation","floor":3.0},{"not_picked":["JustLucky","Protect"],"picked":"CrushJoints","floor":4.0},{"not_picked":["Evaluate","ThirdEye"],"picked":"WindmillStrike","floor":5.0},{"not_picked":["FollowUp","Vengeance"],"picked":"Crescendo","floor":7.0},{"not_picked":["PathToVictory","ThirdEye"],"picked":"WheelKick","floor":10.0},{"not_picked":["Protect","CutThroughFate"],"picked":"Consecrate","floor":12.0},{"not_picked":["CarveReality","CutThroughFate"],"picked":"Wireheading","floor":14.0},{"not_picked":["MasterReality","Establishment"],"picked":"SpiritShield","floor":16.0},{"not_picked":["LikeWater","Evaluate"],"picked":"ClearTheMind","floor":18.0},{"not_picked":["Sanctity+1","Wireheading"],"picked":"FearNoEvil","floor":23.0},{"not_picked":["WheelKick","Halt"],"picked":"SashWhip+1","floor":24.0},{"not_picked":["ThirdEye","Protect"],"picked":"Sanctity","floor":25.0}],"player_experience":2775096,"relics_obtained":[{"floor":7.0,"key":"Ice Cream"},{"floor":9.0,"key":"Bottled Flame"},{"floor":12.0,"key":"InkBottle"},{"floor":14.0,"key":"Dream Catcher"},{"floor":25.0,"key":"Lantern"}],"event_choices":[{"cards_removed":["Strike_P"],"damage_healed":0.0,"max_hp_gain":0.0,"max_hp_loss":0.0,"gold_gain":0.0,"event_name":"Bonfire Elementals","player_choice":"Offered Basic","floor":2.0,"gold_loss":0.0,"damage_taken":0.0},{"damage_healed":20.0,"max_hp_gain":0.0,"max_hp_loss":0.0,"gold_gain":0.0,"event_name":"Mushrooms","player_choice":"Healed and dodged fight","floor":8.0,"gold_loss":0.0,"damage_taken":0.0,"cards_obtained":["Parasite"]},{"damage_healed":0.0,"max_hp_gain":0.0,"max_hp_loss":0.0,"gold_gain":58.0,"event_name":"Golden Wing","player_choice":"Gained Gold","floor":13.0,"gold_loss":0.0,"damage_taken":0.0},{"cards_removed":["Parasite"],"damage_healed":0.0,"max_hp_gain":0.0,"max_hp_loss":0.0,"gold_gain":0.0,"event_name":"Purifier","player_choice":"Purged","floor":20.0,"gold_loss":0.0,"damage_taken":0.0},{"damage_healed":0.0,"max_hp_gain":0.0,"max_hp_loss":0.0,"gold_gain":0.0,"event_name":"Match and Keep!","player_choice":"1 cards matched","floor":22.0,"gold_loss":0.0,"damage_taken":0.0,"cards_obtained":["Devotion"]},{"damage_healed":0.0,"max_hp_gain":0.0,"max_hp_loss":0.0,"gold_gain":0.0,"event_name":"N\u0027loth","player_choice":"Traded Relic","floor":28.0,"relics_lost":["Toy Ornithopter"],"gold_loss":0.0,"damage_taken":0.0,"relics_obtained":["Nloth\u0027s Gift"]}],"is_beta":false,"boss_relics":[{"not_picked":["Ectoplasm","Tiny House"],"picked":"SlaversCollar"}],"items_purged_floors":[30],"is_endless":false,"potions_floor_spawned":[3,5,7,14,16,25],"killed_by":"Shelled Parasite and Fungi","ascension_level":20}}