{"host":"pletss163z7s8pvv","time":1612410150,"event":{"mods":["AchievementEnabler","BaseMod","Better Altar","Better Match","Better Note","Better Sensory Stone","Better Skull","Better Third Choice","BetterRewards","CapriCore","ChefMod","Colored Map","Colored Powertips","Conspire","Energized Spire","Evolution","GifTheSpireLib","Hermit","Ironclad Rager","Marked Mod","Minty Spire (QoL Compilation)","Retaliation","Spicy Shops","StS++","StSLib","The Alterego","The Blue Laboratory","The Cursed","The Disciple","The Forsaken"],"gold_per_floor":[114,39,54,54,66,66,66,94,94,114,177,21,21,39,39,137,137,153,0,10,10,22,22,40,60,85,120,138,156,4,24,24,128,128,146,179,179,230,249,249,260,260,260,260,279,279,158,168,168,168,168,168,2,29,29],"floor_reached":56,"language":"ENG","playtime":1416,"items_purged":[],"score":1496,"play_id":"470e0aea-1464-4b7f-8e92-5dd1b84c58a3","local_time":"20210203214230","is_ascension_mode":false,"campfire_choices":[{"data":"StSpp:Saturation","floor":7,"key":"SMITH"},{"floor":15,"key":"RECALL"},{"data":"Zap","floor":23,"key":"SMITH"},{"data":"StSpp:TargetLocked","floor":32,"key":"SMITH"},{"floor":40,"key":"REST"},{"data":"1","floor":42,"key":"LIFT"},{"data":"Doubt","floor":44,"key":"PURGE"},{"data":"2","floor":46,"key":"LIFT"},{"floor":49,"key":"REST"},{"data":"Consume","floor":52,"key":"SMITH"}],"circlet_count":0,"master_deck":["Ball Lightning","Ball Lightning","Ball Lightning","Ball Lightning+1","Leap","Leap","Leap","Leap","Zap+1","Dualcast","Beam Cell","StSpp:Igniter+1","StSpp:Saturation+1","Ball Lightning","StSpp:Igniter+1","Barrage+1","Loop+1","Self Repair+1","Electrodynamics+1","Beam Cell+1","Sweeping Beam+1","TheCursedMod:Hemoplague+1","Beam Cell","Ball Lightning","StSpp:TargetLocked+1","Barrage","Tempest+1","Streamline","Static Discharge+1","Biased Cognition+1","Biased Cognition+1","Consume+1","Stack+1","Redo+1","Undo+1","Conserve Battery","Ball Lightning+1","Chaos+1","Static Discharge+1"],"relics":["Cracked Core","EVO:Axolotl","Lee\u0027s Waffle","Thread and Needle","conspire:IceCreamScoop","ClockworkSouvenir","Frozen Egg 2","HornCleat","HornCleat","Whetstone","Pandora\u0027s Box","Membership Card","Torii","Cursed Key","Dead Branch","Question Card","Girya","Peace Pipe","Runic Capacitor","Shuriken","StSpp:BrokenTotem"],"acts_visited":["Exordium","TheCity","TheBeyond","TheEnding"],"potions_floor_usage":[33,50,55],"damage_taken":[{"damage":0,"enemies":"Cultist","floor":1,"turns":2},{"damage":0,"enemies":"Small Slimes","floor":3,"turns":2},{"damage":8,"enemies":"2 Louse","floor":5,"turns":2},{"damage":12,"enemies":"Gremlin Nob","floor":8,"turns":3},{"damage":8,"enemies":"Blue Slaver","floor":10,"turns":2},{"damage":0,"enemies":"Gremlin Nob","floor":11,"turns":3},{"damage":9,"enemies":"Red Slaver","floor":14,"turns":2},{"damage":6,"enemies":"Slime Boss","floor":16,"turns":6},{"damage":0,"enemies":"Chosen","floor":18,"turns":3},{"damage":15,"enemies":"Shell Parasite","floor":20,"turns":4},{"damage":0,"enemies":"Snake Plant","floor":22,"turns":3},{"damage":3,"enemies":"Cultist and Chosen","floor":24,"turns":5},{"damage":0,"enemies":"Snecko","floor":25,"turns":3},{"damage":0,"enemies":"Book of Stabbing","floor":27,"turns":3},{"damage":8,"enemies":"Snake Plant","floor":28,"turns":3},{"damage":1,"enemies":"Shelled Parasite and Fungi","floor":29,"turns":4},{"damage":0,"enemies":"Snecko","floor":31,"turns":3},{"damage":27,"enemies":"Automaton","floor":33,"turns":6},{"damage":21,"enemies":"3 Darklings","floor":35,"turns":4},{"damage":22,"enemies":"conspire:MimicChest","floor":36,"turns":5},{"damage":8,"enemies":"2 Orb Walkers","floor":38,"turns":3},{"damage":0,"enemies":"Orb Walker","floor":39,"turns":2},{"damage":0,"enemies":"Sphere and 2 Shapes","floor":41,"turns":3},{"damage":0,"enemies":"Transient","floor":45,"turns":5},{"damage":27,"enemies":"Writhing Mass","floor":48,"turns":3},{"damage":41,"enemies":"Time Eater","floor":50,"turns":5},{"damage":49,"enemies":"Shield and Spear","floor":54,"turns":4},{"damage":30,"enemies":"The Heart","floor":55,"turns":5}],"seed_played":"-7934901201332234624","potions_obtained":[{"floor":10,"key":"Ancient Potion"},{"floor":13,"key":"Block Potion"},{"floor":13,"key":"blueLaboratory:SavagePotion"},{"floor":18,"key":"FairyPotion"},{"floor":54,"key":"FocusPotion"}],"is_trial":false,"path_per_floor":["M","?","M","?","M","$","R","E","T","M","?","$","?","M","R","B",null,"M","$","M","?","M","R","M","M","T","E","M","M","$","M","R","B",null,"M","?","?","?","M","R","M","R","T","R","M","R","$","M","R","B",null,"R","$","E","B",null],"character_chosen":"DEFECT","items_purchased":["Lee\u0027s Waffle","conspire:IceCreamScoop","ClockworkSouvenir","Whetstone","Membership Card","Static Discharge+1","blueLaboratory:CreativityPotion","Runic Capacitor","FairyPotion","Shuriken","PotionOfCapacity"],"campfire_rested":2,"item_purchase_floors":[0,0,0,12,19,30,30,47,47,53,53],"current_hp_per_floor":[86,86,86,86,78,78,78,66,66,58,58,58,58,49,49,53,86,86,86,71,71,71,71,68,78,78,86,78,86,86,86,86,69,86,75,53,53,45,45,70,80,80,80,80,80,80,80,63,86,45,86,86,86,37,17],"gold":29,"neow_bonus":"","is_daily":false,"chose_seed":false,"campfire_upgraded":4,"win_rate":0.0,"timestamp":1612410150,"path_taken":["M","?","M","?","M","$","R","E","T","?","?","$","?","?","R","BOSS","M","$","?","?","M","R","M","M","T","E","M","M","$","M","R","BOSS","M","?","?","?","M","R","M","R","T","R","M","R","$","M","R","BOSS","R","$","E","BOSS"],"items_purchased_type":["Relic","Relic","Relic","Relic","Relic","Card","Potion","Relic","Potion","Relic","Potion"],"build_version":"2020-12-22","purchased_purges":0,"victory":true,"max_hp_per_floor":[86,86,86,86,86,86,86,86,86,86,86,86,86,86,86,86,86,86,86,86,86,86,86,86,86,86,86,86,86,86,86,86,86,86,86,86,86,86,86,86,86,86,86,86,86,86,86,86,86,86,86,86,86,86,86],"card_choices":[{"not_picked":["Steam Power","Turbo"],"picked":"Beam Cell","floor":1},{"not_picked":["Hello World+1","conspire:Rain+1"],"picked":"StSpp:Igniter+1","floor":2},{"not_picked":["Cold Snap","conspire:Rain"],"picked":"StSpp:Saturation","floor":3},{"not_picked":["Coolheaded","Hologram"],"picked":"Ball Lightning","floor":5},{"not_picked":["Sweeping Beam","StSpp:Mask"],"picked":"StSpp:Igniter+1","floor":8},{"not_picked":["Streamline","Scrape"],"picked":"Barrage","floor":10},{"not_picked":["Rebound","Hologram"],"picked":"Loop+1","floor":11},{"not_picked":["Hologram","Turbo"],"picked":"Self Repair+1","floor":14},{"not_picked":["Rainbow","Hyperbeam"],"picked":"Electrodynamics+1","floor":16},{"not_picked":["StSpp:Pointer","Turbo"],"picked":"Beam Cell+1","floor":18},{"not_picked":["Aggregate","Cold Snap"],"picked":"Sweeping Beam+1","floor":20},{"not_picked":["Hologram","Streamline"],"picked":"Beam Cell","floor":22},{"not_picked":["Gash+1","Compile Driver"],"picked":"Ball Lightning","floor":24},{"not_picked":["Auto Shields","Conserve Battery"],"picked":"StSpp:TargetLocked","floor":25},{"not_picked":["Go for the Eyes+1","Darkness"],"picked":"Barrage","floor":27},{"not_picked":["Compile Driver","Steam Power"],"picked":"Tempest+1","floor":28},{"not_picked":["Hologram","Reprogram"],"picked":"Streamline","floor":29},{"not_picked":["Redo+1","Stack"],"picked":"Biased Cognition+1","floor":31},{"not_picked":["Core Surge","Multi-Cast"],"picked":"Biased Cognition+1","floor":33},{"not_picked":["Hologram","Steam+1"],"picked":"Consume","floor":35},{"not_picked":["Compile Driver","Rebound"],"picked":"Stack+1","floor":36},{"not_picked":["Gash+1","Steam+1","conspire:SharedLibrary+1"],"picked":"Redo+1","floor":38},{"not_picked":["Double Energy","Conserve Battery+1","Gash"],"picked":"Undo+1","floor":39},{"not_picked":["Leap+1","StSpp:MemoryLeak+1","Rebound+1"],"picked":"Conserve Battery","floor":41},{"not_picked":["Redo","Steam Power","conspire:Rain"],"picked":"Ball Lightning+1","floor":45},{"not_picked":["Beam Cell","Barrage+1","Streamline+1"],"picked":"Chaos+1","floor":48},{"not_picked":["Turbo+1","Hologram","Glacier"],"picked":"Static Discharge+1","floor":54}],"player_experience":488900,"relics_obtained":[{"floor":8,"key":"Frozen Egg 2"},{"floor":9,"key":"HornCleat"},{"floor":11,"key":"HornCleat"},{"floor":27,"key":"Torii"},{"floor":36,"key":"Dead Branch"},{"floor":38,"key":"Girya"},{"floor":43,"key":"Peace Pipe"},{"floor":54,"key":"StSpp:BrokenTotem"}],"event_choices":[{"damage_healed":0,"gold_gain":0,"player_choice":"2","damage_taken":0,"max_hp_gain":0,"max_hp_loss":0,"event_name":"betterMatch:BetterMatch","floor":2,"gold_loss":0,"cards_obtained":["betterMatch:UncommonCard"]},{"damage_healed":0,"gold_gain":0,"player_choice":"Ignored","damage_taken":0,"max_hp_gain":0,"max_hp_loss":0,"event_name":"Purifier","floor":4,"gold_loss":0},{"damage_healed":0,"gold_gain":30,"player_choice":"Searched \u00273\u0027 times","damage_taken":0,"max_hp_gain":0,"max_hp_loss":0,"event_name":"Dead Adventurer","floor":11,"gold_loss":0},{"damage_healed":0,"gold_gain":0,"player_choice":"Got Potions","damage_taken":0,"max_hp_gain":0,"max_hp_loss":0,"event_name":"Lab","floor":13,"gold_loss":0},{"cards_removed":["Self Repair"],"damage_healed":0,"gold_gain":0,"player_choice":"Take \u0026 Give","damage_taken":0,"max_hp_gain":0,"max_hp_loss":0,"event_name":"betterNote:BetterNote","floor":21,"gold_loss":0,"cards_obtained":["TheCursedMod:Hemoplague"]},{"damage_healed":0,"gold_gain":0,"player_choice":"Fight","damage_taken":0,"max_hp_gain":0,"max_hp_loss":0,"event_name":"Mysterious Sphere","floor":38,"gold_loss":0}],"is_beta":false,"boss_relics":[{"not_picked":["energizedSpire:HugeHouse","StSpp:CrystalBall"],"picked":"Pandora\u0027s Box"},{"not_picked":["energizedSpire:MagnifyingGlass","energizedSpire:DeadBattery"],"picked":"Cursed Key"}],"items_purged_floors":[],"is_endless":false,"potions_floor_spawned":[10,16,18,20,24,25,28,29,36,38,45,54],"ascension_level":0}}