{"host":"6q6idgl71g9ab7at","time":1612417208,"event":{"mods":["BaseMod","Minty Spire (QoL Compilation)","StSLib","SuperFastMode"],"gold_per_floor":[361,374,384,384,395,421,421,441,468,478,105,123,153,0,0,105,105,118,118,118,135,155,181,199,212,212,112,112,124,149,169,169,264,264,282,334,47,47,65,65,99,149,149,149,181,181,181,91,91,91],"floor_reached":51,"language":"KOR","playtime":978,"items_purged":["Fire Breathing","Defend_R"],"score":921,"play_id":"2cbc3d84-e572-4de4-ad8d-5123e395470b","local_time":"20210204144008","is_ascension_mode":true,"campfire_choices":[{"data":"Perfected Strike","floor":7,"key":"SMITH"},{"data":"Bash","floor":15,"key":"SMITH"},{"data":"Juggernaut","floor":28,"key":"SMITH"},{"floor":32,"key":"REST"},{"data":"1","floor":40,"key":"LIFT"},{"data":"Perfected Strike","floor":44,"key":"SMITH"},{"data":"Clothesline","floor":47,"key":"SMITH"},{"data":"Twin Strike","floor":49,"key":"SMITH"}],"circlet_count":0,"master_deck":["Strike_R","Strike_R","Strike_R","Strike_R","Strike_R+1","Bash+1","Thunderclap","Twin Strike","Cleave","Perfected Strike+1","Shrug It Off","Clothesline+1","Shrug It Off","Perfected Strike+1","Juggernaut+1","Twin Strike","Twin Strike+1","Ghostly Armor","Body Slam+1","Flame Barrier+1","Battle Trance+1","Pommel Strike+1","Impervious+1","Headbutt+1","Uppercut+1","Twin Strike+1","Perfected Strike+1"],"relics":["Burning Blood","Strawberry","Bag of Marbles","Torii","MealTicket","DollysMirror","Sozu","Nilry\u0027s Codex","Regal Pillow","Self Forming Clay","Pen Nib","Snecko Eye","Girya","Gambling Chip","Toxic Egg 2","Mango","Magic Flower","StoneCalendar"],"acts_visited":["Exordium","TheCity","TheBeyond"],"potions_floor_usage":[],"damage_taken":[{"damage":11,"enemies":"Jaw Worm","floor":1,"turns":3},{"damage":3,"enemies":"Small Slimes","floor":2,"turns":3},{"damage":5,"enemies":"Cultist","floor":3,"turns":4},{"damage":0,"enemies":"Large Slime","floor":5,"turns":5},{"damage":36,"enemies":"Lagavulin","floor":6,"turns":5},{"damage":9,"enemies":"2 Fungi Beasts","floor":8,"turns":3},{"damage":0,"enemies":"Lots of Slimes","floor":10,"turns":1},{"damage":0,"enemies":"Large Slime","floor":12,"turns":4},{"damage":14,"enemies":"Gremlin Nob","floor":13,"turns":3},{"damage":0,"enemies":"Slime Boss","floor":16,"turns":6},{"damage":1,"enemies":"Chosen","floor":18,"turns":3},{"damage":2,"enemies":"Shell Parasite","floor":21,"turns":2},{"damage":15,"enemies":"Snake Plant","floor":22,"turns":2},{"damage":25,"enemies":"Slavers","floor":23,"turns":4},{"damage":8,"enemies":"Centurion and Healer","floor":24,"turns":6},{"damage":10,"enemies":"Cultist and Chosen","floor":25,"turns":5},{"damage":21,"enemies":"Snake Plant","floor":29,"turns":2},{"damage":20,"enemies":"Book of Stabbing","floor":30,"turns":5},{"damage":11,"enemies":"Shelled Parasite and Fungi","floor":31,"turns":4},{"damage":59,"enemies":"Collector","floor":33,"turns":8},{"damage":22,"enemies":"3 Darklings","floor":35,"turns":4},{"damage":13,"enemies":"2 Orb Walkers","floor":36,"turns":3},{"damage":0,"enemies":"3 Shapes","floor":39,"turns":1},{"damage":10,"enemies":"Reptomancer","floor":41,"turns":3},{"damage":0,"enemies":"Mind Bloom Boss Battle","floor":42,"turns":1},{"damage":3,"enemies":"Nemesis","floor":45,"turns":3},{"damage":44,"enemies":"Time Eater","floor":50,"turns":5}],"seed_played":"-1595628637088910061","potions_obtained":[{"floor":1,"key":"ElixirPotion"},{"floor":2,"key":"SteroidPotion"},{"floor":3,"key":"ElixirPotion"},{"floor":10,"key":"Weak Potion"}],"is_trial":false,"path_per_floor":["M","M","M","?","M","E","R","M","T","M","$","M","E","$","R","B",null,"M","?","?","M","M","E","M","M","T","$","R","M","E","M","R","B",null,"M","?","$","?","M","R","E","?","T","R","E","?","R","?","R","B",null],"character_chosen":"IRONCLAD","items_purchased":["Torii","DollysMirror","Gambling Chip"],"campfire_rested":1,"item_purchase_floors":[11,14,37],"current_hp_per_floor":[51,54,55,48,54,31,31,28,28,34,34,40,32,47,47,53,87,87,71,71,75,66,47,45,41,41,56,56,41,27,22,63,10,87,71,64,79,79,85,85,81,101,101,101,101,96,96,96,96,61],"gold":91,"neow_bonus":"TWO_FIFTY_GOLD","is_daily":false,"chose_seed":false,"campfire_upgraded":6,"win_rate":0.0,"timestamp":1612417208,"path_taken":["M","M","M","?","M","E","R","M","T","M","$","M","E","$","R","BOSS","M","?","?","M","M","E","M","M","T","$","R","M","E","?","R","BOSS","M","?","$","?","?","R","E","?","T","R","E","?","R","?","R","BOSS"],"items_purchased_type":["Relic","Relic","Relic"],"build_version":"2020-12-22","purchased_purges":2,"victory":true,"max_hp_per_floor":[80,80,80,80,80,87,87,87,87,87,87,87,87,87,87,87,87,87,87,87,87,87,87,87,87,87,87,87,87,87,87,87,87,87,87,87,87,87,87,87,87,101,101,101,101,96,96,96,96,96],"card_choices":[{"not_picked":["Iron Wave","Heavy Blade"],"picked":"Thunderclap","floor":1},{"not_picked":["Sword Boomerang","Blood for Blood"],"picked":"Twin Strike","floor":2},{"not_picked":["Warcry","Intimidate"],"picked":"Fire Breathing","floor":3},{"not_picked":["True Grit","Sword Boomerang"],"picked":"Cleave","floor":5},{"not_picked":["Clothesline","Bloodletting"],"picked":"Perfected Strike","floor":6},{"not_picked":["Burning Pact","Cleave"],"picked":"Shrug It Off","floor":8},{"not_picked":["Pummel","Anger"],"picked":"Clothesline","floor":10},{"not_picked":["Clash","Hemokinesis"],"picked":"Shrug It Off","floor":12},{"not_picked":["Heavy Blade","Clothesline","Whirlwind"],"picked":"SKIP","floor":13},{"not_picked":["Bludgeon","Limit Break"],"picked":"Juggernaut","floor":16},{"not_picked":["Thunderclap","True Grit+1"],"picked":"Twin Strike","floor":18},{"not_picked":["Sword Boomerang","Armaments"],"picked":"Twin Strike","floor":21},{"not_picked":["True Grit","Shrug It Off"],"picked":"Ghostly Armor","floor":22},{"not_picked":["Shrug It Off","Clash+1"],"picked":"Body Slam+1","floor":23},{"not_picked":["True Grit","Armaments"],"picked":"Flame Barrier+1","floor":24},{"not_picked":["Rupture","Whirlwind+1","True Grit"],"picked":"SKIP","floor":25},{"not_picked":["Intimidate","Offering"],"picked":"Battle Trance+1","floor":29},{"not_picked":["Heavy Blade","Power Through"],"picked":"Pommel Strike+1","floor":30},{"not_picked":["Flex","True Grit","Pommel Strike"],"picked":"SKIP","floor":31},{"not_picked":["Reaper","Corruption"],"picked":"Impervious","floor":33},{"not_picked":["Flex+1","Pommel Strike"],"picked":"Headbutt+1","floor":35},{"not_picked":["Perfected Strike","Feed"],"picked":"Uppercut+1","floor":36},{"not_picked":["Disarm","Searing Blow"],"picked":"Twin Strike+1","floor":39},{"not_picked":["Cleave+1","Pummel"],"picked":"Perfected Strike","floor":41},{"not_picked":["Clothesline+1","Disarm+1","Rupture+1"],"picked":"SKIP","floor":45}],"player_experience":2059,"relics_obtained":[{"floor":6,"key":"Strawberry"},{"floor":9,"key":"Bag of Marbles"},{"floor":13,"key":"MealTicket"},{"floor":19,"key":"Nilry\u0027s Codex"},{"floor":23,"key":"Regal Pillow"},{"floor":26,"key":"Self Forming Clay"},{"floor":30,"key":"Pen Nib"},{"floor":36,"key":"Girya"},{"floor":41,"key":"Toxic Egg 2"},{"floor":42,"key":"Mango"},{"floor":43,"key":"Magic Flower"},{"floor":45,"key":"StoneCalendar"}],"event_choices":[{"cards_removed":["Defend_R"],"damage_healed":0,"gold_gain":0,"player_choice":"Card Removal","damage_taken":7,"max_hp_gain":0,"max_hp_loss":0,"event_name":"Golden Wing","floor":4,"gold_loss":0},{"damage_healed":0,"gold_gain":0,"player_choice":"Obtained Book","damage_taken":16,"max_hp_gain":0,"max_hp_loss":0,"event_name":"Cursed Tome","floor":19,"gold_loss":0},{"cards_removed":["Defend_R"],"damage_healed":0,"gold_gain":0,"player_choice":"Offered Basic","damage_taken":0,"max_hp_gain":0,"max_hp_loss":0,"event_name":"Bonfire Elementals","floor":20,"gold_loss":0},{"damage_healed":0,"gold_gain":0,"player_choice":"Fight","damage_taken":0,"max_hp_gain":0,"max_hp_loss":0,"event_name":"Mysterious Sphere","floor":36,"gold_loss":0},{"damage_healed":0,"gold_gain":0,"player_choice":"Upgraded","damage_taken":0,"max_hp_gain":0,"max_hp_loss":0,"event_name":"Upgrade Shrine","floor":38,"gold_loss":0,"cards_upgraded":["Impervious"]},{"damage_healed":0,"gold_gain":0,"player_choice":"Fight","damage_taken":0,"max_hp_gain":0,"max_hp_loss":0,"event_name":"MindBloom","floor":42,"gold_loss":0},{"damage_healed":0,"gold_gain":0,"player_choice":"Max HP","damage_taken":0,"max_hp_gain":0,"max_hp_loss":5,"event_name":"Winding Halls","floor":46,"gold_loss":0},{"cards_removed":["Defend_R"],"damage_healed":0,"gold_gain":0,"player_choice":"Upgrade and Remove","damage_taken":0,"max_hp_gain":0,"max_hp_loss":0,"event_name":"Designer","floor":48,"gold_loss":90,"cards_upgraded":["Strike_R"]}],"is_beta":false,"boss_relics":[{"not_picked":["Tiny House","Empty Cage"],"picked":"Sozu"},{"not_picked":["SacredBark","Mark of Pain"],"picked":"Snecko Eye"}],"items_purged_floors":[11,27],"is_endless":false,"potions_floor_spawned":[1,2,3,10,22,23,31,35,42,45],"ascension_level":1}}