{"host":"d9m9v0h6vo0edadb","time":1612481144,"event":{"mods":["BaseMod","Hermit","Keyboard Shortcuts","Minty Spire (QoL Compilation)","StSLib","SuperFastMode","The Cursed"],"gold_per_floor":[110,35,54,68,80,105,105,105,105,105,5,5,5,15,15,89,89,100,119,119,169,181,181,215,215,265,265,265],"floor_reached":27,"language":"KOR","playtime":381,"items_purged":["Strike_B","Strike_B"],"score":512,"play_id":"797c8235-9793-4dac-9786-ec4dbe8fdbb7","local_time":"20210205082544","is_ascension_mode":true,"campfire_choices":[{"floor":8,"key":"REST"},{"data":"Dualcast","floor":10,"key":"SMITH"},{"floor":12,"key":"REST"},{"data":"Aggregate","floor":15,"key":"SMITH"},{"data":"Loop","floor":23,"key":"SMITH"},{"data":"Seek","floor":25,"key":"SMITH"}],"circlet_count":0,"master_deck":["AscendersBane","Defend_B","Defend_B","Defend_B","Defend_B","Zap","Dualcast+1","Sweeping Beam","Cold Snap","Sweeping Beam","Ball Lightning","Aggregate+1","Seek+1","Cold Snap","Electrodynamics","FTL","Loop+1"],"relics":["Cracked Core","Anchor","Vajra","Runic Pyramid","Frozen Egg 2","Toy Ornithopter"],"acts_visited":["Exordium","TheCity"],"potions_floor_usage":[18,24],"damage_taken":[{"damage":0,"enemies":"2 Louse","floor":1,"turns":2},{"damage":4,"enemies":"Jaw Worm","floor":3,"turns":4},{"damage":5,"enemies":"Small Slimes","floor":4,"turns":3},{"damage":9,"enemies":"Exordium Wildlife","floor":5,"turns":4},{"damage":29,"enemies":"Gremlin Nob","floor":6,"turns":4},{"damage":0,"enemies":"Large Slime","floor":14,"turns":5},{"damage":27,"enemies":"The Guardian","floor":16,"turns":12},{"damage":0,"enemies":"3 Byrds","floor":18,"turns":2},{"damage":1,"enemies":"Chosen","floor":19,"turns":4},{"damage":7,"enemies":"Sentry and Sphere","floor":22,"turns":3},{"damage":0,"enemies":"Gremlin Leader","floor":24,"turns":5},{"damage":37,"enemies":"Book of Stabbing","floor":27,"turns":5}],"seed_played":"-3634402734282858032","potions_obtained":[{"floor":6,"key":"PotionOfCapacity"},{"floor":14,"key":"BlessingOfTheForge"},{"floor":19,"key":"ColorlessPotion"}],"is_trial":false,"path_per_floor":["M","$","M","M","M","E","?","R","T","R","$","R","?","M","R","B",null,"M","M","?","?","M","R","E","R","T","E"],"character_chosen":"DEFECT","items_purchased":[],"campfire_rested":2,"item_purchase_floors":[],"current_hp_per_floor":[71,71,67,62,53,24,17,40,40,40,40,63,63,63,63,36,68,68,67,45,45,38,38,38,38,38,1,1],"gold":265,"neow_bonus":"TEN_PERCENT_HP_BONUS","is_daily":false,"chose_seed":false,"campfire_upgraded":4,"win_rate":0.0,"timestamp":1612481144,"path_taken":["M","$","M","M","M","E","?","R","T","R","$","R","?","M","R","BOSS","M","M","?","?","M","R","E","R","T","E"],"items_purchased_type":[],"build_version":"2020-12-22","purchased_purges":2,"victory":false,"max_hp_per_floor":[78,78,78,78,78,78,78,78,78,78,78,78,78,78,78,78,78,78,78,83,83,83,83,83,83,83,83,83],"card_choices":[{"not_picked":["Compile Driver","Streamline"],"picked":"Sweeping Beam","floor":1},{"not_picked":["Undo","Streamline"],"picked":"Cold Snap","floor":3},{"not_picked":["Aggregate","Chaos"],"picked":"Sweeping Beam","floor":4},{"not_picked":["Beam Cell","Doom and Gloom"],"picked":"Ball Lightning","floor":5},{"not_picked":["Machine Learning","Chaos"],"picked":"Aggregate","floor":6},{"not_picked":["Gash","Barrage"],"picked":"Cold Snap","floor":14},{"not_picked":["Meteor Strike","Seek"],"picked":"Electrodynamics","floor":16},{"not_picked":["Sweeping Beam","Rebound+1","Cold Snap"],"picked":"SKIP","floor":18},{"not_picked":["Barrage","Rebound+1"],"picked":"FTL","floor":19},{"not_picked":["Conserve Battery","Go for the Eyes"],"picked":"Loop","floor":22},{"not_picked":["Barrage","Go for the Eyes","Fusion"],"picked":"SKIP","floor":24}],"player_experience":1006475,"relics_obtained":[{"floor":6,"key":"Anchor"},{"floor":9,"key":"Vajra"},{"floor":24,"key":"Frozen Egg 2"},{"floor":26,"key":"Toy Ornithopter"}],"event_choices":[{"cards_removed":["Strike_B"],"damage_healed":0,"gold_gain":0,"player_choice":"Card Removal","damage_taken":7,"max_hp_gain":0,"max_hp_loss":0,"event_name":"Golden Wing","floor":7,"gold_loss":0},{"damage_healed":0,"gold_gain":0,"cards_transformed":["Strike_B"],"player_choice":"Change","damage_taken":0,"max_hp_gain":0,"max_hp_loss":0,"event_name":"Living Wall","floor":13,"gold_loss":0,"cards_obtained":["Seek"]},{"damage_healed":0,"gold_gain":0,"player_choice":"Shed Blood","damage_taken":27,"max_hp_gain":5,"max_hp_loss":0,"event_name":"Forgotten Altar","floor":20,"gold_loss":0},{"damage_healed":0,"gold_gain":50,"player_choice":"Stole From Cult","damage_taken":0,"max_hp_gain":0,"max_hp_loss":0,"event_name":"Nest","floor":21,"gold_loss":0}],"is_beta":false,"boss_relics":[{"not_picked":["FrozenCore","Busted Crown"],"picked":"Runic Pyramid"}],"items_purged_floors":[2,11],"is_endless":false,"potions_floor_spawned":[6,14,16,19],"killed_by":"Book of Stabbing","ascension_level":20}}