{"host":"9e8t9l667fx7pth6","time":1612419765,"event":{"mods":["2.2 Compatiblity","AchievementEnabler","AlwaysNeverKeys","Aspiration","BaseMod","BetterRewards","Custom Start","Halation","Minty Spire (QoL Compilation)","Remove Card Discount Mod","StSLib","The Blue Laboratory"],"gold_per_floor":[114,124,124,124,147,485,498,531,531,562,562,583,583,641,641,732,732,745,19,35,35,35,35],"floor_reached":22,"language":"ENG","playtime":1203,"items_purged":["Defend_G","Strike_G","Strike_G","Strike_G","Strike_G","Strike_G","Heel Hook","Caltrops","Distraction"],"score":565,"play_id":"223b92a9-4865-4b7c-9620-988ea15efb72","local_time":"20210204012245","is_ascension_mode":true,"campfire_choices":[{"data":"1","floor":11,"key":"LIFT"},{"floor":13,"key":"REST"},{"floor":15,"key":"REST"}],"circlet_count":0,"master_deck":["AscendersBane","Defend_G","Defend_G","Defend_G","Defend_G","Survivor","Neutralize","Masterful Stab","Panacea","Noxious Fumes","Jack Of All Trades","Dagger Spray","Flying Knee","Caltrops","Sucker Punch","Backflip","Calculated Gamble","Endless Agony","Die Die Die","Quick Slash","Deadly Poison","Footwork","Mayhem","Backflip"],"relics":["Ring of the Snake","Ninja Scroll","Ice Cream","Peace Pipe","Golden Idol","Old Coin","Girya","aspiration:HiddenCompartment","Bottled Tornado","Pear","halation:PinkSoulGem"],"acts_visited":["Exordium","TheCity"],"potions_floor_usage":[6,6,8,10,10,16],"damage_taken":[{"damage":0,"enemies":"2 Louse","floor":1,"turns":1},{"damage":0,"enemies":"Small Slimes","floor":2,"turns":2},{"damage":2,"enemies":"Jaw Worm","floor":5,"turns":2},{"damage":12,"enemies":"Gremlin Nob","floor":6,"turns":3},{"damage":6,"enemies":"Large Slime","floor":7,"turns":5},{"damage":20,"enemies":"Lagavulin","floor":8,"turns":6},{"damage":16,"enemies":"Gremlin Nob","floor":10,"turns":4},{"damage":0,"enemies":"Blue Slaver","floor":12,"turns":2},{"damage":17,"enemies":"Lagavulin","floor":14,"turns":5},{"damage":19,"enemies":"The Guardian","floor":16,"turns":8},{"damage":34,"enemies":"Shell Parasite","floor":18,"turns":6},{"damage":10,"enemies":"Spheric Guardian","floor":20,"turns":4},{"damage":19,"enemies":"Centurion and Healer","floor":22,"turns":4}],"seed_played":"3713767032544397024","potions_obtained":[{"floor":6,"key":"CultistPotion"},{"floor":7,"key":"Weak Potion"},{"floor":8,"key":"blueLaboratory:NullPotion"},{"floor":14,"key":"BlessingOfTheForge"}],"is_trial":false,"path_per_floor":["M","M","?","?","M","E","M","E","T","E","R","M","R","E","R","B",null,"M","$","M","?","M"],"character_chosen":"THE_SILENT","items_purchased":["Caltrops","Ninja Scroll","Heel Hook","Masterful Stab","Peace Pipe","DistilledChaos","Panacea","PowerPotion","Noxious Fumes","Jack Of All Trades","Pear","blueLaboratory:SuffocatingSmog","blueLaboratory:NinjaPotion","Deadly Poison","Footwork","Mayhem"],"campfire_rested":2,"item_purchase_floors":[0,0,0,0,0,0,0,0,0,0,19,19,19,19,19,19],"current_hp_per_floor":[59,59,59,59,57,45,39,19,19,3,3,3,22,5,24,5,51,17,27,17,17,0,0],"gold":35,"neow_bonus":"","is_daily":false,"chose_seed":false,"campfire_upgraded":0,"win_rate":0.0,"timestamp":1612419765,"path_taken":["M","M","?","?","M","E","M","E","T","E","R","M","R","E","R","BOSS","M","$","M","?","M"],"items_purchased_type":["Card","Relic","Card","Card","Relic","Potion","Card","Potion","Card","Card","Relic","Potion","Potion","Card","Card","Card"],"build_version":"2020-12-22","purchased_purges":9,"victory":false,"max_hp_per_floor":[66,66,66,66,66,66,66,66,66,66,66,66,66,66,66,66,66,66,76,76,76,76,76],"card_choices":[{"not_picked":["Distraction","Accuracy"],"picked":"Dagger Spray","floor":1},{"not_picked":["Bane","Masterful Stab","Reflex"],"picked":"SKIP","floor":2},{"not_picked":["Underhanded Strike","Dodge and Roll"],"picked":"Flying Knee","floor":5},{"not_picked":["Bullet Time","Tools of the Trade"],"picked":"Distraction","floor":6},{"not_picked":["Bane","Dagger Throw"],"picked":"Caltrops","floor":7},{"not_picked":["Dagger Spray","Bouncing Flask"],"picked":"Sucker Punch","floor":8},{"not_picked":["Riddle With Holes","Acrobatics"],"picked":"Backflip","floor":10},{"not_picked":["Acrobatics","Underhanded Strike"],"picked":"Calculated Gamble","floor":12},{"not_picked":["Malaise","Sucker Punch"],"picked":"Endless Agony","floor":14},{"not_picked":["Wraith Form v2","Phantasmal Killer"],"picked":"Die Die Die","floor":16},{"not_picked":["Slice","Acrobatics"],"picked":"Quick Slash","floor":18},{"not_picked":["Outmaneuver","Catalyst"],"picked":"Backflip","floor":20}],"player_experience":1009731,"relics_obtained":[{"floor":6,"key":"Old Coin"},{"floor":9,"key":"Girya"},{"floor":10,"key":"aspiration:HiddenCompartment"},{"floor":14,"key":"Bottled Tornado"}],"event_choices":[{"damage_healed":0,"gold_gain":0,"player_choice":"Take Wound","damage_taken":0,"relics_obtained":["Golden Idol"],"max_hp_gain":0,"max_hp_loss":0,"event_name":"Golden Idol","floor":3,"gold_loss":0,"cards_obtained":["Injury"]},{"cards_removed":["Injury"],"damage_healed":0,"gold_gain":0,"player_choice":"Forget","damage_taken":0,"max_hp_gain":0,"max_hp_loss":0,"event_name":"Living Wall","floor":4,"gold_loss":0}],"is_beta":false,"boss_relics":[{"not_picked":["halation:ForbiddenBikini","halation:MonkeysPaw","halation:PlatinumPhoenix"]}],"items_purged_floors":[0,0,19,19,19,19,19,19,19],"is_endless":false,"potions_floor_spawned":[2,6,7,8,14],"killed_by":"Centurion and Healer","ascension_level":16}}