{"host":"fligtxqnrbjmaaid","time":1612441569,"event":{"mods":["ATMod(°¢èªMod)","AchievementEnabler","Act Like it!","BaseMod","Dota2Spire","Downfall","Hallownest","Infinite Spire","Lobotomy","Marisa£¨ìFÓê¡¡Ä§ÀíÉ³£©","Minty Spire (QoL Compilation)","Replay The Spire","StSLib","The Blackbeard","The Construct","The Cursed","The Gatherer","The Runesmith","The Senshi","[IsaacMod]ÒÔÈö¼âËþ"],"gold_per_floor":[117,117,192,142,153,153,170,181,181,200,213,213,213,247,247,346,346,358,457,476,487,487,487,499,516,516,516,550,385,398,398,398,500,550,563,583,583,583,602,637,637,637,637,647,647,647,547,567,567,567],"floor_reached":51,"language":"ZHS","playtime":3903,"items_purged":["Strike_R","Strike_R"],"score":724,"play_id":"95b1391b-4b13-42fb-85d0-3959222a0380","local_time":"20210204202609","is_ascension_mode":false,"campfire_choices":[{"data":"AT_Dispersion","floor":6,"key":"SMITH"},{"data":"Fire Breathing","floor":12,"key":"SMITH"},{"data":"Life Link","floor":15,"key":"SMITH"},{"floor":23,"key":"REST"},{"floor":32,"key":"REST"},{"data":"ReplayTheSpireMod:Chaos Vortex","floor":41,"key":"SMITH"},{"data":"Juggernaut","floor":45,"key":"SMITH"},{"floor":49,"key":"RECALL"}],"circlet_count":0,"master_deck":["Strike_R","Strike_R","Strike_R","Defend_R","Defend_R","Defend_R","Defend_R","AT_Dispersion+1","Fire Breathing+1","Shrug It Off","Anger+1","Entrench","Life Link+1","Juggernaut+1","Armaments+1","Shrug It Off","Body Slam","Ghostly Armor","Armaments","Evolve","ReplayTheSpireMod:Private Reserves","AT_BodySlamDance","Impervious","Armaments","Dark Embrace+1","Replay:Bootleg Shield Generator","ReplayTheSpireMod:Chaos Vortex+1","infinitespire:Gouge","Metallicize+1","Shrug It Off","Body Slam+1"],"relics":["Burning Blood","AT_ATBox","HushsDoor","TuHaoJin","Ancient Tea Set","SlaversCollar","AT_RedTearstoneRing","HornCleat","Tiny House","AT_TrinityForce","Dota2Spire:MagicBottle","Singing Bowl"],"acts_visited":["Exordium","TheCity","TheBeyond"],"potions_floor_usage":[33,33,33,50,50,50],"damage_taken":[{"damage":1,"enemies":"Small Slimes","floor":1,"turns":4},{"damage":1,"enemies":"Cultist","floor":5,"turns":5},{"damage":1,"enemies":"Jaw Worm","floor":7,"turns":5},{"damage":0,"enemies":"Blue Slaver","floor":8,"turns":5},{"damage":10,"enemies":"Large Slime","floor":10,"turns":8},{"damage":1,"enemies":"2 Fungi Beasts","floor":11,"turns":4},{"damage":8,"enemies":"3 Sentries","floor":14,"turns":5},{"damage":20,"enemies":"Slime Boss","floor":16,"turns":7},{"damage":15,"enemies":"Spheric Guardian","floor":18,"turns":6},{"damage":26,"enemies":"3 Byrds","floor":20,"turns":6},{"damage":5,"enemies":"Centurion and Healer","floor":21,"turns":10},{"damage":7,"enemies":"Snake Plant","floor":24,"turns":4},{"damage":39,"enemies":"3 Cultists","floor":25,"turns":6},{"damage":17,"enemies":"Gremlin Leader","floor":28,"turns":6},{"damage":12,"enemies":"Sentry and Sphere","floor":30,"turns":7},{"damage":2,"enemies":"Automaton","floor":33,"turns":11},{"damage":35,"enemies":"3 Darklings","floor":35,"turns":8},{"damage":18,"enemies":"Orb Walker","floor":36,"turns":5},{"damage":5,"enemies":"4 Shapes","floor":39,"turns":6},{"damage":0,"enemies":"Nemesis","floor":40,"turns":7},{"damage":8,"enemies":"Transient","floor":44,"turns":5},{"damage":0,"enemies":"Jaw Worm Horde","floor":48,"turns":6},{"damage":0,"enemies":"infinitespire:MassOfShapes","floor":50,"turns":13}],"seed_played":"66902509529367005","potions_obtained":[{"floor":1,"key":"BlessingOfTheForge"},{"floor":7,"key":"Elixir"},{"floor":16,"key":"Fire Potion"},{"floor":25,"key":"Reflective Coating"},{"floor":28,"key":"Explosive Potion"},{"floor":34,"key":"BlessingOfTheForge"},{"floor":40,"key":"ColorlessPotion"},{"floor":44,"key":"Fire Potion"}],"is_trial":false,"path_per_floor":["M","$","?","?","M","R","M","M","T","M","M","R","?","E","R","B",null,"M","?","M","M","?","R","M","M","T","?","E","$","M","?","R","B",null,"M","M","?","AVR","M","E","R","?","T","M","R","?","$","M","R","B",null],"character_chosen":"IRONCLAD","items_purchased":["Juggernaut","ReplayTheSpireMod:Private Reserves"],"campfire_rested":2,"item_purchase_floors":[17,29],"current_hp_per_floor":[80,80,69,69,74,74,79,80,80,76,80,80,80,78,78,64,76,67,67,47,48,48,70,69,36,36,36,25,25,19,5,29,33,86,57,45,45,45,46,52,52,52,52,52,52,52,52,58,58,64],"gold":567,"neow_bonus":"THREE_CARDS","is_daily":false,"chose_seed":false,"campfire_upgraded":5,"win_rate":0.0,"timestamp":1612441569,"path_taken":["M","$","?","?","M","R","M","M","T","M","M","R","?","E","R","BOSS","M","?","M","M","?","R","M","?","T","?","E","$","M","?","R","BOSS","M","M","?","AVR","M","E","R","?","T","?","R","?","$","M","R","BOSS"],"items_purchased_type":["Card","Card"],"build_version":"2020-12-22","purchased_purges":2,"victory":true,"max_hp_per_floor":[80,80,80,80,80,80,80,80,80,80,80,80,80,80,80,80,76,76,76,76,76,76,76,76,76,76,76,76,76,76,81,81,81,86,86,86,86,86,86,86,86,86,86,88,88,88,88,88,88,88],"card_choices":[{"not_picked":["Warcry","Wild Strike"],"picked":"Fire Breathing","floor":1},{"not_picked":["Anger","Armaments"],"picked":"Shrug It Off","floor":5},{"not_picked":["Run Through","Wild Strike"],"picked":"Anger","floor":7},{"not_picked":["AT_DiedThrough","Havoc","Clash"],"picked":"SKIP","floor":8},{"not_picked":["Dropkick","Run Through"],"picked":"Entrench","floor":10},{"not_picked":["Brutality","Dropkick","Hemokinesis"],"picked":"SKIP","floor":11},{"not_picked":["Bomb","Twin Strike"],"picked":"Life Link","floor":14},{"not_picked":["ReplayTheSpireMod:Strike From Hell+1","Twin Strike+1"],"picked":"Armaments+1","floor":18},{"not_picked":["Heavy Blade","AT_IchimonjiDouble+1"],"picked":"Shrug It Off","floor":20},{"not_picked":["Clothesline","ReplayReversal"],"picked":"Body Slam","floor":21},{"not_picked":["Iron Wave+1","Sword Boomerang"],"picked":"Ghostly Armor","floor":24},{"not_picked":["Headbutt","ReplayTheSpireMod:Strike From Hell+1"],"picked":"Armaments","floor":25},{"not_picked":["Carnage","Double Tap"],"picked":"Evolve","floor":28},{"not_picked":["Replay:Undeath\u0027s Touch","Flex"],"picked":"AT_BodySlamDance","floor":30},{"not_picked":["Juggernaut","Brutality"],"picked":"Impervious","floor":33},{"not_picked":["Heavy Blade","Flex+1"],"picked":"Armaments","floor":35},{"not_picked":["Warcry+1","Armaments"],"picked":"Dark Embrace+1","floor":36},{"not_picked":["Bomb","HandOfGreed"],"picked":"Replay:Bootleg Shield Generator","floor":37},{"not_picked":["ReplayTheSpireMod:Limb From Limb","Warcry+1"],"picked":"Metallicize+1","floor":39},{"not_picked":["Headbutt+1","Life Link+1"],"picked":"Shrug It Off","floor":40},{"not_picked":["Thunderclap","ReplayTheSpireMod:Muscle Training","Intimidate+1"],"picked":"Singing Bowl","floor":44},{"not_picked":["ReplayReversal+1","Clothesline"],"picked":"Body Slam+1","floor":48}],"player_experience":116042,"relics_obtained":[{"floor":14,"key":"Ancient Tea Set"},{"floor":26,"key":"AT_RedTearstoneRing"},{"floor":28,"key":"HornCleat"},{"floor":40,"key":"Dota2Spire:MagicBottle"},{"floor":43,"key":"Singing Bowl"}],"event_choices":[{"damage_healed":0,"gold_gain":75,"player_choice":"Gather Gold","damage_taken":11,"max_hp_gain":0,"max_hp_loss":0,"event_name":"World of Goop","floor":3,"gold_loss":0},{"cards_removed":["Bash"],"damage_healed":0,"gold_gain":0,"player_choice":"Card Removal","damage_taken":0,"max_hp_gain":0,"max_hp_loss":0,"event_name":"The Cleric","floor":4,"gold_loss":50},{"damage_healed":0,"gold_gain":99,"player_choice":"Stole From Cult","damage_taken":0,"max_hp_gain":0,"max_hp_loss":0,"event_name":"Nest","floor":19,"gold_loss":0},{"damage_healed":0,"gold_gain":0,"player_choice":"Ignored","damage_taken":0,"max_hp_gain":0,"max_hp_loss":0,"event_name":"NoteForYourself","floor":27,"gold_loss":0},{"damage_healed":0,"gold_gain":0,"player_choice":"Shed Blood","damage_taken":19,"max_hp_gain":5,"max_hp_loss":0,"event_name":"Forgotten Altar","floor":31,"gold_loss":0},{"damage_healed":0,"gold_gain":0,"player_choice":"Memory 1","damage_taken":0,"max_hp_gain":0,"max_hp_loss":0,"event_name":"SensoryStone","floor":37,"gold_loss":0},{"damage_healed":0,"gold_gain":0,"player_choice":"Ignored","damage_taken":0,"max_hp_gain":0,"max_hp_loss":0,"event_name":"Tomb of Lord Red Mask","floor":42,"gold_loss":0}],"is_beta":false,"boss_relics":[{"not_picked":["Busted Crown","Honey Jar"],"picked":"SlaversCollar"},{"not_picked":[]},{"not_picked":["Astrolabe","AT_MortalBlade"],"picked":"Tiny House"},{"not_picked":[]}],"items_purged_floors":[29,47],"is_endless":false,"potions_floor_spawned":[1,7,16,25,28,40,44],"ascension_level":0}}