{"host":"9kesdg97wkrx2bva","time":1612427404,"event":{"mods":["AchievementEnabler","BaseMod","Colored Map","GifTheSpireLib","Infinite Spire","Minty Spire (QoL Compilation)","Replay The Spire","StSLib"],"gold_per_floor":[115,133,58,108,126,160,160,193,220,220,170,170,170,183,183,262,262,262,262],"floor_reached":18,"language":"ENG","playtime":516,"items_purged":["Strike_B","Strike_B"],"score":319,"play_id":"0410fa05-fea4-487f-b11f-b64ba9efa042","local_time":"20210204023004","is_ascension_mode":true,"campfire_choices":[{"data":"Sunder","floor":7,"key":"SMITH"},{"floor":10,"key":"REST"}],"circlet_count":0,"master_deck":["AscendersBane","Zap","Dualcast+1","ReplayTheSpireMod:Calculation Training","Ball Lightning","Lockon+1","Sunder+1","Auto Shields","Cold Snap","Sweeping Beam","Core Surge","AbeCurse","Clumsy","ReplayTheSpireMod:Doomed"],"relics":["Cracked Core","StoneCalendar","infinitespire:Satchel","Blood Vial","Smiling Mask","Replay:Grab Bag","Philosopher\u0027s Stone","Abe\u0027s Treasure","Kintsugi"],"acts_visited":["Exordium","TheCity"],"potions_floor_usage":[6,16,18],"damage_taken":[{"damage":1,"enemies":"Cultist","floor":1,"turns":3},{"damage":4,"enemies":"Small Slimes","floor":2,"turns":3},{"damage":1,"enemies":"2 Louse","floor":5,"turns":2},{"damage":35,"enemies":"3 Sentries","floor":6,"turns":6},{"damage":20,"enemies":"Lagavulin","floor":8,"turns":4},{"damage":3,"enemies":"Blue Slaver","floor":14,"turns":3},{"damage":3,"enemies":"Slime Boss","floor":16,"turns":6},{"damage":64,"enemies":"3 Byrds","floor":18,"turns":3}],"seed_played":"-4119953891857741574","potions_obtained":[{"floor":2,"key":"FearPotion"},{"floor":5,"key":"PowerPotion"},{"floor":8,"key":"Block Potion"},{"floor":16,"key":"FocusPotion"}],"is_trial":false,"path_per_floor":["M","M","$","?","M","E","R","E","T","R","$","?","?","M","R_BF","B",null,"M"],"character_chosen":"DEFECT","items_purchased":[],"campfire_rested":1,"item_purchase_floors":[],"current_hp_per_floor":[63,59,59,59,58,23,23,3,3,22,22,22,22,21,40,39,58,0,0],"gold":262,"neow_bonus":"ONE_RARE_RELIC","is_daily":false,"chose_seed":false,"campfire_upgraded":1,"win_rate":0.0,"timestamp":1612427404,"path_taken":["M","M","$","?","?","E","R","E","T","R","$","?","?","?","R_BF","BOSS","M"],"items_purchased_type":[],"build_version":"2020-12-22","purchased_purges":2,"victory":false,"max_hp_per_floor":[64,64,64,64,64,64,64,64,64,64,64,64,64,64,64,64,64,64,64],"card_choices":[{"not_picked":["Barrage","Leap"],"picked":"ReplayTheSpireMod:Calculation Training","floor":1},{"not_picked":["Recycle","ReplayTheSpireMod:Omega Cannon"],"picked":"Ball Lightning","floor":2},{"not_picked":["Barrage","BasicCrystalCard"],"picked":"Lockon","floor":5},{"not_picked":["Steam","Time Bomb"],"picked":"Sunder","floor":6},{"not_picked":["Doom and Gloom","Time Bomb"],"picked":"Auto Shields","floor":8},{"not_picked":["Aggregate","Compile Driver"],"picked":"Sweeping Beam","floor":14},{"not_picked":["Reboot","Meteor Strike"],"picked":"Core Surge","floor":16}],"player_experience":1006542,"relics_obtained":[{"floor":6,"key":"infinitespire:Satchel"},{"floor":8,"key":"Blood Vial"},{"floor":9,"key":"Smiling Mask"}],"event_choices":[{"damage_healed":0,"gold_gain":50,"player_choice":"Pray","damage_taken":0,"max_hp_gain":0,"max_hp_loss":0,"event_name":"Golden Shrine","floor":4,"gold_loss":0},{"damage_healed":0,"gold_gain":0,"cards_transformed":["Strike_B"],"player_choice":"Transformed","damage_taken":0,"max_hp_gain":0,"max_hp_loss":0,"event_name":"Transmorgrifier","floor":13,"gold_loss":0,"cards_obtained":["Cold Snap"]}],"is_beta":false,"boss_relics":[{"not_picked":["Runic Dome","Black Star"],"picked":"Replay:Grab Bag"},{"not_picked":["Ectoplasm","ReplayTheSpireMod:DimensionalGlitch"],"picked":"Philosopher\u0027s Stone"},{"not_picked":["ReplayTheSpireMod:Onyx Gauntlets","Sozu"],"picked":"Abe\u0027s Treasure"},{"not_picked":["Snecko Eye","Pandora\u0027s Box"],"picked":"Kintsugi"}],"items_purged_floors":[3,11],"is_endless":false,"potions_floor_spawned":[2,5,8,14,16],"killed_by":"3 Byrds","ascension_level":18}}