{"host":"qm4rv4rkpk76sbxu","time":1612465642,"event":{"mods":["BaseMod","Bestiary","Block Reminder","DeckTracker","Filter the Spire","Keyboard Shortcuts","Minty Spire (QoL Compilation)","MonsterHotkey","Quick Restart","Random Character Button","Relic Stats","Slay-I","StSLib","Unceasing Turn Reminder","ojb\u0027s Better Paths Mod","ojb\u0027s Info Mod"],"gold_per_floor":[109,121,121,135,135,149,169,196,219,219,1,27,46,76,76,176,176,186,186,186,204,219,253,253,16,40,40,40,54,67,94,94,94,94],"floor_reached":33,"language":"ENG","playtime":2035,"items_purged":["Pain","Infinite Blades"],"score":386,"play_id":"e8d89ae2-c9c5-4b48-be15-b3bca0ba8b27","local_time":"20210204200722","is_ascension_mode":true,"campfire_choices":[{"data":"Skewer","floor":10.0,"key":"SMITH"},{"data":"Calculated Gamble","floor":15.0,"key":"SMITH"},{"data":"Crippling Poison","floor":24.0,"key":"SMITH"},{"data":"Footwork","floor":27.0,"key":"SMITH"},{"data":"Malaise","floor":32.0,"key":"SMITH"}],"circlet_count":0,"master_deck":["Strike_G","Strike_G","Defend_G","Defend_G","Defend_G","Defend_G","Defend_G","Survivor","Neutralize","Poisoned Stab","Skewer+1","Predator","Leg Sweep","Deflect","Venomology","Calculated Gamble+1","Malaise+1","Dash","Finisher","Crippling Poison+1","Footwork+1","Footwork+1","Outmaneuver+1","Dagger Spray+1"],"relics":["Ring of the Snake","Toy Ornithopter","WarpedTongs","Vajra","Nunchaku","Smiling Mask","Bag of Preparation","SacredBark","Sundial","Bag of Marbles","Dream Catcher","Akabeko"],"acts_visited":["Exordium","TheCity"],"potions_floor_usage":[33],"damage_taken":[{"damage":1.0,"enemies":"Small Slimes","floor":1.0,"turns":4.0},{"damage":0.0,"enemies":"Cultist","floor":2.0,"turns":4.0},{"damage":0.0,"enemies":"Jaw Worm","floor":4.0,"turns":3.0},{"damage":6.0,"enemies":"3 Louse","floor":6.0,"turns":3.0},{"damage":1.0,"enemies":"Looter","floor":7.0,"turns":3.0},{"damage":16.0,"enemies":"Gremlin Nob","floor":12.0,"turns":3.0},{"damage":14.0,"enemies":"Exordium Thugs","floor":13.0,"turns":3.0},{"damage":5.0,"enemies":"3 Sentries","floor":14.0,"turns":7.0},{"damage":3.0,"enemies":"The Guardian","floor":16.0,"turns":15.0},{"damage":3.0,"enemies":"Chosen","floor":18.0,"turns":6.0},{"damage":20.0,"enemies":"Shell Parasite","floor":21.0,"turns":5.0},{"damage":4.0,"enemies":"Snake Plant","floor":22.0,"turns":5.0},{"damage":0.0,"enemies":"Gremlin Leader","floor":23.0,"turns":4.0},{"damage":19.0,"enemies":"Sentry and Sphere","floor":29.0,"turns":4.0},{"damage":2.0,"enemies":"Centurion and Healer","floor":30.0,"turns":6.0},{"damage":9.0,"enemies":"Slavers","floor":31.0,"turns":12.0},{"damage":49,"enemies":"Champ","floor":33,"turns":12}],"seed_played":"7983774889426452283","potions_obtained":[{"floor":2.0,"key":"ColorlessPotion"},{"floor":6.0,"key":"Poison Potion"},{"floor":12.0,"key":"SteroidPotion"},{"floor":22.0,"key":"SteroidPotion"},{"floor":23.0,"key":"Block Potion"},{"floor":29.0,"key":"CunningPotion"}],"is_trial":false,"path_per_floor":["M","M","?","M","?","M","M","T","T","R","$","E","M","E","R","B",null,"M","?","?","M","M","E","R","$","T","R","?","M","M","E","R","B"],"character_chosen":"THE_SILENT","items_purchased":["Venomology","Footwork","Bag of Marbles"],"campfire_rested":0,"item_purchase_floors":[11,25,25],"current_hp_per_floor":[69,69,62,62,62,56,55,55,55,55,55,44,35,35,35,42,70,67,67,67,50,51,56,56,56,56,56,56,42,45,41,41,0,0],"gold":94,"neow_bonus":"RANDOM_COMMON_RELIC","is_daily":false,"chose_seed":false,"campfire_upgraded":5,"win_rate":0.0,"timestamp":1612465642,"path_taken":["M","M","?","M","?","?","M","?","T","R","$","E","M","E","R","BOSS","M","?","?","?","M","E","R","$","T","R","?","M","M","E","R","BOSS"],"items_purchased_type":["Card","Card","Relic"],"build_version":"2020-12-22","purchased_purges":2,"victory":false,"max_hp_per_floor":[70,70,70,70,70,70,70,70,70,70,70,70,70,70,70,70,70,70,70,70,70,70,70,70,70,70,70,70,70,70,70,70,70,70],"relic_stats":{"Nunchaku":[15],"Dream Catcher":0,"counters":[17,99],"Sundial":[6],"Bag of Preparation":[18],"Smiling Mask":50,"obtain_stats":[{"Nunchaku":9,"Dream Catcher":26,"Sundial":23,"SacredBark":17,"Vajra":8,"Bag of Preparation":14,"Bag of Marbles":25,"Smiling Mask":12,"Toy Ornithopter":0,"Akabeko":31,"Ring of the Snake":0,"WarpedTongs":5},{"Nunchaku":5,"Dream Catcher":13,"Sundial":13,"SacredBark":9,"Vajra":5,"Bag of Preparation":8,"Bag of Marbles":13,"Smiling Mask":6,"Toy Ornithopter":0,"Akabeko":16,"Ring of the Snake":0,"WarpedTongs":3},{"Nunchaku":17,"Dream Catcher":65,"Sundial":65,"SacredBark":45,"Vajra":17,"Bag of Preparation":30,"Bag of Marbles":65,"Smiling Mask":20,"Toy Ornithopter":0,"Akabeko":87,"Ring of the Snake":0,"WarpedTongs":11}],"Toy Ornithopter":58,"Ring of the Snake":[34],"WarpedTongs":[85]},"card_choices":[{"not_picked":["Slice","Cloak And Dagger"],"picked":"Poisoned Stab","floor":1.0},{"not_picked":["Accuracy","All Out Attack"],"picked":"Skewer","floor":2.0},{"not_picked":["Well Laid Plans","Dagger Spray"],"picked":"Predator","floor":4.0},{"not_picked":["Bane","Catalyst"],"picked":"Leg Sweep","floor":6.0},{"not_picked":["All Out Attack","Outmaneuver"],"picked":"Deflect","floor":7.0},{"not_picked":["Dodge and Roll","Bane"],"picked":"Calculated Gamble","floor":12.0},{"not_picked":["Deflect","Well Laid Plans","Grand Finale"],"picked":"SKIP","floor":13.0},{"not_picked":["Finisher","Deflect","Expertise"],"picked":"SKIP","floor":14.0},{"not_picked":["Envenom","Unload"],"picked":"Malaise","floor":16.0},{"not_picked":["Sucker Punch","Cloak And Dagger"],"picked":"Dash","floor":18.0},{"not_picked":["Acrobatics","Expertise","Finisher"],"picked":"SKIP","floor":21.0},{"not_picked":["Deflect","Predator+1","Dash"],"picked":"SKIP","floor":22.0},{"not_picked":["All Out Attack","Outmaneuver"],"picked":"Crippling Poison","floor":23.0},{"not_picked":["Backflip","Eviscerate"],"picked":"Footwork+1","floor":29.0},{"not_picked":["Dodge and Roll","Distraction"],"picked":"Outmaneuver+1","floor":30.0},{"not_picked":["Setup+1","Deadly Poison"],"picked":"Dagger Spray+1","floor":31.0}],"player_experience":1509648,"relics_obtained":[{"floor":8.0,"key":"Vajra"},{"floor":9.0,"key":"Nunchaku"},{"floor":12.0,"key":"Smiling Mask"},{"floor":14.0,"key":"Bag of Preparation"},{"floor":23.0,"key":"Sundial"},{"floor":26.0,"key":"Dream Catcher"},{"floor":31.0,"key":"Akabeko"}],"event_choices":[{"cards_removed":["Strike_G"],"damage_healed":0.0,"max_hp_gain":0.0,"max_hp_loss":0.0,"gold_gain":0.0,"event_name":"Golden Wing","player_choice":"Card Removal","floor":3.0,"gold_loss":0.0,"damage_taken":7.0},{"damage_healed":0.0,"max_hp_gain":0.0,"max_hp_loss":0.0,"gold_gain":0.0,"event_name":"Accursed Blacksmith","player_choice":"Rummage","floor":5.0,"gold_loss":0.0,"damage_taken":0.0,"relics_obtained":["WarpedTongs"],"cards_obtained":["Pain"]},{"damage_healed":0.0,"max_hp_gain":0.0,"max_hp_loss":0.0,"gold_gain":0.0,"cards_transformed":["Strike_G","Strike_G"],"event_name":"Drug Dealer","player_choice":"Became Test Subject","floor":19.0,"gold_loss":0.0,"damage_taken":0.0,"cards_obtained":["Expertise","Infinite Blades"]},{"damage_healed":0.0,"max_hp_gain":0.0,"max_hp_loss":0.0,"gold_gain":0.0,"event_name":"The Library","player_choice":"Read","floor":20.0,"gold_loss":0.0,"damage_taken":0.0,"cards_obtained":["Finisher"]},{"cards_removed":["Expertise"],"damage_healed":0.0,"max_hp_gain":0.0,"max_hp_loss":0.0,"gold_gain":0.0,"event_name":"Back to Basics","player_choice":"Elegance","floor":28.0,"gold_loss":0.0,"damage_taken":0.0}],"is_beta":false,"boss_relics":[{"not_picked":["Ectoplasm","SlaversCollar"],"picked":"SacredBark"}],"items_purged_floors":[11,25],"is_endless":false,"potions_floor_spawned":[2,6,12,13,22,23,29,31],"killed_by":"Champ","ascension_level":4}}