{"host":"ydh61a5ftgdajrbo","time":1612445832,"event":{"mods":["BaseMod","Colored Map","DeckTracker","Downfall","Hermit","Koishi","Marisa¡]Ãú«B¡@Å]²z¨F¡^","Minty Spire (QoL Compilation)","Spire Arcade","StSLib","The Administrix","The Animator","The Cursed","The Mystic","The Servant 0.9.4"],"gold_per_floor":[117,128,146,162,162,193,212,236,236,236,260,296,324,349,349,458,458,480,196,213,123,144,182,182,197,197],"floor_reached":25,"language":"ZHS","playtime":1485,"items_purged":["Koishi:BasicStrike"],"score":241,"play_id":"f1a3c875-080a-4896-b6ea-a91938a62db6","local_time":"20210204213712","is_ascension_mode":false,"campfire_choices":[{"data":"Koishi:StingingMind","floor":10,"key":"SMITH"},{"data":"Koishi:ParalyzingFear","floor":15,"key":"SMITH"},{"data":"Koishi:HeartStoppingHorror","floor":24,"key":"SMITH"}],"circlet_count":0,"master_deck":["Koishi:BasicStrike","Koishi:BasicStrike","Koishi:BasicStrike","Koishi:BasicDefend","Koishi:BasicDefend","Koishi:BasicDefend","Koishi:Provoke+1","Koishi:HauntingSlash","Koishi:PhantomStrike","Koishi:StingingMind+1","Koishi:DreadfulBlow","Koishi:ParalyzingFear","Koishi:BloodcurdlingScream","Koishi:ParalyzingFear+1","Koishi:HeartfeltFancy","Koishi:EmbryosDream","Koishi:BramblyRoseGarden","Koishi:DanmakuParanoia","Koishi:HeartStoppingHorror+1","Koishi:DreadfulBlow+1","Koishi:MentalBreakdown","Koishi:Untouchable+1","Koishi:ParalyzingFear+1"],"relics":["Koishi:ImaginaryFriend","Gremlin Horn","CeramicFish","Bag of Preparation","bronze:BronzeIdol","expansioncontent:StudyCardRelic","Regal Pillow","The Courier"],"acts_visited":["Exordium","TheCity"],"potions_floor_usage":[12,23],"damage_taken":[{"damage":2,"enemies":"Cultist","floor":1,"turns":4},{"damage":0,"enemies":"2 Louse","floor":2,"turns":4},{"damage":5,"enemies":"Jaw Worm","floor":3,"turns":4},{"damage":0,"enemies":"2 Fungi Beasts","floor":4,"turns":3},{"damage":23,"enemies":"Lagavulin","floor":6,"turns":7},{"damage":0,"enemies":"3 Louse","floor":7,"turns":2},{"damage":16,"enemies":"Exordium Wildlife","floor":8,"turns":4},{"damage":0,"enemies":"2 Fungi Beasts","floor":11,"turns":2},{"damage":11,"enemies":"3 Sentries","floor":12,"turns":5},{"damage":0,"enemies":"Lots of Slimes","floor":13,"turns":3},{"damage":10,"enemies":"Looter","floor":14,"turns":3},{"damage":12,"enemies":"The Guardian","floor":16,"turns":11},{"damage":0,"enemies":"Spheric Guardian","floor":18,"turns":2},{"damage":2,"enemies":"Chosen","floor":20,"turns":3},{"damage":0,"enemies":"Snake Plant","floor":22,"turns":4},{"damage":27,"enemies":"Book of Stabbing","floor":23,"turns":5},{"damage":13,"enemies":"Shelled Parasite and Fungi","floor":25,"turns":4}],"seed_played":"1954307553580501762","potions_obtained":[{"floor":2,"key":"Fire Potion"},{"floor":3,"key":"ColorlessPotion"},{"floor":6,"key":"Explosive Potion"},{"floor":13,"key":"AttackPotion"},{"floor":16,"key":"EntropicBrew"},{"floor":25,"key":"Guardian:BlockOnCardUsePotion"}],"is_trial":false,"path_per_floor":["M","M","M","M","?","E","M","M","T","R","M","E","M","M","R","B",null,"M","$","M","?","M","E","R","M"],"character_chosen":"KOISHI","items_purchased":["Koishi:MentalBreakdown","Regal Pillow"],"campfire_rested":0,"item_purchase_floors":[19,19],"current_hp_per_floor":[66,66,66,66,66,55,56,45,45,45,46,35,36,31,31,29,66,66,66,66,66,66,43,43,32,32],"gold":197,"neow_bonus":"TEN_PERCENT_HP_BONUS","is_daily":false,"chose_seed":false,"campfire_upgraded":3,"win_rate":0.0,"timestamp":1612445832,"path_taken":["M","M","M","M","?","E","M","M","T","R","M","E","?","M","R","BOSS","M","$","M","?","?","E","R","M"],"items_purchased_type":["Card","Relic"],"build_version":"2020-12-22","purchased_purges":1,"victory":false,"max_hp_per_floor":[66,66,66,66,66,66,66,66,66,66,66,66,66,66,66,66,66,66,66,66,66,66,66,66,66,66],"card_choices":[{"not_picked":["Koishi:FleetingPhantom","Koishi:SprinkleStarAndHeart"],"picked":"Koishi:PhantomStrike","floor":1},{"not_picked":["Koishi:IdleWhim","Koishi:VengefulSpirit"],"picked":"Koishi:StingingMind","floor":2},{"not_picked":["Koishi:Jaunt","Koishi:UnansweredLove"],"picked":"Koishi:DreadfulBlow","floor":3},{"not_picked":["Koishi:Possession","Koishi:ReleaseOfTheId"],"picked":"Koishi:ParalyzingFear","floor":4},{"not_picked":["Koishi:HeartfeltFancy","Koishi:FleetingPhantom","Koishi:VengefulSpirit"],"picked":"SKIP","floor":6},{"not_picked":["Koishi:FadingMemory","Koishi:GeneticsOfTheUnconscious"],"picked":"Koishi:BloodcurdlingScream","floor":7},{"not_picked":["Koishi:StingingMind","Koishi:GhostParty"],"picked":"Koishi:ParalyzingFear","floor":8},{"not_picked":["Koishi:BloodcurdlingScream","Koishi:UnansweredLove"],"picked":"Koishi:HeartfeltFancy","floor":11},{"not_picked":["Koishi:ParalyzingFear","Koishi:DreadfulBlow"],"picked":"Koishi:EmbryosDream","floor":12},{"not_picked":["Koishi:HeartfeltFancy","Koishi:Jaunt"],"picked":"Koishi:BramblyRoseGarden","floor":13},{"not_picked":["Koishi:PhantomStrike","Koishi:BloodcurdlingScream"],"picked":"Koishi:DanmakuParanoia","floor":14},{"not_picked":["Koishi:Ego","Koishi:ConfinedInnocent"],"picked":"Koishi:HeartStoppingHorror","floor":16},{"not_picked":["Koishi:Jaunt","Koishi:SubterraneanRose"],"picked":"Koishi:DreadfulBlow+1","floor":18},{"not_picked":["Koishi:ReleaseOfTheId","Koishi:Vanish","Koishi:Prune+1"],"picked":"SKIP","floor":20},{"not_picked":["Koishi:UnconsciousUprising","Koishi:BloodcurdlingScream"],"picked":"Koishi:Untouchable+1","floor":22},{"not_picked":["Koishi:CatchAndRose","Koishi:PhantomStrike"],"picked":"Koishi:ParalyzingFear+1","floor":23},{"not_picked":["Koishi:ReflexRadar","Koishi:Prune","Koishi:BramblyRoseGarden"],"picked":"SKIP","floor":25}],"player_experience":357519,"relics_obtained":[{"floor":5,"key":"Gremlin Horn"},{"floor":6,"key":"CeramicFish"},{"floor":9,"key":"Bag of Preparation"},{"floor":12,"key":"bronze:BronzeIdol"},{"floor":23,"key":"The Courier"}],"event_choices":[{"damage_healed":0,"gold_gain":0,"player_choice":"Relic","damage_taken":0,"max_hp_gain":0,"max_hp_loss":0,"event_name":"Wheel of Change","floor":5,"gold_loss":0},{"cards_removed":["Koishi:BasicDefend"],"damage_healed":0,"gold_gain":0,"player_choice":"Upgrade and Remove","damage_taken":0,"max_hp_gain":0,"max_hp_loss":0,"event_name":"Designer","floor":21,"gold_loss":90,"cards_upgraded":["Koishi:Provoke"]}],"is_beta":false,"boss_relics":[{"not_picked":["Cursed Key","sneckomod:SneckoTalon"],"picked":"expansioncontent:StudyCardRelic"}],"items_purged_floors":[19],"is_endless":false,"potions_floor_spawned":[2,3,6,7,11,13,16,22,25],"killed_by":"Shelled Parasite and Fungi","ascension_level":0}}