{"host":"kvh5342rl0c7vxi5","time":1612482251,"event":{"mods":["BaseMod","Downfall","Hermit","Jorbs\u0027s Wanderer Trilogy","Minty Spire (QoL Compilation)","Quick Restart","StSLib","SuperFastMode","The Poker Player"],"gold_per_floor":[0,15,34,47,32,32,102,102,102,137,137,168,168,198,211,313,313,313,324,524,199,199,213,213,213,243,243,128,163,63,74,86,182,182,182,193,203,203,553,579,631,631,666,466,162,162,162,162,182,182,182,215,65,65,65,65,65],"floor_reached":55,"language":"ENG","playtime":2987,"items_purged":["downfall:Malfunctioning","Clumsy","Pain"],"score":981,"play_id":"74282927-6702-46da-a33f-3a90731281c6","local_time":"20210204184411","is_ascension_mode":true,"campfire_choices":[{"data":"hexamod:Sear","floor":1,"key":"SMITH"},{"data":"hexamod:ExtraCrispy","floor":6,"key":"SMITH"},{"data":"hexamod:RainOfEmbers","floor":9,"key":"SMITH"},{"data":"hexamod:SwordOfDarkness","floor":13,"key":"SMITH"},{"data":"hexamod:ThermalTransfer","floor":18,"key":"SMITH"},{"floor":27,"key":"REST"},{"floor":30,"key":"REST"},{"data":"hexamod:ForkedFlame","floor":35,"key":"SMITH"},{"floor":42,"key":"RECALL"},{"floor":44,"key":"REST"},{"floor":47,"key":"REST"},{"floor":54,"key":"REST"}],"circlet_count":0,"master_deck":["hexamod:Strike+1","hexamod:Strike+1","hexamod:Strike+1","hexamod:Defend+1","hexamod:Defend+1","hexamod:Defend+1","hexamod:Defend+1","hexamod:Sear+1","hexamod:Float+1","hexamod:ThirdSeal","hexamod:SwordOfDarkness+1","hexamod:SpectersWail+1","hexamod:RainOfEmbers+1","hexamod:AdvancingGuard+1","hexamod:ExtraCrispy+1","hexamod:ThermalTransfer+1","hexamod:ShieldOfDarkness+1","hexamod:FastForward+1","hexamod:ChargedBarrage+1","hexamod:GhostflameBarrier+1","hexamod:SixthSeal","hexamod:TimeOfNeed+1","hexamod:SuperheatedStrike+1","hexamod:StepThrough+1","hexamod:BurningTouch+1","hexamod:Hexaguard+1","hexamod:FlameSwitch+1","hexamod:NightmareGuise+1","hexamod:SpectralSpark+1","hexamod:SpectralAdrenaline+1","hexamod:PowerFromBeyond+1","hexamod:ForkedFlame+1","hexamod:ExtraCrispy+1","hexamod:ShieldOfDarkness+1","hexamod:DynamicBlow+1","hexamod:ForkedFlame+1","hexamod:TurnItUp+1"],"relics":["hexamod:SpiritBrand","StoneCalendar","Toxic Egg 2","Blue Candle","Pen Nib","Dream Catcher","Cursed Key","hexamod:RecyclingMachine","Calipers","Spirit Poop","Sundial","Tiny Chest","downfall:HeartBlessingGreen","Runic Dome","Old Coin","Gambling Chip","Singing Bowl","downfall:HeartBlessingRed","downfall:HeartBlessingBlue","OrangePellets","Torii","Unceasing Top"],"acts_visited":["Exordium","TheCity","TheBeyond","TheEnding"],"potions_floor_usage":[10,10,14,43,45,53],"damage_taken":[{"damage":0,"enemies":"Cultist","floor":2,"turns":3},{"damage":0,"enemies":"2 Louse","floor":3,"turns":3},{"damage":2,"enemies":"Jaw Worm","floor":4,"turns":3},{"damage":0,"enemies":"downfall:FleeingMerchant","floor":5,"turns":4},{"damage":16,"enemies":"3 Sentries","floor":10,"turns":7},{"damage":17,"enemies":"Lagavulin","floor":12,"turns":5},{"damage":11,"enemies":"3 Sentries","floor":14,"turns":6},{"damage":3,"enemies":"Blue Slaver","floor":15,"turns":2},{"damage":16,"enemies":"WA_ARCHETYPE_RETAIN","floor":16,"turns":7},{"damage":9,"enemies":"Chosen","floor":19,"turns":5},{"damage":1,"enemies":"downfall:FleeingMerchant","floor":21,"turns":4},{"damage":3,"enemies":"Shell Parasite","floor":23,"turns":4},{"damage":23,"enemies":"Book of Stabbing","floor":26,"turns":4},{"damage":2,"enemies":"downfall:FleeingMerchant","floor":28,"turns":4},{"damage":18,"enemies":"Slavers","floor":29,"turns":5},{"damage":6,"enemies":"Snake Plant","floor":31,"turns":3},{"damage":0,"enemies":"Cultist and Chosen","floor":32,"turns":4},{"damage":28,"enemies":"IC_MUSHROOM_ARCHETYPE","floor":33,"turns":6},{"damage":3,"enemies":"Orb Walker","floor":36,"turns":3},{"damage":9,"enemies":"3 Darklings","floor":37,"turns":5},{"damage":15,"enemies":"3 Darklings","floor":39,"turns":5},{"damage":15,"enemies":"Nemesis","floor":40,"turns":4},{"damage":89,"enemies":"Reptomancer","floor":43,"turns":6},{"damage":8,"enemies":"downfall:FleeingMerchant","floor":45,"turns":3},{"damage":16,"enemies":"Jaw Worm Horde","floor":49,"turns":4},{"damage":51,"enemies":"SI_POISON_ARCHETYPE","floor":50,"turns":7},{"damage":125,"enemies":"downfall:CharBossMerchant","floor":52,"turns":9},{"damage":73,"enemies":"downfall:NeowBoss","floor":55,"turns":13}],"seed_played":"-64194153778074204","potions_obtained":[{"floor":2,"key":"Dexterity Potion"},{"floor":4,"key":"DistilledChaos"},{"floor":10,"key":"ColorlessPotion"},{"floor":15,"key":"FairyPotion"},{"floor":26,"key":"BlessingOfTheForge"},{"floor":29,"key":"BlessingOfTheForge"},{"floor":31,"key":"champ:CounterPotion"},{"floor":40,"key":"Regen Potion"},{"floor":43,"key":"Swift Potion"},{"floor":49,"key":"FairyPotion"}],"is_trial":false,"path_per_floor":["R","M","M","M","$","R","T","?","R","E","?","E","R","E","M","B",null,"R","M","?","$","?","M","T","?","E","R","$","E","R","M","M","B",null,"R","M","M","?","?","E","T","R","E","R","$","T","R","?","M","B",null,"E","$","R","B"],"character_chosen":"THE_SPIRIT","items_purchased":["hexamod:StepThrough","hexamod:BurningTouch+1","hexamod:RecyclingMachine","OrangePellets","Torii","bronze:BurnAndBuffPotion","Fruit Juice","Weak Potion"],"campfire_rested":5,"item_purchase_floors":[21,21,21,45,45,45,53,53],"current_hp_per_floor":[70,70,70,68,68,68,68,68,68,52,52,35,35,24,21,5,70,70,61,61,60,47,44,44,44,21,43,41,23,45,39,39,11,75,75,72,63,63,48,33,33,33,7,45,41,41,70,70,56,5,97,31,36,69,0,0,0],"gold":65,"neow_bonus":"ONE_RARE_RELIC","is_daily":false,"chose_seed":false,"campfire_upgraded":6,"win_rate":0.0,"timestamp":1612482251,"path_taken":["R","M","M","M","$","R","T","?","R","E","?","E","R","E","M","BOSS","R","M","?","$","?","M","T","?","E","R","$","E","R","M","M","BOSS","R","M","M","?","?","E","T","R","E","R","?","?","R","?","M","BOSS","E","$","R","BOSS"],"items_purchased_type":["Card","Card","Relic","Relic","Relic","Potion","Potion","Potion"],"build_version":"2020-12-22","purchased_purges":3,"victory":false,"max_hp_per_floor":[70,70,70,70,70,70,70,70,70,70,70,70,70,70,70,70,70,70,70,70,70,75,75,75,75,75,75,75,75,75,75,75,75,75,75,75,75,75,75,75,75,75,77,89,93,93,95,95,97,97,97,99,104,106,106,106,106],"card_choices":[{"not_picked":["hexamod:ExtraCrispy","hexamod:NecessarySacrifice"],"picked":"hexamod:ThirdSeal","floor":2},{"not_picked":["hexamod:BurningTouch","hexamod:HeatMetal"],"picked":"hexamod:SwordOfDarkness","floor":3},{"not_picked":["hexamod:SpectralSpark","hexamod:NecessarySacrifice"],"picked":"hexamod:SpectersWail","floor":3},{"not_picked":["hexamod:Firestarter","hexamod:GhostShield"],"picked":"hexamod:RainOfEmbers","floor":4},{"not_picked":["hexamod:DynamicBlow","hexamod:RainOfEmbers"],"picked":"hexamod:AdvancingGuard","floor":5},{"not_picked":["hexamod:BacktrackSmack","hexamod:SpectersWail"],"picked":"hexamod:ExtraCrispy","floor":5},{"not_picked":["hexamod:TurnItUp+1","hexamod:GhostOfSpirePast"],"picked":"hexamod:ThermalTransfer","floor":10},{"not_picked":["hexamod:PhantomFireball","hexamod:SuperheatedStrike"],"picked":"hexamod:ShieldOfDarkness+1","floor":12},{"not_picked":["hexamod:ThermalTransfer","hexamod:FourthSeal","hexamod:PhantomFireball"],"picked":"SKIP","floor":12},{"not_picked":["hexamod:Firestarter","hexamod:GhostOfSpirePresent"],"picked":"hexamod:FastForward+1","floor":14},{"not_picked":["hexamod:AdvancingGuard+1","hexamod:SuperheatedStrike"],"picked":"hexamod:ChargedBarrage+1","floor":14},{"not_picked":["hexamod:NecessarySacrifice+1","hexamod:ChargedBarrage+1"],"picked":"hexamod:GhostflameBarrier+1","floor":15},{"not_picked":["hexamod:UnlimitedPower+1","hexamod:TimeWarp"],"picked":"hexamod:SixthSeal","floor":16},{"not_picked":["hexamod:SixthSeal","hexamod:FifthSeal"],"picked":"hexamod:TimeOfNeed+1","floor":16},{"not_picked":["hexamod:HeatMetal+1","hexamod:AdvancingGuard+1"],"picked":"hexamod:SuperheatedStrike+1","floor":19},{"not_picked":["hexamod:FlamesFromBeyond+1","hexamod:GhostOfSpirePast","hexamod:SoulSteal+1"],"picked":"SKIP","floor":19},{"not_picked":["hexamod:GhostShield+1","hexamod:SpectralSpark+1","hexamod:InspiringFlames+1"],"picked":"SKIP","floor":21},{"not_picked":["hexamod:SuperheatedStrike","hexamod:HauntingEcho"],"picked":"hexamod:Hexaguard+1","floor":23},{"not_picked":["hexamod:RetreatToShadows+1","hexamod:SecondSeal"],"picked":"hexamod:FlameSwitch+1","floor":26},{"not_picked":["hexamod:SuperheatedStrike","hexamod:Toasty"],"picked":"hexamod:NightmareGuise+1","floor":26},{"not_picked":["hexamod:ThermalTransfer+1","hexamod:SpectersWail","hexamod:SuperheatedStrike"],"picked":"SKIP","floor":28},{"not_picked":["hexamod:FlamesFromBeyond+1","hexamod:NightmareStrike"],"picked":"hexamod:SpectralSpark+1","floor":29},{"not_picked":["hexamod:BurningTouch+1","hexamod:AdvancingGuard+1"],"picked":"hexamod:SpectralAdrenaline+1","floor":29},{"not_picked":["hexamod:NightmareStrike","hexamod:GhostShield+1"],"picked":"hexamod:PowerFromBeyond+1","floor":31},{"not_picked":["hexamod:ThermalTransfer","hexamod:NightmareGuise+1","hexamod:SuperheatedStrike"],"picked":"SKIP","floor":32},{"not_picked":["hexamod:RainOfEmbers","hexamod:GhostflameBarrier+1","hexamod:GhostOfSpirePast"],"picked":"SKIP","floor":32},{"not_picked":["hexamod:Toasty","hexamod:TurnItUp+1"],"picked":"hexamod:ForkedFlame","floor":33},{"not_picked":["hexamod:Firestarter+1","hexamod:SuperheatedStrike","hexamod:BurningTouch+1"],"picked":"SKIP","floor":36},{"not_picked":["hexamod:BurningTouch+1","hexamod:HauntingEcho+1"],"picked":"hexamod:ExtraCrispy","floor":37},{"not_picked":["hexamod:GhostShield+1","hexamod:SpectersWail","hexamod:SpectralSpark+1"],"picked":"SKIP","floor":37},{"not_picked":["hexamod:RadiantFlame+1","hexamod:ForkedFlame"],"picked":"hexamod:ShieldOfDarkness+1","floor":39},{"not_picked":["hexamod:InspiringFlames+1","hexamod:ShieldOfDarkness+1","hexamod:GhostShield+1"],"picked":"SKIP","floor":40},{"not_picked":["hexamod:ExtraCrispy+1","hexamod:Firestarter","hexamod:SwordOfDarkness"],"picked":"SKIP","floor":40},{"not_picked":["hexamod:FlamesFromBeyond+1","hexamod:PhantomFireball+1"],"picked":"hexamod:DynamicBlow+1","floor":43},{"not_picked":["hexamod:GhostShield+1","hexamod:BurningTouch+1","hexamod:FlamesFromBeyond+1"],"picked":"Singing Bowl","floor":43},{"not_picked":["hexamod:PhantomCloak","hexamod:BurningTouch+1","hexamod:SwordOfDarkness+1"],"picked":"Singing Bowl","floor":44},{"not_picked":["hexamod:Hexaguard+1","hexamod:FlamesFromBeyond+1","hexamod:GhostShield+1"],"picked":"Singing Bowl","floor":45},{"not_picked":["hexamod:Again+1","hexamod:SuperheatedStrike","hexamod:RadiantFlame"],"picked":"Singing Bowl","floor":45},{"not_picked":["hexamod:HeatCrush","hexamod:FlamesFromBeyond+1","hexamod:GhostLash"],"picked":"Singing Bowl","floor":47},{"not_picked":["hexamod:PowerFromBeyond+1","hexamod:DynamicBlow+1","hexamod:ThermalTransfer"],"picked":"Singing Bowl","floor":49},{"not_picked":["hexamod:SwordOfDarkness","hexamod:ExtraCrispy+1"],"picked":"hexamod:ForkedFlame","floor":49},{"not_picked":["hexamod:SoulSteal+1","hexamod:Hexaguard+1"],"picked":"hexamod:TurnItUp+1","floor":52},{"not_picked":["hexamod:InspiringFlames+1","hexamod:NightmareStrike","hexamod:PhantomFireball"],"picked":"Singing Bowl","floor":52},{"not_picked":["hexamod:StepThrough","hexamod:BurningTouch+1","hexamod:FastForward+1"],"picked":"Singing Bowl","floor":54}],"player_experience":584429,"relics_obtained":[{"floor":7,"key":"Toxic Egg 2"},{"floor":10,"key":"Blue Candle"},{"floor":12,"key":"Pen Nib"},{"floor":14,"key":"Dream Catcher"},{"floor":24,"key":"Calipers"},{"floor":26,"key":"Sundial"},{"floor":29,"key":"Tiny Chest"},{"floor":39,"key":"Old Coin"},{"floor":40,"key":"Gambling Chip"},{"floor":43,"key":"Singing Bowl"},{"floor":52,"key":"Unceasing Top"}],"event_choices":[{"cards_removed":["hexamod:Strike"],"damage_healed":0,"gold_gain":0,"player_choice":"Card Removal","damage_taken":0,"max_hp_gain":0,"max_hp_loss":0,"event_name":"The Cleric","floor":8,"gold_loss":0},{"cards_removed":["downfall:Haunted"],"damage_healed":0,"gold_gain":0,"player_choice":"Offered Curse","damage_taken":0,"relics_obtained":["Spirit Poop"],"max_hp_gain":0,"max_hp_loss":0,"event_name":"Bonfire Elementals","floor":25,"gold_loss":0}],"is_beta":false,"boss_relics":[{"not_picked":["Sozu","hexamod:IceCube"],"picked":"Cursed Key"},{"not_picked":["Tiny House","Busted Crown"],"picked":"Runic Dome"}],"items_purged_floors":[21,28,45],"is_endless":false,"potions_floor_spawned":[2,4,10,15,26,29,31,32,33,37,40,43,49],"killed_by":"downfall:NeowBoss","ascension_level":2}}