{"host":"rmt60uil2jppa14k","time":1612462363,"event":{"mods":["AchievementEnabler","BaseMod","Minty Spire (QoL Compilation)","Quick Restart","StSLib"],"gold_per_floor":[113,15,15,33,48,81,81,99,122,156,156,174,184,9,9,111,111,123,134,134,49,49,49,61,61,61,61,61],"floor_reached":27,"language":"ENG","playtime":709,"items_purged":[],"score":287,"play_id":"d44cc2e1-845c-46dd-971e-f8193e2314b2","local_time":"20210204181243","is_ascension_mode":true,"campfire_choices":[{"floor":7,"key":"REST"},{"floor":15,"key":"REST"},{"floor":23,"key":"REST"}],"circlet_count":0,"master_deck":["Strike_B","Strike_B","Strike_B","Defend_B","Defend_B","Defend_B","Defend_B+1","Zap","Dualcast","Leap","Ball Lightning","Redo+1","Genetic Algorithm","Sweeping Beam","Rainbow","Stack","Cold Snap","Turbo","Ball Lightning","Hello World","FTL","White Noise","Electrodynamics","Capacitor","Ball Lightning","Chaos+1"],"relics":["Cracked Core","NeowsBlessing","Vajra","Art of War","Boot","War Paint","Nilry\u0027s Codex","WingedGreaves","Singing Bowl"],"acts_visited":["Exordium","TheCity"],"potions_floor_usage":[10,10,12,16,16,27],"damage_taken":[{"damage":0,"enemies":"Small Slimes","floor":1,"turns":1},{"damage":0,"enemies":"Cultist","floor":4,"turns":1},{"damage":0,"enemies":"Jaw Worm","floor":5,"turns":1},{"damage":27,"enemies":"Gremlin Nob","floor":6,"turns":4},{"damage":17,"enemies":"Lots of Slimes","floor":8,"turns":4},{"damage":14,"enemies":"Lagavulin","floor":10,"turns":5},{"damage":0,"enemies":"2 Fungi Beasts","floor":12,"turns":2},{"damage":11,"enemies":"3 Louse","floor":13,"turns":3},{"damage":0,"enemies":"Slime Boss","floor":16,"turns":5},{"damage":24,"enemies":"2 Thieves","floor":18,"turns":3},{"damage":16,"enemies":"Shell Parasite","floor":19,"turns":5},{"damage":16,"enemies":"3 Cultists","floor":24,"turns":4},{"damage":29,"enemies":"Shelled Parasite and Fungi","floor":27,"turns":3}],"seed_played":"1695697941484030551","potions_obtained":[{"floor":1,"key":"Regen Potion"},{"floor":6,"key":"FocusPotion"},{"floor":11,"key":"SpeedPotion"},{"floor":11,"key":"AttackPotion"},{"floor":11,"key":"DistilledChaos"},{"floor":12,"key":"Ancient Potion"},{"floor":24,"key":"Energy Potion"}],"is_trial":false,"path_per_floor":["M","$","?","M","M","E","R","M","T","E","?","M","M","$","R","B",null,"M","M","?","?","?","R","M","$","T","M"],"character_chosen":"DEFECT","items_purchased":["Ball Lightning","Redo","Hello World","FTL","White Noise"],"campfire_rested":3,"item_purchase_floors":[2,2,14,14,14],"current_hp_per_floor":[75,75,75,75,75,48,70,53,53,53,53,53,42,42,64,64,75,51,35,19,19,19,41,25,25,25,0,0],"gold":61,"neow_bonus":"THREE_ENEMY_KILL","is_daily":false,"chose_seed":false,"campfire_upgraded":0,"win_rate":0.0,"timestamp":1612462363,"path_taken":["M","$","?","M","?","E","R","M","T","E","?","M","M","$","R","BOSS","M","?","?","?","?","R","M","$","T","?"],"items_purchased_type":["Card","Card","Card","Card","Card"],"build_version":"2020-12-22","purchased_purges":0,"victory":false,"max_hp_per_floor":[75,75,75,75,75,75,75,75,75,75,75,75,75,75,75,75,75,75,75,75,75,75,75,75,75,75,75,75],"card_choices":[{"not_picked":["Double Energy","Compile Driver"],"picked":"Leap","floor":1},{"not_picked":["Sweeping Beam","Lockon"],"picked":"Genetic Algorithm","floor":4},{"not_picked":["Go for the Eyes","Rebound"],"picked":"Sweeping Beam","floor":5},{"not_picked":["Barrage","Steam"],"picked":"Rainbow","floor":6},{"not_picked":["Heatsinks","Hologram"],"picked":"Stack","floor":8},{"not_picked":["White Noise","Compile Driver"],"picked":"Cold Snap","floor":10},{"not_picked":["Cold Snap","White Noise"],"picked":"Turbo","floor":12},{"not_picked":["Stack","Gash"],"picked":"Ball Lightning","floor":13},{"not_picked":["Thunder Strike","All For One"],"picked":"Electrodynamics","floor":16},{"not_picked":["Beam Cell","Redo"],"picked":"Capacitor","floor":18},{"not_picked":["Rebound+1","Barrage"],"picked":"Ball Lightning","floor":19},{"not_picked":["Consume","Fusion+1"],"picked":"Chaos+1","floor":24}],"player_experience":132325,"relics_obtained":[{"floor":3,"key":"Vajra"},{"floor":6,"key":"Art of War"},{"floor":9,"key":"Boot"},{"floor":10,"key":"War Paint"},{"floor":20,"key":"Nilry\u0027s Codex"},{"floor":26,"key":"Singing Bowl"}],"event_choices":[{"damage_healed":0,"gold_gain":0,"player_choice":"Relic","damage_taken":0,"max_hp_gain":0,"max_hp_loss":0,"event_name":"Wheel of Change","floor":3,"gold_loss":0},{"damage_healed":0,"gold_gain":0,"player_choice":"Got Potions","damage_taken":0,"max_hp_gain":0,"max_hp_loss":0,"event_name":"Lab","floor":11,"gold_loss":0},{"damage_healed":0,"gold_gain":0,"player_choice":"Obtained Book","damage_taken":16,"max_hp_gain":0,"max_hp_loss":0,"event_name":"Cursed Tome","floor":20,"gold_loss":0},{"damage_healed":0,"gold_gain":0,"player_choice":"Obtained Relic","damage_taken":0,"relics_obtained":["WingedGreaves"],"max_hp_gain":0,"max_hp_loss":0,"event_name":"Addict","floor":21,"gold_loss":85},{"cards_removed":["Strike_B"],"damage_healed":0,"gold_gain":0,"player_choice":"Offered Basic","damage_taken":0,"max_hp_gain":0,"max_hp_loss":0,"event_name":"Bonfire Elementals","floor":22,"gold_loss":0}],"is_beta":false,"boss_relics":[{"not_picked":["Empty Cage","Coffee Dripper","Snecko Eye"]}],"items_purged_floors":[],"is_endless":false,"potions_floor_spawned":[1,6,12,24],"killed_by":"Shelled Parasite and Fungi","ascension_level":1}}