{"host":"d2y4rmbezebiv8aj","time":1612428561,"event":{"mods":["AchievementEnabler","BaseMod","Bestiary","BetterRewards","Colored Map","Colored Powertips","Custom Start","Highlight Path","Minty Spire (QoL Compilation)","Quick Restart","Rare Cards Sparkle","Relic Sorter","Relic Stats","Shop Mod","Slay-I","StSLib","SuperFastMode"],"gold_per_floor":[119,139,117,130,130,130,130,163,163,175,193,193,193,193,193,267,267,280,57,107,117,127,127,162,162,210,210,239,199,199,127,127,205,205,216,216,230,248,17,17,17,29,81,81,106,121,121,121,121,121],"floor_reached":51,"language":"DEU","playtime":1654,"items_purged":["Regret"],"score":1446,"play_id":"2c052cc3-eac0-4d4d-a16d-ecf421cdc88a","local_time":"20210204094921","is_ascension_mode":true,"campfire_choices":[{"floor":6.0,"key":"REST"},{"floor":12.0,"key":"REST"},{"floor":15.0,"key":"REST"},{"data":"Apotheosis","floor":23.0,"key":"SMITH"},{"floor":25.0,"key":"REST"},{"floor":27.0,"key":"REST"},{"data":"Footwork","floor":30.0,"key":"SMITH"},{"floor":32.0,"key":"REST"},{"floor":40.0,"key":"REST"},{"data":"Mayhem","floor":44.0,"key":"SMITH"},{"floor":49,"key":"REST"}],"circlet_count":0,"master_deck":["AscendersBane","Strike_G","Strike_G","Strike_G+1","Strike_G","Defend_G","Defend_G","Defend_G+1","Defend_G","Defend_G","Survivor+1","Neutralize+1","Noxious Fumes+1","Noxious Fumes","Apotheosis+1","Dash","Poisoned Stab","Slice","Backstab","PiercingWail","Footwork+1","Distraction","Bane","Footwork+1","Deadly Poison","Distraction+1","Outmaneuver","Quick Slash","Footwork","After Image","Endless Agony+1","Caltrops","Mayhem+1","Backstab","Backflip+1","PiercingWail+1"],"relics":["Ring of the Snake","Gremlin Horn","PreservedInsect","White Beast Statue","Thread and Needle","Omamori","Black Star","Lee\u0027s Waffle","War Paint","Torii","Centennial Puzzle","Dream Catcher","Mummified Hand","Nunchaku","Peace Pipe","Ice Cream"],"acts_visited":["Exordium","TheCity","TheBeyond"],"potions_floor_usage":[46,50,50],"damage_taken":[{"damage":0.0,"enemies":"Cultist","floor":1.0,"turns":5.0},{"damage":9.0,"enemies":"Small Slimes","floor":2.0,"turns":5.0},{"damage":0.0,"enemies":"2 Louse","floor":4.0,"turns":3.0},{"damage":13.0,"enemies":"Lagavulin","floor":8.0,"turns":6.0},{"damage":0.0,"enemies":"Blue Slaver","floor":10.0,"turns":3.0},{"damage":6.0,"enemies":"Lots of Slimes","floor":11.0,"turns":5.0},{"damage":12.0,"enemies":"The Guardian","floor":16.0,"turns":10.0},{"damage":7.0,"enemies":"Chosen","floor":18.0,"turns":6.0},{"damage":6.0,"enemies":"3 Byrds","floor":21.0,"turns":7.0},{"damage":15.0,"enemies":"3 Cultists","floor":22.0,"turns":6.0},{"damage":24.0,"enemies":"Slavers","floor":24.0,"turns":5.0},{"damage":26.0,"enemies":"Gremlin Leader","floor":28.0,"turns":7.0},{"damage":14.0,"enemies":"Champ","floor":33.0,"turns":10.0},{"damage":1.0,"enemies":"Orb Walker","floor":35.0,"turns":4.0},{"damage":0.0,"enemies":"3 Darklings","floor":37.0,"turns":7.0},{"damage":37.0,"enemies":"Jaw Worm Horde","floor":38.0,"turns":5.0},{"damage":8.0,"enemies":"Sphere and 2 Shapes","floor":42.0,"turns":8.0},{"damage":30.0,"enemies":"Mind Bloom Boss Battle","floor":45.0,"turns":7.0},{"damage":1,"enemies":"3 Darklings","floor":46,"turns":5},{"damage":18,"enemies":"Awakened One","floor":50,"turns":15}],"seed_played":"-3052495667188869529","potions_obtained":[{"floor":1.0,"key":"CultistPotion"},{"floor":2.0,"key":"CunningPotion"},{"floor":8.0,"key":"Strength Potion"},{"floor":16.0,"key":"DistilledChaos"},{"floor":18.0,"key":"SpeedPotion"},{"floor":21.0,"key":"Strength Potion"},{"floor":33.0,"key":"PowerPotion"},{"floor":35.0,"key":"Poison Potion"},{"floor":37.0,"key":"ColorlessPotion"},{"floor":38.0,"key":"Regen Potion"},{"floor":46,"key":"SteroidPotion"}],"is_trial":false,"path_per_floor":["M","M","$","M","$","R","?","E","T","M","M","R","?","?","R","B",null,"M","$","?","M","M","R","E","R","T","R","E","?","R","$","R","B",null,"M","$","M","M","$","R","$","M","T","R","?","M","T","?","R","B",null],"character_chosen":"THE_SILENT","items_purchased":["Noxious Fumes","Gremlin Horn","Noxious Fumes","Slice","PreservedInsect","Apotheosis","Dash","Poisoned Stab","PiercingWail","Lee\u0027s Waffle","Footwork","Mayhem","Backstab"],"campfire_rested":8,"item_purchase_floors":[0,0,0,0,0,0,0,0,3,19,31,39,39],"current_hp_per_floor":[27,18,18,18,18,39,39,26,26,26,20,41,27,27,48,36,62,55,77,77,71,56,56,32,55,55,77,51,51,51,51,74,60,73,72,72,72,35,35,58,58,50,50,50,20,33,33,26,49,31],"gold":121,"neow_bonus":"","is_daily":false,"chose_seed":false,"campfire_upgraded":3,"win_rate":0.0,"timestamp":1612428561,"path_taken":["M","M","?","M","$","R","?","E","T","M","?","R","?","?","R","BOSS","M","$","?","M","?","R","E","R","T","R","E","?","R","$","R","BOSS","M","$","M","M","$","R","?","M","T","R","?","M","?","?","R","BOSS"],"items_purchased_type":["Card","Relic","Card","Card","Relic","Card","Card","Card","Card","Relic","Card","Card","Card"],"build_version":"2020-12-22","purchased_purges":1,"victory":true,"max_hp_per_floor":[70,70,70,70,70,70,70,70,70,70,70,70,70,70,70,70,70,70,77,77,77,77,77,77,77,77,77,77,77,77,77,77,77,77,77,77,77,77,77,77,77,77,77,77,77,77,77,77,77,77],"relic_stats":{"Lee\u0027s Waffle":22,"Gremlin Horn":[31,31],"Torii":11,"counters":[122,602],"PreservedInsect":116,"War Paint":["Survivor","Defend_G"],"Peace Pipe":0,"Centennial Puzzle":[24],"Dream Catcher":3,"Nunchaku":[7],"Mummified Hand":[55],"Black Star":7,"obtain_stats":[{"TwistedFunnel":12,"Ice Cream":47,"Gremlin Horn":17,"Nilry\u0027s Codex":20,"Vajra":43,"Ginger":22,"Boot":10,"Blood Vial":7,"Centennial Puzzle":26,"DollysMirror":25,"Sundial":43,"Philosopher\u0027s Stone":17,"Kunai":25,"Toxic Egg 2":0,"Happy Flower":26,"Dead Branch":0,"Oddly Smooth Stone":17,"Eternal Feather":8,"Paper Crane":29,"War Paint":24,"Question Card":40,"SlaversCollar":34,"Shuriken":43,"Bronze Scales":11,"Bird Faced Urn":6,"Black Star":34,"Ring of the Serpent":34,"Meat on the Bone":28,"Pocketwatch":17,"Darkstone Periapt":9,"Regal Pillow":21,"Lantern":46,"Singing Bowl":13,"Torii":24,"Snake Skull":15,"Juzu Bracelet":23,"Smiling Mask":19,"Empty Cage":17,"Ancient Tea Set":44,"ClockworkSouvenir":0,"Nunchaku":27,"Dream Catcher":26,"Shovel":0,"Mummified Hand":28,"Ninja Scroll":0,"Toolbox":14,"Tiny Chest":26,"InkBottle":6,"Ring of the Snake":0,"Potion Belt":30,"Lee\u0027s Waffle":19,"NeowsBlessing":0,"The Specimen":17,"Thread and Needle":9,"PreservedInsect":29,"Omamori":9,"Orichalcum":9,"White Beast Statue":8,"Calling Bell":17,"Peace Pipe":45,"Anchor":40,"Ornamental Fan":11,"Membership Card":19},{"TwistedFunnel":47,"Ice Cream":121,"Gremlin Horn":28,"Nilry\u0027s Codex":63,"Vajra":39,"Ginger":89,"Boot":46,"Blood Vial":46,"Centennial Puzzle":113,"DollysMirror":31,"Sundial":98,"Philosopher\u0027s Stone":9,"Kunai":65,"Toxic Egg 2":77,"Happy Flower":65,"Dead Branch":19,"Oddly Smooth Stone":28,"Eternal Feather":59,"Paper Crane":68,"War Paint":113,"Question Card":72,"SlaversCollar":17,"Shuriken":73,"Bronze Scales":59,"Bird Faced Urn":81,"Black Star":69,"Ring of the Serpent":34,"Meat on the Bone":32,"Pocketwatch":87,"Darkstone Periapt":82,"Regal Pillow":10,"Lantern":40,"Singing Bowl":60,"Torii":113,"Snake Skull":48,"Juzu Bracelet":12,"Smiling Mask":10,"Empty Cage":49,"Ancient Tea Set":99,"ClockworkSouvenir":77,"Nunchaku":14,"Dream Catcher":31,"Shovel":43,"Mummified Hand":32,"Ninja Scroll":43,"Toolbox":60,"Tiny Chest":13,"InkBottle":25,"Ring of the Snake":0,"Potion Belt":93,"Lee\u0027s Waffle":110,"NeowsBlessing":0,"The Specimen":28,"Thread and Needle":106,"PreservedInsect":33,"Omamori":25,"Orichalcum":7,"White Beast Statue":106,"Calling Bell":28,"Peace Pipe":120,"Anchor":72,"Ornamental Fan":7,"Membership Card":50},{"TwistedFunnel":194,"Ice Cream":587,"Gremlin Horn":127,"Nilry\u0027s Codex":265,"Vajra":171,"Ginger":395,"Boot":193,"Blood Vial":193,"Centennial Puzzle":534,"DollysMirror":141,"Sundial":452,"Philosopher\u0027s Stone":26,"Kunai":276,"Toxic Egg 2":346,"Happy Flower":276,"Dead Branch":83,"Oddly Smooth Stone":127,"Eternal Feather":243,"Paper Crane":294,"War Paint":534,"Question Card":326,"SlaversCollar":67,"Shuriken":332,"Bronze Scales":243,"Bird Faced Urn":358,"Black Star":303,"Ring of the Serpent":154,"Meat on the Bone":143,"Pocketwatch":389,"Darkstone Periapt":363,"Regal Pillow":27,"Lantern":173,"Singing Bowl":247,"Torii":534,"Snake Skull":195,"Juzu Bracelet":36,"Smiling Mask":27,"Empty Cage":204,"Ancient Tea Set":456,"ClockworkSouvenir":346,"Nunchaku":47,"Dream Catcher":141,"Shovel":188,"Mummified Hand":143,"Ninja Scroll":188,"Toolbox":247,"Tiny Chest":41,"InkBottle":109,"Ring of the Snake":0,"Potion Belt":417,"Lee\u0027s Waffle":516,"NeowsBlessing":0,"The Specimen":127,"Thread and Needle":492,"PreservedInsect":146,"Omamori":109,"Orichalcum":15,"White Beast Statue":492,"Calling Bell":127,"Peace Pipe":582,"Anchor":326,"Ornamental Fan":15,"Membership Card":205}],"Ring of the Snake":[140]},"card_choices":[{"not_picked":["Quick Slash","Dodge and Roll"],"picked":"Slice","floor":1.0},{"not_picked":["Dagger Spray","Deflect"],"picked":"Backstab","floor":2.0},{"not_picked":["Terror","Bane"],"picked":"Footwork","floor":4.0},{"not_picked":["Setup","Quick Slash"],"picked":"Distraction","floor":8.0},{"not_picked":["Distraction","Leg Sweep"],"picked":"Bane","floor":10.0},{"not_picked":["Quick Slash","Dagger Throw","Choke"],"picked":"SKIP","floor":11.0},{"not_picked":["Outmaneuver","Poisoned Stab"],"picked":"Footwork","floor":18.0},{"not_picked":["Accuracy","Dagger Throw"],"picked":"Deadly Poison","floor":21.0},{"not_picked":["Predator","Prepared"],"picked":"Distraction+1","floor":22.0},{"not_picked":["Leg Sweep","Sucker Punch"],"picked":"Outmaneuver","floor":24.0},{"not_picked":["Endless Agony","Cloak And Dagger"],"picked":"Quick Slash","floor":28.0},{"not_picked":["Burst","Unload"],"picked":"After Image","floor":33.0},{"not_picked":["Flying Knee+1","Acrobatics"],"picked":"Endless Agony+1","floor":35.0},{"not_picked":["Deflect","Outmaneuver+1","Dodge and Roll"],"picked":"SKIP","floor":37.0},{"not_picked":["Slice","PiercingWail"],"picked":"Caltrops","floor":38.0},{"not_picked":["All Out Attack+1","Flechettes","Quick Slash+1"],"picked":"SKIP","floor":42.0},{"not_picked":["Venomology","Bane"],"picked":"Backflip+1","floor":46},{"not_picked":["Blade Dance","Quick Slash"],"picked":"PiercingWail+1","floor":49}],"player_experience":401419,"relics_obtained":[{"floor":8.0,"key":"White Beast Statue"},{"floor":9.0,"key":"Thread and Needle"},{"floor":24.0,"key":"War Paint"},{"floor":24.0,"key":"Torii"},{"floor":26.0,"key":"Centennial Puzzle"},{"floor":28.0,"key":"Dream Catcher"},{"floor":28.0,"key":"Mummified Hand"},{"floor":43.0,"key":"Nunchaku"},{"floor":45.0,"key":"Peace Pipe"},{"floor":47,"key":"Ice Cream"}],"event_choices":[{"cards_removed":["Strike_G"],"damage_healed":0.0,"max_hp_gain":0.0,"max_hp_loss":0.0,"gold_gain":0.0,"event_name":"Bonfire Elementals","player_choice":"Offered Basic","floor":7.0,"gold_loss":0.0,"damage_taken":0.0},{"damage_healed":0.0,"max_hp_gain":0.0,"max_hp_loss":0.0,"gold_gain":0.0,"event_name":"Shining Light","player_choice":"Entered Light","floor":13.0,"gold_loss":0.0,"damage_taken":14.0,"cards_upgraded":["Footwork","Noxious Fumes"]},{"damage_healed":0.0,"max_hp_gain":0.0,"max_hp_loss":0.0,"gold_gain":0.0,"event_name":"Big Fish","player_choice":"Box","floor":14.0,"gold_loss":0.0,"damage_taken":0.0,"relics_obtained":["Omamori"],"cards_obtained":["Regret"]},{"damage_healed":0.0,"max_hp_gain":0.0,"max_hp_loss":0.0,"gold_gain":100.0,"event_name":"The Joust","player_choice":"Bet on Murderer","floor":20.0,"gold_loss":50.0,"damage_taken":0.0},{"damage_healed":0.0,"max_hp_gain":0.0,"max_hp_loss":0.0,"gold_gain":0.0,"event_name":"Designer","player_choice":"Upgraded Two","floor":29.0,"gold_loss":40.0,"damage_taken":0.0,"cards_upgraded":["Strike_G","Neutralize"]},{"damage_healed":0.0,"max_hp_gain":0.0,"max_hp_loss":0.0,"gold_gain":0.0,"event_name":"MindBloom","player_choice":"Fight","floor":45.0,"gold_loss":0.0,"damage_taken":0.0},{"damage_healed":0,"gold_gain":0,"player_choice":"Damaged","damage_taken":7,"max_hp_gain":0,"max_hp_loss":0,"event_name":"Wheel of Change","floor":48,"gold_loss":0}],"is_beta":false,"boss_relics":[{"not_picked":["SacredBark","Fusion Hammer"],"picked":"Black Star"},{"not_picked":["Runic Dome","Pandora\u0027s Box","Runic Pyramid"]}],"items_purged_floors":[19],"is_endless":false,"potions_floor_spawned":[1,2,8,10,11,16,18,21,22,24,28,33,35,37,38,42,45,46],"ascension_level":13}}