{"host":"jbmvtpvel2a8rbg6","time":1612473534,"event":{"mods":["Aspiration","BaseMod","Better Match","Better Sensory Stone","Better Skull","Conspire","Downfall","Energized Spire","GungeonMod","Hubris","Infinite Spire","Minty Spire (QoL Compilation)","RRrroohrrRGHHhhh!!","Reliquary","Replay The Spire","StSLib","Wandering Minibosses"],"gold_per_floor":[111,61,19,19,19,44,44,44,69,84,84,116,116,116,130,61,61,66,66],"floor_reached":18,"language":"ENG","playtime":949,"items_purged":[],"score":141,"play_id":"ab20802f-ddef-4e5b-8c27-7d85cba7187c","local_time":"20210204131854","is_ascension_mode":false,"campfire_choices":[{"data":"DemoMod:CrossBow","floor":8,"key":"SMITH"},{"floor":11,"key":"REST"},{"data":"DemoMod:TableSutra","floor":17,"key":"SMITH"}],"circlet_count":0,"master_deck":["DemoMod:Strike_Huntress","DemoMod:Strike_Huntress","DemoMod:Defend_Huntress","DemoMod:Defend_Huntress","DemoMod:Defend_Huntress","DemoMod:Defend_Huntress","DemoMod:Roll","DemoMod:ManualReload","DemoMod:RustySidearm","DemoMod:CrossBow+1","DemoMod:DoubleSwitch","DemoMod:ShadowBullets","DemoMod:TableSutra+1","DemoMod:MegaHand"],"relics":["DemoMod:Dog","NeowsBlessing","Bag of Marbles","Centennial Puzzle","DemoMod:LamentConfigurum","hubris:SlimyHat","Turnip"],"acts_visited":["Exordium"],"potions_floor_usage":[12,12,18,18],"damage_taken":[{"damage":0,"enemies":"Small Slimes","floor":1,"turns":1},{"damage":0,"enemies":"Lagavulin","floor":6,"turns":1},{"damage":15,"enemies":"2 Louse","floor":10,"turns":4},{"damage":26,"enemies":"3 Sentries","floor":12,"turns":10},{"damage":0,"enemies":"Cultist","floor":15,"turns":2},{"damage":28,"enemies":"The Guardian","floor":18,"turns":13}],"seed_played":"-2370011721340762110","potions_obtained":[{"floor":6,"key":"Regen Potion"},{"floor":10,"key":"Fire Potion"},{"floor":12,"key":"sneckomod:MuddlingPotion"},{"floor":15,"key":"GamblersBrew"}],"is_trial":false,"path_per_floor":["M","?","?","$","?","E","?","R","T","M","R","E","PTL","PTL","M","$","R","B"],"character_chosen":"HUNTRESS","items_purchased":["DemoMod:MegaHand"],"campfire_rested":1,"item_purchase_floors":[16],"current_hp_per_floor":[70,70,70,70,65,65,32,32,32,17,36,25,25,25,25,25,25,0,0],"gold":66,"neow_bonus":"THREE_ENEMY_KILL","is_daily":false,"chose_seed":false,"campfire_upgraded":2,"win_rate":0.0,"timestamp":1612473534,"path_taken":["M","?","?","$","?","E","?","R","T","M","R","E","PTL","PTL","M","$","R","BOSS"],"items_purchased_type":["Card"],"build_version":"2020-12-22","purchased_purges":0,"victory":false,"max_hp_per_floor":[70,70,70,70,65,65,65,65,65,65,65,65,65,65,65,65,65,65,65],"card_choices":[{"not_picked":["DemoMod:PracticeMakesPerfect","DemoMod:HungryBullets"],"picked":"DemoMod:DoubleSwitch","floor":1},{"not_picked":["DemoMod:TeaPot","DemoMod:HardPowerCard","DemoMod:StickyCrossBow"],"picked":"SKIP","floor":6},{"not_picked":["DemoMod:MachoBrace","DemoMod:HardPowerCard","DemoMod:ChanceBullets"],"picked":"SKIP","floor":10},{"not_picked":["DemoMod:BlankBullets","DemoMod:Ejector"],"picked":"DemoMod:ShadowBullets","floor":12},{"not_picked":["DemoMod:HungryBullets","DemoMod:HardPowerCard"],"picked":"DemoMod:TableSutra","floor":15}],"player_experience":834701,"relics_obtained":[{"floor":6,"key":"Bag of Marbles"},{"floor":9,"key":"hubris:SlimyHat"},{"floor":12,"key":"Turnip"}],"event_choices":[{"cards_removed":["DemoMod:Strike_Huntress"],"damage_healed":0,"gold_gain":0,"player_choice":"Card Removal","damage_taken":0,"max_hp_gain":0,"max_hp_loss":0,"event_name":"The Cleric","floor":2,"gold_loss":50},{"damage_healed":0,"gold_gain":0,"player_choice":"Left Gold","damage_taken":0,"max_hp_gain":0,"max_hp_loss":0,"event_name":"World of Goop","floor":3,"gold_loss":42},{"damage_healed":0,"gold_gain":0,"player_choice":"RE RE ","damage_taken":37,"relics_obtained":["Centennial Puzzle","DemoMod:LamentConfigurum"],"max_hp_gain":0,"max_hp_loss":0,"event_name":"betterSkull:BetterSkull","floor":7,"gold_loss":0,"cards_upgraded":[]}],"is_beta":false,"boss_relics":[],"items_purged_floors":[],"is_endless":false,"potions_floor_spawned":[6,10,12,15],"killed_by":"The Guardian","ascension_level":0}}