{"host":"xhm1ik3sxl6w66st","time":1612450135,"event":{"mods":["BaseMod","Colored Powertips","Downfall","Duelist Mod","Hermit","Jorbs\u0027s Wanderer Trilogy","Marisa????????","Minty Spire (QoL Compilation)","Quick Restart","READ ME - Guardian Mod","Replay The Spire","StSLib","The Bug Knight","The Construct","The Cursed","The Disciple","The Hierophant","The Jungle","The Necromancer","The Runesmith","The Senshi","The Servant 0.9.4"],"gold_per_floor":[99,109,126,142,7,18,64,64,86,86,86,118,103,119,130,130,130,130],"floor_reached":16,"language":"ENG","playtime":1386,"items_purged":[],"score":94,"play_id":"56322f11-5486-43f0-9673-b6d84deb9c92","local_time":"20210204074855","is_ascension_mode":false,"campfire_choices":[{"floor":1,"key":"RECALL"},{"data":"Guardian:ArmoredProtocol","floor":8,"key":"SMITH"},{"data":"Guardian:TwinSlam","floor":11,"key":"SMITH"}],"circlet_count":0,"master_deck":["Guardian:Strike_Guardian","Guardian:Strike_Guardian","Guardian:Strike_Guardian","Guardian:Strike_Guardian","Guardian:Defend_Guardian","Guardian:Defend_Guardian","Guardian:Defend_Guardian","Guardian:Defend_Guardian","Guardian:CurlUp","Guardian:TwinSlam+1","Guardian:Incinerate","Guardian:ArmoredProtocol+1","Guardian:PiercingHide","Guardian:RollAttack","Guardian:Gem_Green","Guardian:ChargeCore","Guardian:PiercingHide","Guardian:FloatingOrbs"],"relics":["Guardian:ModeShifter","Tiny Chest","Odd Mushroom","ReplayTheSpireMod:Ring of Challenge"],"acts_visited":["Exordium"],"potions_floor_usage":[],"damage_taken":[{"damage":5,"enemies":"Cultist","floor":2,"turns":4},{"damage":0,"enemies":"Small Slimes","floor":3,"turns":5},{"damage":10,"enemies":"Jaw Worm","floor":4,"turns":5},{"damage":5,"enemies":"downfall:FleeingMerchant","floor":5,"turns":4},{"damage":17,"enemies":"Exordium Thugs","floor":6,"turns":9},{"damage":9,"enemies":"The Mushroom Lair","floor":9,"turns":6},{"damage":15,"enemies":"Large Slime","floor":12,"turns":8},{"damage":15,"enemies":"downfall:FleeingMerchant","floor":13,"turns":4},{"damage":6,"enemies":"Blue Slaver","floor":14,"turns":4},{"damage":0,"enemies":"Gremlin Gang","floor":15,"turns":6},{"damage":7,"enemies":"WA_ARCHETYPE_RETAIN","floor":16,"turns":2}],"seed_played":"-4430154281892545426","potions_obtained":[{"floor":3,"key":"FearPotion"},{"floor":4,"key":"EssenceOfSteel"},{"floor":6,"key":"Weak Potion"}],"is_trial":false,"path_per_floor":["R","M","M","M","$","M","T","R","?","?","R","M","$","M","M","B"],"character_chosen":"GUARDIAN","items_purchased":["Guardian:Gem_Orange"],"campfire_rested":0,"item_purchase_floors":[5],"current_hp_per_floor":[88,83,83,73,68,51,51,51,42,42,42,27,12,6,6,0,0,0],"gold":130,"neow_bonus":"TEN_PERCENT_HP_BONUS","is_daily":false,"chose_seed":false,"campfire_upgraded":2,"win_rate":0.0,"timestamp":1612450135,"path_taken":["R","M","M","M","$","M","T","R","?","?","R","M","$","M","M","BOSS"],"items_purchased_type":["Card"],"build_version":"2020-12-22","purchased_purges":0,"victory":false,"max_hp_per_floor":[88,88,88,88,88,88,88,88,88,88,88,88,88,88,88,88,88,88],"card_choices":[{"not_picked":["Guardian:WalkerClaw","Guardian:Gem_Lightblue"],"picked":"Guardian:Gem_Cyan","floor":2},{"not_picked":["Guardian:PolyBeam","Guardian:TimeBomb"],"picked":"Guardian:Incinerate","floor":3},{"not_picked":["Guardian:Gem_Blue","Guardian:TemporalShield"],"picked":"Guardian:ArmoredProtocol","floor":4},{"not_picked":["Guardian:Planning","Guardian:Gem_White"],"picked":"Guardian:Gem_Cyan","floor":5},{"not_picked":["Guardian:Harden","Guardian:Gem_Green"],"picked":"Guardian:PiercingHide","floor":6},{"not_picked":["Guardian:Incinerate","Guardian:Reroute"],"picked":"Guardian:RollAttack","floor":9},{"not_picked":["Guardian:DecasProtection","Guardian:ShieldSpikes"],"picked":"Guardian:Gem_Green","floor":12},{"not_picked":["Guardian:FastForward","Guardian:BodySlam"],"picked":"Guardian:ChargeCore","floor":13},{"not_picked":["Guardian:PrimingBeam","Guardian:Gem_Cyan"],"picked":"Guardian:PiercingHide","floor":14},{"not_picked":["Guardian:EvasiveProtocol","Guardian:PrismaticBeam"],"picked":"Guardian:FloatingOrbs","floor":15}],"player_experience":177052,"relics_obtained":[{"floor":7,"key":"Tiny Chest"},{"floor":9,"key":"Odd Mushroom"},{"floor":10,"key":"ReplayTheSpireMod:Ring of Challenge"}],"event_choices":[{"damage_healed":0,"gold_gain":0,"player_choice":"Fought Mushrooms","damage_taken":0,"max_hp_gain":0,"max_hp_loss":0,"event_name":"Mushrooms","floor":9,"gold_loss":0}],"is_beta":false,"boss_relics":[],"items_purged_floors":[],"is_endless":false,"potions_floor_spawned":[3,4,6,14],"killed_by":"WA_ARCHETYPE_RETAIN","ascension_level":0}}