{"host":"tpbmol9dayg75a5s","time":1612453513,"event":{"mods":["BaseMod","Bestiary","Block Reminder","Colored Powertips","Dark Map","Downfall","Minty Spire (QoL Compilation)","Quick Restart","Relic Stats","Reliquary","Spire Arcade","StSLib"],"gold_per_floor":[99,117,132,145,165,181,228,228,128,128,128,128,155,13,23,23,23,23],"floor_reached":16,"language":"ENG","playtime":1981,"items_purged":["downfall:Malfunctioning"],"score":148,"play_id":"e9d1dc9e-4a68-4017-8043-2bd6ca123676","local_time":"20210204124513","is_ascension_mode":true,"campfire_choices":[{"floor":1,"key":"RECALL"},{"data":"Guardian:Preprogram","floor":9,"key":"SMITH"},{"data":"Panacea","floor":12,"key":"SMITH"}],"circlet_count":0,"master_deck":["Guardian:Strike_Guardian","Guardian:Strike_Guardian","Guardian:Strike_Guardian","Guardian:Strike_Guardian","Guardian:Defend_Guardian+1","Guardian:Defend_Guardian","Guardian:Defend_Guardian","Guardian:Defend_Guardian+1","Guardian:CurlUp","Guardian:TwinSlam","Panacea+1","Guardian:Preprogram+1","Guardian:RollAttack","Guardian:Recover+1","Guardian:MultiBeam","Guardian:BronzeOrb","Guardian:Recover"],"relics":["Guardian:ModeShifter","Ancient Tea Set","downfall:HeartBlessingRed","Guardian:StasisCodex","Pantograph","reliquary:TatteredRug"],"acts_visited":["Exordium"],"potions_floor_usage":[5,16,16],"damage_taken":[{"damage":10,"enemies":"Cultist","floor":2,"turns":4},{"damage":1,"enemies":"2 Louse","floor":3,"turns":5},{"damage":4,"enemies":"Jaw Worm","floor":4,"turns":4},{"damage":9,"enemies":"2 Fungi Beasts","floor":5,"turns":3},{"damage":12,"enemies":"Exordium Thugs","floor":6,"turns":9},{"damage":28,"enemies":"Gremlin Nob","floor":13,"turns":6},{"damage":2,"enemies":"downfall:FleeingMerchant","floor":14,"turns":4},{"damage":1,"enemies":"Red Slaver","floor":15,"turns":3},{"damage":52,"enemies":"WA_ARCHETYPE_RETAIN","floor":16,"turns":12}],"seed_played":"1625536564870805261","potions_obtained":[{"floor":2,"key":"Explosive Potion"},{"floor":4,"key":"sneckomod:MuddlingPotion"},{"floor":15,"key":"Guardian:AcceleratePotion"}],"is_trial":false,"path_per_floor":["R","M","M","M","M","M","T","?","R","T","?","R","E","$","M","B"],"character_chosen":"GUARDIAN","items_purchased":["Fire Potion"],"campfire_rested":0,"item_purchase_floors":[14],"current_hp_per_floor":[72,62,61,57,48,36,36,36,36,36,36,36,8,6,5,0,0,0],"gold":23,"neow_bonus":"RANDOM_COLORLESS","is_daily":false,"chose_seed":false,"campfire_upgraded":2,"win_rate":0.0,"timestamp":1612453513,"path_taken":["R","M","?","M","M","?","T","?","R","?","?","R","E","$","M","BOSS"],"items_purchased_type":["Potion"],"build_version":"2020-12-22","purchased_purges":1,"victory":false,"max_hp_per_floor":[80,80,80,80,80,80,80,80,80,80,80,80,80,80,80,80,80,80],"relic_stats":{"counters":[9,50],"Pantograph":25,"obtain_stats":[{"downfall:HeartBlessingRed":9,"Pantograph":11,"Guardian:ModeShifter":0,"Guardian:StasisCodex":10,"reliquary:TatteredRug":13,"Ancient Tea Set":7},{"downfall:HeartBlessingRed":5,"Pantograph":5,"Guardian:ModeShifter":0,"Guardian:StasisCodex":5,"reliquary:TatteredRug":6,"Ancient Tea Set":5},{"downfall:HeartBlessingRed":25,"Pantograph":25,"Guardian:ModeShifter":0,"Guardian:StasisCodex":25,"reliquary:TatteredRug":31,"Ancient Tea Set":25}]},"card_choices":[{"not_picked":["PanicButton","Bandage Up"],"picked":"Panacea","floor":0},{"not_picked":["Guardian:Incinerate","Guardian:BodySlam"],"picked":"Guardian:Gem_Cyan","floor":2},{"not_picked":["Guardian:CrystalBeam","Guardian:ChargeCore"],"picked":"Guardian:Preprogram","floor":3},{"not_picked":["Guardian:PolyBeam","Guardian:Planning"],"picked":"Guardian:RollAttack","floor":4},{"not_picked":["Guardian:Incinerate","Guardian:Gem_Lightblue"],"picked":"Guardian:Recover","floor":5},{"not_picked":["Guardian:RollAttack","Guardian:Gem_Green"],"picked":"Guardian:Gem_Yellow","floor":6},{"not_picked":["Guardian:EvasiveProtocol","Guardian:CrystalBeam"],"picked":"Guardian:MultiBeam","floor":13},{"not_picked":["Guardian:Emergency","Guardian:PrimingBeam"],"picked":"Guardian:BronzeOrb","floor":14},{"not_picked":["Guardian:Suspension","Guardian:GemFire"],"picked":"Guardian:Recover","floor":15}],"player_experience":1099886,"relics_obtained":[{"floor":7,"key":"Ancient Tea Set"},{"floor":10,"key":"Guardian:StasisCodex"},{"floor":13,"key":"reliquary:TatteredRug"}],"event_choices":[],"is_beta":false,"boss_relics":[],"items_purged_floors":[14],"is_endless":false,"potions_floor_spawned":[2,4,15],"killed_by":"WA_ARCHETYPE_RETAIN","ascension_level":9}}