{"host":"6pfj0wha12yu6wq3","time":1612480799,"event":{"mods":["AchievementEnabler","BaseMod","Colored Map","Colored Powertips","Curses Come First","DeckTracker","Minty Spire (QoL Compilation)","RNG Fix","Relic Sorter","Relic Stats","StSLib","UnlockEverythingMod","ojb\u0027s Better Paths Mod","ojb\u0027s Info Mod"],"gold_per_floor":[119,130,141,141,155,155,196,229,268,307,358,50,75,75,75,169,169,194,207,228,228,244,244,288,288,288,308,331,344,344,380,380,470,470,491,491,509,399,417,451,467,511,511,549,562,581,581,581],"floor_reached":47,"language":"ENG","playtime":5588,"items_purged":[],"score":1346,"play_id":"7e4e5362-00c2-46dc-a5af-8ff386f92930","local_time":"20210204181959","is_ascension_mode":true,"campfire_choices":[{"data":"Blade Dance","floor":6,"key":"SMITH"},{"data":"Envenom","floor":15,"key":"SMITH"},{"floor":23,"key":"RECALL"},{"floor":25,"key":"REST"},{"floor":32,"key":"REST"}],"circlet_count":0,"master_deck":["AscendersBane","Strike_G+1","Strike_G+1","Strike_G+1","Strike_G+1","Defend_G+1","Defend_G+1","Defend_G+1","Defend_G+1","Defend_G+1","Survivor","Neutralize","Slice","Leg Sweep","Blade Dance+1","Dagger Throw","Infinite Blades","Envenom+1","Dagger Spray","Venomology","Well Laid Plans","RitualDagger","Cloak And Dagger+1","Night Terror+1","Infinite Blades","Noxious Fumes+1","Distraction+1","Night Terror","Acrobatics","Adrenaline","Blade Dance","Malaise","Accuracy"],"relics":["Ring of the Serpent","Pen Nib","Orichalcum","Golden Idol","MawBank","Anchor","Toy Ornithopter","Gremlin Horn","Snake Skull","Mummified Hand","Fusion Hammer","Pantograph","Letter Opener","The Courier","FossilizedHelix","Regal Pillow","Centennial Puzzle","Darkstone Periapt"],"acts_visited":["Exordium","TheCity","TheBeyond"],"potions_floor_usage":[7,16,18,20,22,24,27,28,33,33,33,33,37,37,37,37,37,37,39,40,40,40,40,40,40,40,40,41,42,44,44,44,44,44,44,44,45,45,46,46,46,46,46,47,47,47,47,47,47,47,47,47],"damage_taken":[{"damage":0,"enemies":"Cultist","floor":1,"turns":5},{"damage":6,"enemies":"Jaw Worm","floor":2,"turns":6},{"damage":3,"enemies":"Small Slimes","floor":3,"turns":4},{"damage":0,"enemies":"Red Slaver","floor":5,"turns":4},{"damage":0,"enemies":"Gremlin Nob","floor":7,"turns":3},{"damage":6,"enemies":"3 Louse","floor":8,"turns":3},{"damage":12,"enemies":"Lagavulin","floor":11,"turns":6},{"damage":2,"enemies":"Lots of Slimes","floor":13,"turns":3},{"damage":3,"enemies":"Slime Boss","floor":16,"turns":8},{"damage":8,"enemies":"Chosen","floor":18,"turns":4},{"damage":4,"enemies":"2 Thieves","floor":19,"turns":4},{"damage":2,"enemies":"3 Cultists","floor":20,"turns":4},{"damage":0,"enemies":"Shelled Parasite and Fungi","floor":22,"turns":2},{"damage":20,"enemies":"Slavers","floor":24,"turns":5},{"damage":12,"enemies":"Centurion and Healer","floor":27,"turns":6},{"damage":12,"enemies":"Chosen and Byrds","floor":28,"turns":5},{"damage":22,"enemies":"Snake Plant","floor":29,"turns":4},{"damage":1,"enemies":"Gremlin Leader","floor":31,"turns":6},{"damage":9,"enemies":"Automaton","floor":33,"turns":6},{"damage":0,"enemies":"3 Shapes","floor":35,"turns":5},{"damage":40,"enemies":"3 Darklings","floor":37,"turns":6},{"damage":5,"enemies":"4 Shapes","floor":39,"turns":3},{"damage":14,"enemies":"Reptomancer","floor":40,"turns":7},{"damage":23,"enemies":"Sphere and 2 Shapes","floor":41,"turns":6},{"damage":0,"enemies":"Nemesis","floor":42,"turns":5},{"damage":14,"enemies":"Reptomancer","floor":44,"turns":7},{"damage":10,"enemies":"Writhing Mass","floor":45,"turns":11},{"damage":56,"enemies":"Spire Growth","floor":46,"turns":9},{"damage":109,"enemies":"Giant Head","floor":47,"turns":8}],"seed_played":"2302910813467915291","potions_obtained":[{"floor":1,"key":"FearPotion"},{"floor":8,"key":"SneckoOil"},{"floor":11,"key":"Block Potion"},{"floor":20,"key":"PowerPotion"},{"floor":22,"key":"FearPotion"},{"floor":41,"key":"SteroidPotion"},{"floor":42,"key":"PowerPotion"},{"floor":46,"key":"ColorlessPotion"}],"is_trial":false,"path_per_floor":["M","M","M","?","M","R","E","M","T","T","E","$","M","T","R","B",null,"M","M","M","?","M","R","E","R","T","M","M","M","?","E","R","B",null,"M","T","M","?","M","E","M","E","T","E","M","M","E"],"character_chosen":"THE_SILENT","items_purchased":["Snake Skull","Pen Nib"],"campfire_rested":2,"item_purchase_floors":[12,12],"current_hp_per_floor":[59,53,50,50,50,50,50,44,44,44,32,32,30,30,30,32,53,50,46,49,43,48,48,33,51,51,44,37,15,15,14,32,58,60,60,60,41,41,41,60,42,47,47,60,60,29,0,0],"gold":581,"neow_bonus":"RANDOM_COMMON_RELIC","is_daily":false,"chose_seed":false,"campfire_upgraded":2,"win_rate":0.0,"timestamp":1612480799,"path_taken":["M","M","M","?","?","R","E","M","T","?","E","$","M","?","R","BOSS","M","M","M","?","?","R","E","R","T","M","M","M","?","E","R","BOSS","M","?","M","?","M","E","M","E","T","E","?","M","E"],"items_purchased_type":["Relic","Relic"],"build_version":"2020-12-22","purchased_purges":0,"victory":false,"max_hp_per_floor":[66,66,66,60,60,60,60,60,60,60,60,60,60,60,60,60,60,60,60,60,60,60,60,60,60,60,60,60,60,60,60,60,60,60,60,60,60,60,60,60,60,60,60,60,60,60,60,60],"relic_stats":{"Darkstone Periapt":0,"Regal Pillow":0,"Gremlin Horn":[45,45],"counters":[29,155],"Golden Idol":154,"Pen Nib":[38],"Snake Skull":[368],"Letter Opener":[309],"Orichalcum":[288],"MawBank":60,"Centennial Puzzle":[12],"Mummified Hand":[89],"Pantograph":25,"obtain_stats":[{"Darkstone Periapt":44,"Regal Pillow":40,"Gremlin Horn":11,"Golden Idol":4,"Snake Skull":12,"Pen Nib":12,"The Courier":31,"Letter Opener":26,"Orichalcum":0,"MawBank":7,"Anchor":9,"Centennial Puzzle":42,"Mummified Hand":14,"Pantograph":24,"Fusion Hammer":17,"Toy Ornithopter":10,"Ring of the Serpent":34,"FossilizedHelix":36,"Ring of the Snake":0},{"Darkstone Periapt":26,"Regal Pillow":23,"Gremlin Horn":7,"Golden Idol":3,"Snake Skull":7,"Pen Nib":7,"The Courier":18,"Letter Opener":14,"Orichalcum":0,"MawBank":5,"Anchor":6,"Centennial Puzzle":25,"Mummified Hand":8,"Pantograph":14,"Fusion Hammer":9,"Toy Ornithopter":6,"Ring of the Serpent":19,"FossilizedHelix":20,"Ring of the Snake":0},{"Darkstone Periapt":127,"Regal Pillow":109,"Gremlin Horn":31,"Golden Idol":15,"Snake Skull":31,"Pen Nib":31,"The Courier":82,"Letter Opener":61,"Orichalcum":0,"MawBank":22,"Anchor":25,"Centennial Puzzle":120,"Mummified Hand":34,"Pantograph":61,"Fusion Hammer":42,"Toy Ornithopter":25,"Ring of the Serpent":88,"FossilizedHelix":93,"Ring of the Snake":0}],"Toy Ornithopter":215},"card_choices":[{"not_picked":["Dodge and Roll","Sucker Punch"],"picked":"Slice","floor":1},{"not_picked":["Quick Slash","Deflect"],"picked":"Leg Sweep","floor":2},{"not_picked":["Dash","Deadly Poison"],"picked":"Blade Dance","floor":3},{"not_picked":["Acrobatics","Sucker Punch"],"picked":"Dagger Throw","floor":5},{"not_picked":["Concentrate","Prepared"],"picked":"Infinite Blades","floor":7},{"not_picked":["Deflect","Choke"],"picked":"Envenom","floor":8},{"not_picked":["Outmaneuver","Dodge and Roll","Sucker Punch"],"picked":"SKIP","floor":11},{"not_picked":["Underhanded Strike","Acrobatics"],"picked":"Dagger Spray","floor":13},{"not_picked":["Corpse Explosion","Burst"],"picked":"Venomology","floor":16},{"not_picked":["Dodge and Roll","Dagger Throw","Outmaneuver"],"picked":"SKIP","floor":18},{"not_picked":["Sucker Punch","Deflect"],"picked":"Well Laid Plans","floor":19},{"not_picked":["Masterful Stab","Bullet Time","Cloak And Dagger"],"picked":"SKIP","floor":20},{"not_picked":["Dash","Backflip"],"picked":"Cloak And Dagger+1","floor":22},{"not_picked":["Burst","Blade Dance"],"picked":"Night Terror","floor":24},{"not_picked":["Slice","Quick Slash+1","Dagger Spray"],"picked":"SKIP","floor":27},{"not_picked":["Escape Plan","Masterful Stab"],"picked":"Infinite Blades","floor":28},{"not_picked":["Dagger Spray","Reflex"],"picked":"Noxious Fumes+1","floor":29},{"not_picked":["Outmaneuver","Underhanded Strike"],"picked":"Distraction+1","floor":31},{"not_picked":["Doppelganger","Bullet Time"],"picked":"Night Terror","floor":33},{"not_picked":["Bane","Slice"],"picked":"Acrobatics","floor":35},{"not_picked":["Dagger Spray","Poisoned Stab","Flying Knee"],"picked":"SKIP","floor":37},{"not_picked":["Sucker Punch+1","Dagger Throw"],"picked":"Adrenaline","floor":39},{"not_picked":["Escape Plan","Slice"],"picked":"Blade Dance","floor":40},{"not_picked":["Slice","Bane","Concentrate"],"picked":"SKIP","floor":41},{"not_picked":["Predator","Slice+1"],"picked":"Malaise","floor":42},{"not_picked":["Blade Dance","Die Die Die","Dagger Throw"],"picked":"SKIP","floor":44},{"not_picked":["Tactician+1","Finisher+1","Deflect"],"picked":"SKIP","floor":45},{"not_picked":["Sucker Punch","Dagger Spray"],"picked":"Accuracy","floor":46}],"player_experience":618007,"relics_obtained":[{"floor":7,"key":"MawBank"},{"floor":9,"key":"Anchor"},{"floor":10,"key":"Toy Ornithopter"},{"floor":11,"key":"Gremlin Horn"},{"floor":14,"key":"Mummified Hand"},{"floor":24,"key":"Pantograph"},{"floor":26,"key":"Letter Opener"},{"floor":31,"key":"The Courier"},{"floor":36,"key":"FossilizedHelix"},{"floor":40,"key":"Regal Pillow"},{"floor":42,"key":"Centennial Puzzle"},{"floor":44,"key":"Darkstone Periapt"}],"event_choices":[{"damage_healed":0,"gold_gain":0,"player_choice":"Lose Max HP","damage_taken":0,"relics_obtained":["Golden Idol"],"max_hp_gain":0,"max_hp_loss":6,"event_name":"Golden Idol","floor":4,"gold_loss":0},{"damage_healed":0,"gold_gain":0,"player_choice":"Joined the Cult","damage_taken":6,"max_hp_gain":0,"max_hp_loss":0,"event_name":"Nest","floor":21,"gold_loss":0,"cards_obtained":["RitualDagger"]},{"damage_healed":0,"gold_gain":0,"player_choice":"Simplicity","damage_taken":0,"max_hp_gain":0,"max_hp_loss":0,"event_name":"Back to Basics","floor":30,"gold_loss":0,"cards_upgraded":["Strike_G","Strike_G","Strike_G","Strike_G","Strike_G","Defend_G","Defend_G","Defend_G","Defend_G","Defend_G"]},{"cards_removed":["Strike_G"],"damage_healed":0,"gold_gain":0,"player_choice":"Upgrade and Remove","damage_taken":0,"max_hp_gain":0,"max_hp_loss":0,"event_name":"Designer","floor":38,"gold_loss":110,"cards_upgraded":["Night Terror"]}],"is_beta":false,"boss_relics":[{"not_picked":["Runic Dome","Snecko Eye"],"picked":"Fusion Hammer"},{"not_picked":["HoveringKite","Sozu"],"picked":"Ring of the Serpent"}],"items_purged_floors":[],"is_endless":false,"potions_floor_spawned":[1,8,11,20,22,27,28,37,41,42,46],"killed_by":"Giant Head","ascension_level":20}}