{"host":"6jcxerjfmuawfds2","time":1612416574,"event":{"mods":["BaseMod","Colored Map","Infinite Spire","Minty Spire (QoL Compilation)","StSLib","¡¼?Úª?ø«¡½REMEMod"],"gold_per_floor":[119,119,138,162,112,43,57,4,54,97,97,22,40,56,56,182,182,195,195,0,25,39,39,59,59,59,158,83,83,83,83],"floor_reached":30,"language":"KOR","playtime":786,"items_purged":["Strike_B"],"score":288,"play_id":"243bb027-3917-4439-bbb8-1c29e33bd636","local_time":"20210204142934","is_ascension_mode":true,"campfire_choices":[{"floor":11,"key":"REST"},{"floor":15,"key":"REST"},{"floor":23,"key":"REST"},{"floor":25,"key":"REST"},{"data":"Electrodynamics","floor":29,"key":"SMITH"}],"circlet_count":0,"master_deck":["Strike_B","Defend_B","Defend_B","Defend_B","Defend_B","Zap","Dualcast","Ball Lightning","Ball Lightning","Static Discharge","REME_SelfUpgrade","Electrodynamics+1","Self Repair"],"relics":["Cracked Core","Strawberry","Golden Idol","Boot","Lantern","Dead Branch","Nuclear Battery","Orichalcum","Pantograph"],"acts_visited":["TheCity"],"potions_floor_usage":[10,16,16,18,20,24,30],"damage_taken":[{"damage":4.0,"enemies":"2 Louse","floor":1.0,"turns":2.0},{"damage":1.0,"enemies":"Cultist","floor":3.0,"turns":3.0},{"damage":9.0,"enemies":"Jaw Worm","floor":4.0,"turns":3.0},{"damage":14.0,"enemies":"Exordium Wildlife","floor":7.0,"turns":4.0},{"damage":25,"enemies":"3 Sentries","floor":10,"turns":5},{"damage":3,"enemies":"Blue Slaver","floor":13,"turns":3},{"damage":8,"enemies":"3 Louse","floor":14,"turns":4},{"damage":30,"enemies":"Hexaghost","floor":16,"turns":9},{"damage":29,"enemies":"2 Thieves","floor":18,"turns":3},{"damage":18,"enemies":"Shell Parasite","floor":21,"turns":5},{"damage":2,"enemies":"Cultist and Chosen","floor":22,"turns":4},{"damage":37,"enemies":"Snecko","floor":24,"turns":5},{"damage":44,"enemies":"Book of Stabbing","floor":30,"turns":4}],"seed_played":"1397144001770238390","potions_obtained":[{"floor":3.0,"key":"GamblersBrew"},{"floor":4.0,"key":"DistilledChaos"},{"floor":14,"key":"Weak Potion"},{"floor":16,"key":"Explosive Potion"},{"floor":18,"key":"Fruit Juice"},{"floor":24,"key":"PotionOfCapacity"}],"is_trial":false,"path_per_floor":["M","?","M","M","?","$","M","?","T","E","R","$","M","M","R","B",null,"M","$","$","M","M","R","M","R","T","?","?","R","E"],"character_chosen":"DEFECT","items_purchased":["Static Discharge","Orichalcum","REME_GoldPotion"],"campfire_rested":4,"item_purchase_floors":[6,20,20],"current_hp_per_floor":[78,58,57,48,48,48,34,34,34,9,33,33,30,22,46,16,66,42,42,42,24,22,48,18,44,44,44,44,44,0,0],"gold":83,"neow_bonus":"RANDOM_COMMON_RELIC","is_daily":false,"chose_seed":false,"campfire_upgraded":1,"win_rate":0.0,"timestamp":1612416574,"path_taken":["M","?","M","M","?","$","M","?","T","E","R","$","M","M","R","BOSS","M","?","$","M","?","R","M","R","T","?","?","R","E"],"items_purchased_type":["Card","Relic","Potion"],"build_version":"2020-12-22","purchased_purges":1,"victory":false,"max_hp_per_floor":[82,82,82,82,82,82,82,82,82,82,82,82,82,82,82,82,82,87,87,87,87,87,87,87,87,87,87,87,87,87,87],"card_choices":[{"not_picked":["Redo","Compile Driver"],"picked":"Ball Lightning","floor":1.0},{"not_picked":["Fusion","Hello World","Beam Cell"],"picked":"SKIP","floor":3.0},{"not_picked":["Gash","Rip and Tear"],"picked":"Ball Lightning","floor":4.0},{"not_picked":["Darkness","Rebound","Auto Shields"],"picked":"SKIP","floor":7.0},{"not_picked":["Stack","Static Discharge","Fusion"],"picked":"SKIP","floor":10},{"not_picked":["Stack","Static Discharge","Fusion"],"picked":"SKIP","floor":10},{"not_picked":["Ball Lightning","Coolheaded","Turbo"],"picked":"SKIP","floor":13},{"not_picked":["Gash","Scrape"],"picked":"REME_SelfUpgrade","floor":14},{"not_picked":["Rainbow","Reboot","REME_Shoggoth"],"picked":"Electrodynamics","floor":16},{"not_picked":["Stack","REME_SelfUpgrade","Double Energy","Cold Snap+1"],"picked":"SKIP","floor":18},{"not_picked":["Streamline","REME_DataAnalysis","Rebound","Hello World"],"picked":"SKIP","floor":21},{"not_picked":["Biased Cognition","Darkness","Leap"],"picked":"Self Repair","floor":22},{"not_picked":["Scrape","Compile Driver","Barrage"],"picked":"SKIP","floor":24}],"player_experience":264395,"relics_obtained":[{"floor":9.0,"key":"Lantern"},{"floor":10,"key":"Dead Branch"},{"floor":26,"key":"Pantograph"}],"event_choices":[{"damage_healed":0.0,"max_hp_gain":0.0,"max_hp_loss":0.0,"gold_gain":0.0,"event_name":"Golden Idol","player_choice":"Take Damage","floor":2.0,"gold_loss":0.0,"damage_taken":20.0,"relics_obtained":["Golden Idol"]},{"cards_removed":["Strike_B"],"damage_healed":0.0,"max_hp_gain":0.0,"max_hp_loss":0.0,"gold_gain":0.0,"event_name":"The Cleric","player_choice":"Card Removal","floor":5.0,"gold_loss":50.0,"damage_taken":0.0},{"damage_healed":0.0,"max_hp_gain":0.0,"max_hp_loss":0.0,"gold_gain":0.0,"event_name":"WeMeetAgain","player_choice":"Paid Gold","floor":8.0,"gold_loss":53.0,"damage_taken":0.0,"relics_obtained":["Boot"]},{"damage_healed":0,"gold_gain":99,"player_choice":"Stole From Cult","damage_taken":0,"max_hp_gain":0,"max_hp_loss":0,"event_name":"Nest","floor":27,"gold_loss":0},{"cards_removed":["Strike_B"],"damage_healed":0,"gold_gain":0,"player_choice":"Gave Gold","damage_taken":0,"max_hp_gain":0,"max_hp_loss":0,"event_name":"Beggar","floor":28,"gold_loss":75}],"is_beta":false,"boss_relics":[{"not_picked":["Ectoplasm","Calling Bell"],"picked":"Nuclear Battery"}],"items_purged_floors":[12],"is_endless":true,"potions_floor_spawned":[3,4,14,16,18,24],"killed_by":"Book of Stabbing","ascension_level":5}}