{"host":"3l94tha3a4jgu0q4","time":1612434948,"event":{"mods":["2.2 Compatiblity","AchievementEnabler","BaseMod","Colored Map","Colored Powertips","Highlight Path","Minty Spire (QoL Compilation)","Permanent Neow","StSLib","SuperFastMode","The IronCluck","slay the spire mod where everything is the same but ironclad has a cowboy hat"],"gold_per_floor":[117,117,131,3,17,51,51,67,91,101,133,133,133,146,146,245,245,260,260,210,224,139,169,169,185,230,230,130,150,150,150,150,150,150],"floor_reached":33,"language":"ENG","playtime":685,"items_purged":["Defend_P","Strike_P"],"score":673,"play_id":"5519008f-af00-4383-b8b8-9cd1f7e23422","local_time":"20210204023548","is_ascension_mode":true,"campfire_choices":[{"data":"Eruption","floor":12.0,"key":"SMITH"},{"data":"Evaluate","floor":15.0,"key":"SMITH"},{"floor":24.0,"key":"DIG"},{"floor":27.0,"key":"DIG"},{"floor":32,"key":"REST"}],"circlet_count":0,"master_deck":["AscendersBane","Strike_P+1","Defend_P","Defend_P","Eruption+1","Vigilance","Brilliance+1","Meditate+1","Vengeance+1","Indignation","EmptyFist","Halt","EmptyBody","EmptyFist+1","Evaluate+1","WheelKick","Vault","Evaluate+1","FlurryOfBlows","FearNoEvil","LikeWater","Sanctity"],"relics":["Astrolabe","Toy Ornithopter","Blood Vial","Whetstone","Bottled Lightning","Bloody Idol","Fusion Hammer","TeardropLocket","Shovel","GoldenEye","Tiny Chest","Juzu Bracelet"],"acts_visited":["Exordium","TheCity"],"potions_floor_usage":[],"damage_taken":[{"damage":0.0,"enemies":"Small Slimes","floor":1.0,"turns":2.0},{"damage":0.0,"enemies":"Cultist","floor":3.0,"turns":3.0},{"damage":0.0,"enemies":"Jaw Worm","floor":5.0,"turns":2.0},{"damage":16.0,"enemies":"Gremlin Nob","floor":6.0,"turns":3.0},{"damage":10.0,"enemies":"Exordium Thugs","floor":8.0,"turns":4.0},{"damage":0.0,"enemies":"Blue Slaver","floor":10.0,"turns":2.0},{"damage":11.0,"enemies":"3 Sentries","floor":11.0,"turns":8.0},{"damage":0.0,"enemies":"3 Louse","floor":14.0,"turns":2.0},{"damage":0.0,"enemies":"Slime Boss","floor":16.0,"turns":6.0},{"damage":0.0,"enemies":"Chosen","floor":18.0,"turns":3.0},{"damage":3.0,"enemies":"3 Byrds","floor":21.0,"turns":4.0},{"damage":13.0,"enemies":"Gremlin Leader","floor":23.0,"turns":5.0},{"damage":16.0,"enemies":"Snake Plant","floor":25.0,"turns":3.0},{"damage":26.0,"enemies":"Shelled Parasite and Fungi","floor":29.0,"turns":3.0},{"damage":0.0,"enemies":"Book of Stabbing","floor":30.0,"turns":1.0},{"damage":32,"enemies":"Colosseum Slavers","floor":31,"turns":5},{"damage":34,"enemies":"Automaton","floor":33,"turns":7}],"seed_played":"725083564653556140","potions_obtained":[{"floor":1.0,"key":"Dexterity Potion"},{"floor":8.0,"key":"Block Potion"},{"floor":11.0,"key":"Strength Potion"},{"floor":16.0,"key":"Fire Potion"},{"floor":23.0,"key":"SmokeBomb"}],"is_trial":false,"path_per_floor":["M","?","M","$","M","E","$","M","T","M","E","R","?","M","R","B",null,"M","?","?","M","?","E","R","M","T","R","$","M","E","?","R","B"],"character_chosen":"WATCHER","items_purchased":["Halt"],"campfire_rested":1,"item_purchase_floors":[4],"current_hp_per_floor":[61,61,61,61,61,45,45,37,37,39,35,35,35,37,37,44,58,60,60,60,62,62,54,54,45,50,50,50,31,38,8,26,0,0],"gold":150,"neow_bonus":"BOSS_RELIC","is_daily":false,"chose_seed":false,"campfire_upgraded":2,"win_rate":0.0,"timestamp":1612434948,"path_taken":["M","?","?","?","M","E","$","M","T","M","E","R","?","?","R","BOSS","M","?","?","?","?","E","R","M","T","R","$","M","E","?","R","BOSS"],"items_purchased_type":["Card"],"build_version":"2020-12-22","purchased_purges":2,"victory":false,"max_hp_per_floor":[68,68,68,68,68,68,68,68,68,68,68,68,62,62,62,62,62,62,62,62,62,62,62,62,62,62,62,62,62,62,62,62,62,62],"card_choices":[{"not_picked":["Nirvana","CrushJoints"],"picked":"Indignation","floor":1.0},{"not_picked":["TalkToTheHand","Protect"],"picked":"EmptyFist","floor":3.0},{"not_picked":["ClearTheMind","Collect"],"picked":"EmptyBody","floor":5.0},{"not_picked":["MasterReality","Halt"],"picked":"EmptyFist","floor":6.0},{"not_picked":["Meditate","EmptyFist","CutThroughFate"],"picked":"SKIP","floor":8.0},{"not_picked":["Fasting2","SashWhip","CarveReality"],"picked":"SKIP","floor":10.0},{"not_picked":["LikeWater","ThirdEye"],"picked":"Evaluate","floor":11.0},{"not_picked":["CrushJoints","SandsOfTime"],"picked":"WheelKick","floor":14.0},{"not_picked":["DeusExMachina","Scrawl"],"picked":"Vault","floor":16.0},{"not_picked":["PathToVictory+1","ThirdEye"],"picked":"Evaluate+1","floor":18.0},{"not_picked":["Evaluate","Fasting2"],"picked":"FlurryOfBlows","floor":21.0},{"not_picked":["Worship","CutThroughFate"],"picked":"FearNoEvil","floor":23.0},{"not_picked":["PathToVictory","CrushJoints"],"picked":"LikeWater","floor":25.0},{"not_picked":["FlyingSleeves","FollowUp"],"picked":"Sanctity","floor":29.0}],"player_experience":1960949,"relics_obtained":[{"floor":6.0,"key":"Blood Vial"},{"floor":9.0,"key":"Whetstone"},{"floor":11.0,"key":"Bottled Lightning"},{"floor":23.0,"key":"Shovel"},{"floor":24.0,"key":"GoldenEye"},{"floor":26.0,"key":"Tiny Chest"},{"floor":27.0,"key":"Juzu Bracelet"}],"event_choices":[{"damage_healed":0.0,"max_hp_gain":0.0,"max_hp_loss":0.0,"gold_gain":0.0,"event_name":"WeMeetAgain","player_choice":"Gave Potion","floor":2.0,"gold_loss":0.0,"damage_taken":0.0,"relics_obtained":["Toy Ornithopter"]},{"damage_healed":0.0,"max_hp_gain":0.0,"max_hp_loss":6.0,"gold_gain":0.0,"event_name":"Golden Idol","player_choice":"Lose Max HP","floor":13.0,"gold_loss":0.0,"damage_taken":0.0,"relics_obtained":["Golden Idol"]},{"damage_healed":0.0,"max_hp_gain":0.0,"max_hp_loss":0.0,"gold_gain":0.0,"event_name":"Forgotten Altar","player_choice":"Gave Idol","floor":19.0,"relics_lost":["Golden Idol"],"gold_loss":0.0,"damage_taken":0.0,"relics_obtained":["Bloody Idol"]},{"damage_healed":0.0,"max_hp_gain":0.0,"max_hp_loss":0.0,"gold_gain":0.0,"event_name":"The Joust","player_choice":"Bet on Murderer","floor":20.0,"gold_loss":50.0,"damage_taken":0.0},{"damage_healed":0.0,"max_hp_gain":0.0,"max_hp_loss":0.0,"gold_gain":0.0,"event_name":"Addict","player_choice":"Obtained Relic","floor":22.0,"gold_loss":85.0,"damage_taken":0.0,"relics_obtained":["TeardropLocket"]},{"damage_healed":0,"gold_gain":0,"player_choice":"Fight","damage_taken":0,"max_hp_gain":0,"max_hp_loss":0,"event_name":"Colosseum","floor":31,"gold_loss":0},{"damage_healed":0,"gold_gain":0,"player_choice":"Fled From Nobs","damage_taken":0,"max_hp_gain":0,"max_hp_loss":0,"event_name":"Colosseum","floor":31,"gold_loss":0}],"is_beta":false,"boss_relics":[{"not_picked":["Empty Cage","Velvet Choker"],"picked":"Fusion Hammer"}],"items_purged_floors":[4,28],"is_endless":false,"potions_floor_spawned":[1,8,11,16,23,30,31],"killed_by":"Automaton","ascension_level":19}}