{"host":"hka8b3f4pkvnp4ei","time":1612403381,"event":{"mods":["BaseMod","Minty Spire (QoL Compilation)","Quick Restart","Replay The Spire","StSLib"],"gold_per_floor":[110,122,122,137,137,137,149,182,182,201,201,201,201],"floor_reached":12,"language":"ZHS","playtime":405,"items_purged":[],"score":120,"play_id":"e8f7b721-ac55-43c7-b989-f394de101015","local_time":"20210204094941","is_ascension_mode":true,"campfire_choices":[{"data":"Blade Dance","floor":6.0,"key":"SMITH"},{"data":"Predator","floor":11,"key":"SMITH"}],"circlet_count":0,"master_deck":["AscendersBane","Strike_G","Strike_G","Strike_G","Strike_G","Defend_G","Defend_G","Defend_G","Defend_G","Defend_G","Survivor","Neutralize","Blade Dance+1","Terror","Predator+1"],"relics":["Replay:Bronze Core","Ancient Tea Set","Replay:Rubber Ducky"],"acts_visited":[],"potions_floor_usage":[8,8,8,12],"damage_taken":[{"damage":0.0,"enemies":"2 Louse","floor":1.0,"turns":4.0},{"damage":2.0,"enemies":"Cultist","floor":2.0,"turns":5.0},{"damage":2.0,"enemies":"Jaw Worm","floor":4.0,"turns":4.0},{"damage":0.0,"enemies":"Red Slaver","floor":7.0,"turns":6.0},{"damage":30,"enemies":"Lagavulin","floor":8,"turns":9},{"damage":0,"enemies":"2 Fungi Beasts","floor":10,"turns":3},{"damage":33,"enemies":"Gremlin Nob","floor":12,"turns":3}],"seed_played":"-4327812083428217324","potions_obtained":[{"floor":3.0,"key":"PowerPotion"},{"floor":3.0,"key":"GamblersBrew"},{"floor":3.0,"key":"Venom Potion"},{"floor":4.0,"key":"Fire Potion"},{"floor":8,"key":"Poison Potion"}],"is_trial":false,"path_per_floor":["M","M","?","M","?","R","M","E","T","M","R","E"],"character_chosen":"THE_SILENT","items_purchased":[],"campfire_rested":0,"item_purchase_floors":[],"current_hp_per_floor":[63,61,61,59,59,59,59,29,29,29,29,0,0],"gold":201,"neow_bonus":"BOSS_RELIC","is_daily":false,"chose_seed":false,"campfire_upgraded":2,"win_rate":0.0,"timestamp":1612403381,"path_taken":["M","M","?","?","?","R","M","E","T","?","R","E"],"items_purchased_type":[],"build_version":"2020-12-22","purchased_purges":0,"victory":false,"max_hp_per_floor":[70,70,70,70,70,70,70,70,70,70,70,70,70],"card_choices":[{"not_picked":["Sneak Up","Bane"],"picked":"Blade Dance","floor":1.0},{"not_picked":["Endless Agony","Backflip"],"picked":"Terror","floor":2.0},{"not_picked":["Quick Slash","Flying Knee","Dagger Throw"],"picked":"SKIP","floor":4.0},{"not_picked":["Poisoned Stab","Dagger Throw","Leg Sweep"],"picked":"SKIP","floor":7.0},{"not_picked":["Tactician","Deflect"],"picked":"Predator","floor":8},{"not_picked":["Flechettes","Dagger Throw","Setup"],"picked":"SKIP","floor":10}],"player_experience":1100457,"relics_obtained":[{"floor":8,"key":"Ancient Tea Set"},{"floor":9,"key":"Replay:Rubber Ducky"}],"event_choices":[{"damage_healed":0.0,"max_hp_gain":0.0,"max_hp_loss":0.0,"gold_gain":0.0,"event_name":"Lab","player_choice":"Got Potions","floor":3.0,"gold_loss":0.0,"damage_taken":0.0},{"cards_removed":["Strike_G"],"damage_healed":0.0,"max_hp_gain":0.0,"max_hp_loss":0.0,"gold_gain":0.0,"event_name":"Bonfire Elementals","player_choice":"Offered Basic","floor":5.0,"gold_loss":0.0,"damage_taken":0.0}],"is_beta":false,"boss_relics":[],"items_purged_floors":[],"is_endless":false,"potions_floor_spawned":[4,7,8],"killed_by":"Gremlin Nob","ascension_level":10}}