{"host":"msmkw03x1o7nq45i","time":1612426013,"event":{"mods":["AchievementEnabler","BaseMod","Bestiary","Colored Powertips","GifTheSpireLib","Highlight Path","Minty Spire (QoL Compilation)","Random Character Button","StSLib","everything is the same but u backflip on backflip"],"gold_per_floor":[109,128,128,128,142,142,168,194,285,297,309,309],"floor_reached":11,"language":"ENG","playtime":562,"items_purged":[],"score":128,"play_id":"32df61a8-55a6-42fc-b56d-8a088234de27","local_time":"20210204100653","is_ascension_mode":true,"campfire_choices":[{"data":"Vault","floor":6,"key":"SMITH"}],"circlet_count":0,"master_deck":["AscendersBane","Strike_P","Strike_P","Strike_P","Strike_P","Defend_P","Defend_P+1","Defend_P","Defend_P","Eruption","Vigilance","Vault+1","EmptyMind","CutThroughFate+1","BowlingBash","Alpha","Wallop"],"relics":["PureWater","Ginger","MawBank","Gremlin Horn"],"acts_visited":["Exordium"],"potions_floor_usage":[7],"damage_taken":[{"damage":4,"enemies":"Small Slimes","floor":1,"turns":5},{"damage":2,"enemies":"2 Louse","floor":2,"turns":3},{"damage":0,"enemies":"Cultist","floor":5,"turns":4},{"damage":14,"enemies":"Lagavulin","floor":7,"turns":4},{"damage":12,"enemies":"Exordium Wildlife","floor":8,"turns":6},{"damage":18,"enemies":"Gremlin Nob","floor":11,"turns":3}],"seed_played":"5433946410882977717","potions_obtained":[{"floor":2,"key":"AttackPotion"},{"floor":5,"key":"CultistPotion"},{"floor":8,"key":"Fire Potion"}],"is_trial":false,"path_per_floor":["M","M","?","?","M","R","E","M","T","?","E"],"character_chosen":"WATCHER","items_purchased":[],"campfire_rested":0,"item_purchase_floors":[],"current_hp_per_floor":[57,55,50,50,50,50,36,24,24,5,0,0],"gold":309,"neow_bonus":"THREE_RARE_CARDS","is_daily":false,"chose_seed":false,"campfire_upgraded":1,"win_rate":0.0,"timestamp":1612426013,"path_taken":["M","M","?","?","M","R","E","M","T","?","E"],"items_purchased_type":[],"build_version":"2020-12-22","purchased_purges":0,"victory":false,"max_hp_per_floor":[62,62,62,62,62,62,62,62,62,62,62,62],"card_choices":[{"not_picked":["Brilliance","Omniscience"],"picked":"Vault","floor":0},{"not_picked":["Halt","Weave"],"picked":"EmptyMind","floor":1},{"not_picked":["Halt","WindmillStrike"],"picked":"CutThroughFate","floor":2},{"not_picked":["Evaluate","Consecrate"],"picked":"BowlingBash","floor":5},{"not_picked":["EmptyBody","Protect"],"picked":"Alpha","floor":7},{"not_picked":["Protect","FollowUp"],"picked":"Wallop","floor":8}],"player_experience":465356,"relics_obtained":[{"floor":7,"key":"MawBank"},{"floor":9,"key":"Gremlin Horn"}],"event_choices":[{"damage_healed":0,"gold_gain":0,"player_choice":"Success","damage_taken":5,"relics_obtained":["Ginger"],"max_hp_gain":0,"max_hp_loss":0,"event_name":"Scrap Ooze","floor":3,"gold_loss":0},{"damage_healed":0,"gold_gain":0,"player_choice":"Ignored","damage_taken":0,"max_hp_gain":0,"max_hp_loss":0,"event_name":"Liars Game","floor":4,"gold_loss":0},{"damage_healed":0,"gold_gain":0,"player_choice":"Entered Light","damage_taken":19,"max_hp_gain":0,"max_hp_loss":0,"event_name":"Shining Light","floor":10,"gold_loss":0,"cards_upgraded":["Defend_P","CutThroughFate"]}],"is_beta":false,"boss_relics":[],"items_purged_floors":[],"is_endless":false,"potions_floor_spawned":[2,5,8],"killed_by":"Gremlin Nob","ascension_level":15}}