{"host":"l5zfpd2l2htson6l","time":1612429574,"event":{"mods":["AchievementEnabler","BaseMod","Colored Map","Colored Powertips","Minty Spire (QoL Compilation)","Permanent Neow","Quick Restart","Rare Cards Sparkle","Relic Stats","SuperFastMode"],"gold_per_floor":[117,136,151,151,169,201,201,219,244,256,256,14,14,39,39,113,113,129,161,175,175,175,205,217,229,229],"floor_reached":25,"language":"ENG","playtime":1631,"items_purged":[],"score":462,"play_id":"b0d2ffb9-a4ac-4f41-ac71-4ee1a7c5bd48","local_time":"20210204010614","is_ascension_mode":true,"campfire_choices":[{"data":"Bash","floor":7,"key":"SMITH"},{"data":"Shrug It Off","floor":11,"key":"SMITH"},{"data":"Hemokinesis","floor":13,"key":"SMITH"},{"floor":15,"key":"REST"},{"floor":24,"key":"REST"}],"circlet_count":0,"master_deck":["AscendersBane","Strike_R+1","Strike_R+1","Strike_R+1","Strike_R+1","Defend_R+1","Defend_R+1","Defend_R+1","Defend_R+1","Bash+1","Violence","Twin Strike","Iron Wave","Carnage","Battle Trance","Shrug It Off+1","Spot Weakness","Hemokinesis+1","Reaper","Immolate","Shrug It Off","Intimidate","Whirlwind"],"relics":["Burning Blood","Bronze Scales","Blood Vial","Membership Card","Happy Flower","Nunchaku","Black Star","Red Mask","Boot","MawBank"],"acts_visited":["Exordium","TheCity"],"potions_floor_usage":[16,18,23,25],"damage_taken":[{"damage":14,"enemies":"Jaw Worm","floor":1,"turns":4},{"damage":1,"enemies":"Cultist","floor":2,"turns":3},{"damage":3,"enemies":"2 Louse","floor":3,"turns":3},{"damage":4,"enemies":"2 Fungi Beasts","floor":5,"turns":3},{"damage":11,"enemies":"Gremlin Nob","floor":6,"turns":3},{"damage":4,"enemies":"Looter","floor":8,"turns":3},{"damage":1,"enemies":"3 Louse","floor":10,"turns":3},{"damage":27,"enemies":"Lagavulin","floor":14,"turns":5},{"damage":26,"enemies":"Slime Boss","floor":16,"turns":6},{"damage":23,"enemies":"Shell Parasite","floor":18,"turns":2},{"damage":10,"enemies":"Masked Bandits","floor":19,"turns":3},{"damage":18,"enemies":"Spheric Guardian","floor":20,"turns":4},{"damage":37,"enemies":"Book of Stabbing","floor":23,"turns":5},{"damage":73,"enemies":"Gremlin Leader","floor":25,"turns":5}],"seed_played":"4296617500282341739","potions_obtained":[{"floor":1,"key":"Fire Potion"},{"floor":3,"key":"SpeedPotion"},{"floor":14,"key":"BlessingOfTheForge"},{"floor":16,"key":"HeartOfIron"},{"floor":18,"key":"SpeedPotion"}],"is_trial":false,"path_per_floor":["M","M","M","?","M","E","R","M","T","M","R","$","R","E","R","B",null,"M","?","M","?","?","E","R","E"],"character_chosen":"IRONCLAD","items_purchased":["Membership Card","Happy Flower"],"campfire_rested":2,"item_purchase_floors":[12,12],"current_hp_per_floor":[42,47,50,50,52,47,47,49,49,56,56,56,56,37,59,41,67,52,53,43,43,43,21,43,0,0],"gold":229,"neow_bonus":"RANDOM_COLORLESS_2","is_daily":false,"chose_seed":false,"campfire_upgraded":3,"win_rate":0.0,"timestamp":1612429574,"path_taken":["M","M","M","?","M","E","R","?","T","M","R","$","R","E","R","BOSS","M","?","M","?","?","E","R","E"],"items_purchased_type":["Relic","Relic"],"build_version":"2020-12-22","purchased_purges":0,"victory":false,"max_hp_per_floor":[75,75,75,75,75,75,75,75,75,75,75,75,75,75,75,75,75,75,75,75,75,75,75,75,75,75],"relic_stats":{"Blood Vial":16,"Nunchaku":[4],"Happy Flower":[10],"counters":[14,52],"Bronze Scales":[93],"Black Star":1,"Boot":[0],"MawBank":24,"obtain_stats":[{"Blood Vial":9,"Nunchaku":14,"Happy Flower":12,"Bronze Scales":6,"Black Star":17,"Red Mask":19,"Membership Card":12,"Boot":23,"MawBank":23,"Burning Blood":0},{"Blood Vial":6,"Nunchaku":8,"Happy Flower":7,"Bronze Scales":5,"Black Star":9,"Red Mask":11,"Membership Card":7,"Boot":13,"MawBank":13,"Burning Blood":0},{"Blood Vial":19,"Nunchaku":27,"Happy Flower":22,"Bronze Scales":16,"Black Star":33,"Red Mask":38,"Membership Card":22,"Boot":47,"MawBank":47,"Burning Blood":0}],"Burning Blood":78},"card_choices":[{"not_picked":["Magnetism","Metamorphosis"],"picked":"Violence","floor":0},{"not_picked":["Flex","Wild Strike"],"picked":"Twin Strike","floor":1},{"not_picked":["Havoc","Thunderclap"],"picked":"Iron Wave","floor":2},{"not_picked":["Wild Strike","Flex"],"picked":"Carnage","floor":3},{"not_picked":["Sever Soul","Carnage"],"picked":"Battle Trance","floor":5},{"not_picked":["Exhume","Wild Strike"],"picked":"Shrug It Off","floor":6},{"not_picked":["Anger","True Grit"],"picked":"Spot Weakness","floor":8},{"not_picked":["Body Slam","True Grit"],"picked":"Hemokinesis","floor":10},{"not_picked":["Sword Boomerang","Anger"],"picked":"Reaper","floor":14},{"not_picked":["Offering","Impervious"],"picked":"Immolate","floor":16},{"not_picked":["Clash+1","Warcry"],"picked":"Shrug It Off","floor":18},{"not_picked":["Dark Embrace","Twin Strike","Perfected Strike"],"picked":"SKIP","floor":20},{"not_picked":["Clash","Iron Wave"],"picked":"Whirlwind","floor":23}],"player_experience":880680,"relics_obtained":[{"floor":6,"key":"Bronze Scales"},{"floor":9,"key":"Blood Vial"},{"floor":14,"key":"Nunchaku"},{"floor":19,"key":"Red Mask"},{"floor":23,"key":"Boot"},{"floor":23,"key":"MawBank"}],"event_choices":[{"cards_removed":["Strike_R"],"damage_healed":0,"gold_gain":0,"player_choice":"Purged","damage_taken":0,"max_hp_gain":0,"max_hp_loss":0,"event_name":"Purifier","floor":4,"gold_loss":0},{"damage_healed":0,"gold_gain":0,"player_choice":"Fought Bandits","damage_taken":0,"max_hp_gain":0,"max_hp_loss":0,"event_name":"Masked Bandits","floor":19,"gold_loss":0},{"damage_healed":0,"gold_gain":0,"player_choice":"Read","damage_taken":0,"max_hp_gain":0,"max_hp_loss":0,"event_name":"The Library","floor":21,"gold_loss":0,"cards_obtained":["Intimidate"]},{"damage_healed":0,"gold_gain":0,"player_choice":"Simplicity","damage_taken":0,"max_hp_gain":0,"max_hp_loss":0,"event_name":"Back to Basics","floor":22,"gold_loss":0,"cards_upgraded":["Strike_R","Strike_R","Strike_R","Strike_R","Defend_R","Defend_R","Defend_R","Defend_R"]}],"is_beta":false,"boss_relics":[{"not_picked":["Sozu","Black Blood"],"picked":"Black Star"}],"items_purged_floors":[],"is_endless":false,"potions_floor_spawned":[1,3,8,14,16,18],"killed_by":"Gremlin Leader","ascension_level":20}}