{"host":"za9ilm1uiwmpmin1","time":1612460460,"event":{"mods":["AchievementEnabler","Act Like it!","Arknights","BaseMod","Dota2Spire","Downfall","Friendly Minions","Lobotomy","LobotomyExtend","Minty Spire (QoL Compilation)","MostiFishMod","Reorder Act Four","RumiaBox-露米娅的神秘盒子","StSLib","TestMod","Waifu the Spire","[IsaacMod]以撒尖塔","【功能Mod】混沌之环修复补丁"],"gold_per_floor":[113,63,63,76,92,123,123,123,123,123,157,187,187,216,216,295,295,314,133,133,145,161,188,188,215,242,259,290,290,240,254,254,333,333,343,353,373,773,561,592,592,618,618,633,633,666,688,715,715,761,761,761,611,611,653,667],"floor_reached":57,"language":"ZHS","playtime":1973,"items_purged":["ats:Strike V","ats:Strike S","ats:Defend","ats:Strike C","ats:Armor Crushing Shot","ats:Defend+1"],"score":2971,"play_id":"bc2f4a96-def9-429a-a117-af068ebc7167","local_time":"20210205014100","is_ascension_mode":true,"campfire_choices":[{"data":"ats:Emotion Absorption","floor":8,"key":"SMITH"},{"data":"ats:Mental Burst","floor":13,"key":"SMITH"},{"floor":15,"key":"RECALL"},{"data":"ats:Soul Absorption","floor":24,"key":"SMITH"},{"data":"ats:Calcification","floor":29,"key":"SMITH"},{"data":"ats:Defend","floor":32,"key":"SMITH"},{"data":"ats:Song Of Battle","floor":41,"key":"SMITH"},{"data":"ats:Disruption Kick","floor":49,"key":"SMITH"},{"floor":54,"key":"REST"}],"circlet_count":0,"master_deck":["AscendersBane","ats:Defend+1","ats:Defend+1","ats:Emotion Absorption+1","ats:Mental Burst+1","ats:Calcification+1","ats:Soul Absorption+1","ats:Song Of Battle+1","ats:Hook Shot+1","ats:Disruption Kick+1"],"relics":["HushsDoor","testmod-TestBox","testmod-RainbowHikingShoes","BookofShadows","BirthdayGift-Tetrahedron","FeatherPendant","SynthV:TestCard","LetterFromLob","MostiFishMod:Haymaker","ats:Originium","Ancient Tea Set","Dota2Spire:BladeMail","MealTicket","testmod-LifeArmor","SlaversCollar","SteamSale","Dota2Spire:OrchidMalevolence","Dota2Spire:Desolator","Ornamental Fan","SatanicBible","Dota2Spire:DrumOfEndurance","sneckomod:SneckoTalon","War Paint","Dota2Spire:PhaseBoots","Vajra","LastBattle","Shuriken","Blue Candle","testmod-TheFather","Dota2Spire:UrnOfShadows","ThornShield"],"acts_visited":["Exordium","TheCity","TheBeyond","TheEnding"],"potions_floor_usage":[14,56,56,56],"damage_taken":[{"damage":1,"enemies":"Small Slimes","floor":1,"turns":1},{"damage":0,"enemies":"Jaw Worm","floor":4,"turns":1},{"damage":2,"enemies":"2 Louse","floor":5,"turns":2},{"damage":4,"enemies":"Lagavulin","floor":6,"turns":3},{"damage":4,"enemies":"3 Sentries","floor":11,"turns":3},{"damage":0,"enemies":"Lagavulin","floor":14,"turns":1},{"damage":4,"enemies":"Hexaghost","floor":16,"turns":3},{"damage":2,"enemies":"Chosen","floor":18,"turns":2},{"damage":2,"enemies":"Spheric Guardian","floor":21,"turns":2},{"damage":2,"enemies":"Centurion and Healer","floor":22,"turns":2},{"damage":2,"enemies":"Book of Stabbing","floor":23,"turns":2},{"damage":2,"enemies":"Gremlin Leader","floor":25,"turns":2},{"damage":2,"enemies":"Snake Plant","floor":27,"turns":2},{"damage":2,"enemies":"Slavers","floor":28,"turns":2},{"damage":1,"enemies":"Chosen and Byrds","floor":31,"turns":1},{"damage":2,"enemies":"Champ","floor":33,"turns":2},{"damage":16,"enemies":"3 Shapes","floor":35,"turns":2},{"damage":2,"enemies":"3 Darklings","floor":36,"turns":2},{"damage":9,"enemies":"Transient","floor":37,"turns":5},{"damage":3,"enemies":"Reptomancer","floor":40,"turns":2},{"damage":0,"enemies":"Nemesis","floor":42,"turns":1},{"damage":2,"enemies":"Writhing Mass","floor":44,"turns":2},{"damage":2,"enemies":"Reptomancer","floor":46,"turns":2},{"damage":6,"enemies":"Maw","floor":47,"turns":3},{"damage":11,"enemies":"Transient","floor":48,"turns":5},{"damage":2,"enemies":"Awakened One","floor":50,"turns":2},{"damage":0,"enemies":"Shield and Spear","floor":55,"turns":1},{"damage":2,"enemies":"The Heart","floor":56,"turns":1}],"seed_played":"-1550879219887230848","potions_obtained":[{"floor":1,"key":"Swift Potion"},{"floor":5,"key":"CultistPotion"},{"floor":14,"key":"testmod-SpacePotion"},{"floor":21,"key":"SteroidPotion"},{"floor":35,"key":"testmod-TestPotion"}],"is_trial":false,"path_per_floor":["M","?","?","M","M","E","M","R","T","?","E","?","R","E","R","B",null,"M","$","T","M","M","E","R","E","T","M","E","R","$","M","R","B",null,"M","M","M","?","$","E","R","E","T","M","?","E","M","M","R","B",null,null,"$","R","E","B",null],"character_chosen":"DOCTOR_CLASS","items_purchased":["SteamSale","War Paint","Dota2Spire:PhaseBoots","Dota2Spire:UrnOfShadows"],"campfire_rested":1,"item_purchase_floors":[19,39,39,53],"current_hp_per_floor":[63,63,56,56,54,50,50,50,50,58,54,54,54,54,54,50,62,60,66,66,64,64,64,64,62,62,62,62,62,66,65,65,64,59,43,43,58,58,59,58,58,58,58,56,51,53,57,58,58,57,57,59,59,59,59,57],"gold":667,"neow_bonus":"BOSS_RELIC","is_daily":false,"chose_seed":false,"campfire_upgraded":7,"win_rate":0.0,"timestamp":1612460460,"path_taken":["M","?","?","M","M","E","M","R","T","?","E","?","R","E","R","BOSS","M","$","?","M","M","E","R","E","T","M","E","R","$","M","R","BOSS","M","M","M","?","$","E","R","E","T","M","?","E","M","M","R","BOSS","$","R","E","BOSS"],"items_purchased_type":["Relic","Relic","Relic","Relic"],"build_version":"2020-12-22","purchased_purges":6,"victory":true,"max_hp_per_floor":[71,71,71,71,71,71,71,71,71,71,71,71,71,71,71,71,66,66,66,66,66,66,66,66,66,66,66,66,66,66,66,66,66,59,59,59,59,59,59,59,59,59,59,59,59,59,59,59,59,59,59,59,59,59,59,59],"card_choices":[{"not_picked":["ats:Cat Scratch","ats:Explosion Area Strengthen","ats:Magnetic Hammer"],"picked":"SKIP","floor":1},{"not_picked":["ats:Consecutive Shot Auto","ats:Literary Storm","ats:Cat Scratch","ats:Rapid Magazine","ats:Poison Spread"],"picked":"SKIP","floor":4},{"not_picked":["ats:Flame Of Heaven","ats:Thermite Blade","ats:Chain Hook","ats:Poison Spread","ats:Soul Absorption"],"picked":"SKIP","floor":5},{"not_picked":["ats:Flame Of Heaven","ats:Thermite Blade","ats:Chain Hook","ats:Poison Spread","ats:Soul Absorption"],"picked":"SKIP","floor":5},{"not_picked":["ats:Cat Scratch","ats:Counter Healing Mode","ats:Dogmatic Field","ats:Thorns","ats:Healing Strengthening"],"picked":"SKIP","floor":6},{"not_picked":["ats:Closed Bolt Burst Fire","ats:Guardian Obelisk","ats:Counter Healing Mode","ats:Ambush"],"picked":"ats:Mental Burst","floor":11},{"not_picked":["ats:Leaping Hammer","ats:Consecutive Shot Auto","ats:Poison Spread","ats:Shadow Raid","ats:Demon Strength"],"picked":"SKIP","floor":14},{"not_picked":["ats:Rat Pack","ats:Roar Of Ursus","ats:Volcano","ats:Dogmatic Field"],"picked":"ats:Calcification","floor":16},{"not_picked":["ats:Consecutive Shot Auto","ats:Apocalypse","ats:Guard Mode","ats:Curse Doll","ats:Overload"],"picked":"SKIP","floor":18},{"not_picked":["ats:Curse Doll","ats:Apocalypse","ats:Charging Defense","ats:Flexible Camouflage"],"picked":"ats:Soul Absorption","floor":21},{"not_picked":["ats:Sword Rain","ats:Leaping Hammer+1","ats:Apocalypse","ats:LN2 Cannon","ats:Defend Order"],"picked":"SKIP","floor":22},{"not_picked":["ats:Beaten Up","ats:Consecutive Shot Auto","ats:Charging Defense","ats:Flame Of Heaven","ats:Healing Drone"],"picked":"SKIP","floor":23},{"not_picked":["ats:Defend Order","ats:Beaten Up","ats:Charging Defense","ats:Guardian Obelisk+1","ats:Assault Order"],"picked":"SKIP","floor":25},{"not_picked":["ats:Shell Defense","ats:Hammer On","ats:Shadow Raid+1","ats:Apocalypse","ats:Ignite"],"picked":"SKIP","floor":27},{"not_picked":["ats:Serious Mode","ats:Leaping Hammer","ats:Shadow Assault","ats:Part Time Job","ats:Red Shift"],"picked":"SKIP","floor":28},{"not_picked":["ats:Revitalization","ats:Poison Spread","ats:Phantom","ats:Leaping Hammer+1","ats:Curse Doll+1"],"picked":"SKIP","floor":31},{"not_picked":["ats:Steam Pump","ats:Shell Defense","ats:Consecutive Shot Auto","ats:Blood Oath","ats:Magnetic Hammer"],"picked":"SKIP","floor":35},{"not_picked":["ats:Blood Oath","ats:Phantom","ats:Apocalypse+1","ats:Assault Order"],"picked":"ats:Song Of Battle","floor":36},{"not_picked":["ats:Serious Mode","ats:Part Time Job","ats:Closed Bolt Burst Fire","ats:Literary Storm"],"picked":"ats:Hook Shot+1","floor":37},{"not_picked":["ats:True Silver Slash","ats:Soul Absorption","ats:Powerful Strike","ats:Mental Burst","ats:Red Shift"],"picked":"SKIP","floor":40},{"not_picked":["ats:Ignite+1","ats:Demon Strength","ats:Counter Healing Mode+1","ats:Curse Doll","ats:Revitalization"],"picked":"SKIP","floor":42},{"not_picked":["ats:Ignite","ats:Guard Mode","ats:Literary Storm","ats:Overload","ats:Leaping Hammer"],"picked":"SKIP","floor":44},{"not_picked":["ats:Explosion Area Strengthen+1","ats:Guard Mode","ats:Closed Bolt Burst Fire+1","ats:Powerful Strike"],"picked":"ats:Disruption Kick","floor":46},{"not_picked":["ats:Ignite+1","ats:Revitalization","ats:Powerful Strike","ats:Poison Spread","ats:Apocalypse+1"],"picked":"SKIP","floor":47},{"not_picked":["ats:Blood Oath+1","ats:Curse Doll","ats:Absolute Focus+1","ats:Powerful Strike","ats:Red Shift"],"picked":"SKIP","floor":48},{"not_picked":["ats:Charging Defense","ats:Hammer On","ats:Spore Proliferation","ats:Disruption Kick","ats:Absolute Focus"],"picked":"SKIP","floor":55}],"player_experience":944908,"relics_obtained":[{"floor":1,"key":"SynthV:TestCard"},{"floor":1,"key":"LetterFromLob"},{"floor":6,"key":"ats:Originium"},{"floor":6,"key":"Ancient Tea Set"},{"floor":11,"key":"ats:Originium"},{"floor":11,"key":"Dota2Spire:BladeMail"},{"floor":14,"key":"ats:Originium"},{"floor":14,"key":"testmod-LifeArmor"},{"floor":20,"key":"Dota2Spire:OrchidMalevolence"},{"floor":23,"key":"ats:Originium"},{"floor":23,"key":"Dota2Spire:Desolator"},{"floor":25,"key":"Ornamental Fan"},{"floor":26,"key":"SatanicBible"},{"floor":28,"key":"Dota2Spire:DrumOfEndurance"},{"floor":40,"key":"Vajra"},{"floor":42,"key":"LastBattle"},{"floor":43,"key":"Shuriken"},{"floor":46,"key":"testmod-TheFather"},{"floor":55,"key":"ThornShield"}],"event_choices":[{"cards_removed":["ats:Strike G"],"damage_healed":0,"gold_gain":0,"player_choice":"Card Removal","damage_taken":0,"max_hp_gain":0,"max_hp_loss":0,"event_name":"The Cleric","floor":2,"gold_loss":50},{"damage_healed":0,"gold_gain":0,"player_choice":"Success","damage_taken":7,"relics_obtained":["MostiFishMod:Haymaker"],"max_hp_gain":0,"max_hp_loss":0,"event_name":"Scrap Ooze","floor":3,"gold_loss":0},{"damage_healed":0,"gold_gain":30,"player_choice":"Searched \u00273\u0027 times","damage_taken":0,"relics_obtained":["MealTicket"],"max_hp_gain":0,"max_hp_loss":0,"event_name":"Dead Adventurer","floor":12,"gold_loss":0},{"damage_healed":0,"gold_gain":400,"player_choice":"Sell","damage_taken":0,"max_hp_gain":0,"max_hp_loss":0,"event_name":"恩洛斯的盘子","floor":38,"relics_lost":["DaveBox"],"gold_loss":0}],"is_beta":false,"boss_relics":[{"not_picked":["testmod-GoldenSoul","testmod-Recursion"],"picked":"SlaversCollar"},{"not_picked":[]},{"not_picked":["EE1DDrone","ats:Omniscience"],"picked":"sneckomod:SneckoTalon"},{"not_picked":[]}],"items_purged_floors":[17,19,30,34,39,53],"is_endless":false,"potions_floor_spawned":[1,5,14,21,22,31,33,35,40,46,48],"ascension_level":14}}