{"host":"gc6vr5n3q8f0hswe","time":1612465764,"event":{"mods":["Act Like it!","Aspiration","BaseMod","Better Altar","Better Sensory Stone","Better Third Choice","Block Reminder","Conspire","Fox Events","Gensokyo","Hallownest","Highlight Path","Hubris","Infinite Spire","Jedi Mod","Lobotomy","LobotomyExtend","MarisaÅiñ∂âJÅ@ñÇóùçπÅj","Minty Spire (QoL Compilation)","Pale of the Ancients","Relic Stats","Reliquary","Replay The Spire","Somnambulant","StSLib","The Alterego","The Blue Laboratory","The Bug Knight","The Jungle","The Poker Player","The Wild Card","Uncapped","Wandering Minibosses"],"gold_per_floor":[111,20,31,31,348,576,576,607,607,607,607,622,622,622,622,724,724,744,744,744,759,759,759,793,793,793],"floor_reached":25,"language":"ENG","playtime":800,"items_purged":[],"score":290,"play_id":"93637e4f-4765-48cd-ad56-aa2a10268b90","local_time":"20210204190924","is_ascension_mode":true,"campfire_choices":[{"data":"Atom Bomb","floor":7.0,"key":"SMITH"},{"data":"hubris:SlightOfHand","floor":10.0,"key":"SMITH"},{"floor":15,"key":"DIG"},{"data":"Vigilance","floor":23,"key":"SMITH"}],"circlet_count":0,"master_deck":["Strike_P","Strike_P","Defend_P","Defend_P","Defend_P","Eruption","Vigilance+1","Prostrate","hubris:SlightOfHand+1","Atom Bomb+1","Flechettes","Pray","Replay:Battleflow","SandsOfTime","Pain","DevaForm","Prostrate"],"relics":["Cursed Key","LetterFromLob","aspiration:Lifesprig","reliquary:SharkskinSheath","reliquary:Aerogel","Gensokyo:LunaticRedEyes","reliquary:RedPaperclip","Replay:Wax Seal","hubris:GlazedTorus"],"acts_visited":["Exordium","TheCity"],"potions_floor_usage":[25],"damage_taken":[{"damage":0.0,"enemies":"Gensokyo:Python","floor":1.0,"turns":2.0},{"damage":9.0,"enemies":"Gensokyo:3_Fairies","floor":3.0,"turns":5.0},{"damage":15.0,"enemies":"Gensokyo:2_Kodama","floor":5.0,"turns":4.0},{"damage":13.0,"enemies":"Gensokyo:Aya","floor":6.0,"turns":3.0},{"damage":10.0,"enemies":"Gensokyo:Mamizou","floor":8.0,"turns":5.0},{"damage":4,"enemies":"Gensokyo:CorruptedTreant","floor":12,"turns":1},{"damage":27,"enemies":"Gensokyo:Yukari","floor":16,"turns":5},{"damage":16,"enemies":"Shell Parasite","floor":18,"turns":4},{"damage":6,"enemies":"Chosen","floor":21,"turns":2},{"damage":34,"enemies":"Book of Stabbing","floor":24,"turns":5},{"damage":23,"enemies":"3 Cultists","floor":25,"turns":3}],"seed_played":"-5294334792375987619","potions_obtained":[{"floor":1.0,"key":"blueLaboratory:PressurePotion"},{"floor":8.0,"key":"Elixir"},{"floor":24,"key":"blueLaboratory:AlphaPotion"}],"is_trial":false,"path_per_floor":["M","COS","M","?","M","E","R","E","T","R","M","M","?","?","R","B",null,"M","?","?","M","?","R","E","M"],"character_chosen":"WATCHER","items_purchased":[],"campfire_rested":0,"item_purchase_floors":[],"current_hp_per_floor":[72,72,63,63,48,35,35,25,25,25,25,21,28,28,28,1,79,63,63,63,57,57,57,23,0,0],"gold":793,"neow_bonus":"BOSS_RELIC","is_daily":false,"chose_seed":false,"campfire_upgraded":3,"win_rate":0.0,"timestamp":1612465764,"path_taken":["M","COS","M","?","?","E","R","E","T","R","M","M","?","?","R","BOSS","M","?","?","?","?","R","E","M"],"items_purchased_type":[],"build_version":"2020-12-22","purchased_purges":0,"victory":false,"max_hp_per_floor":[72,72,72,72,72,72,72,72,72,72,72,72,79,79,79,79,79,79,79,79,79,79,79,79,79,79],"relic_stats":{"counters":[11,39],"Cursed Key":1,"obtain_stats":[{"conspire:Dentures":9,"aspiration:Lifesprig":6,"reliquary:RedPaperclip":17,"reliquary:Aerogel":8,"reliquary:PartyBalloon":15,"LetterFromLob":1,"PureWater":0,"Replay:Wax Seal":22,"Cursed Key":0,"Gensokyo:LunaticRedEyes":14,"reliquary:SharkskinSheath":6,"hubris:GlazedTorus":24},{"conspire:Dentures":5,"aspiration:Lifesprig":4,"reliquary:RedPaperclip":7,"reliquary:Aerogel":5,"reliquary:PartyBalloon":6,"LetterFromLob":1,"PureWater":0,"Replay:Wax Seal":9,"Cursed Key":0,"Gensokyo:LunaticRedEyes":6,"reliquary:SharkskinSheath":4,"hubris:GlazedTorus":10},{"conspire:Dentures":19,"aspiration:Lifesprig":12,"reliquary:RedPaperclip":25,"reliquary:Aerogel":19,"reliquary:PartyBalloon":20,"LetterFromLob":2,"PureWater":0,"Replay:Wax Seal":31,"Cursed Key":0,"Gensokyo:LunaticRedEyes":20,"reliquary:SharkskinSheath":14,"hubris:GlazedTorus":36}]},"card_choices":[{"not_picked":["Replay:ManipulateFuture","WreathOfFlame"],"picked":"Prostrate","floor":1.0},{"not_picked":["PathToVictory","SashWhip","Evaluate"],"picked":"SKIP","floor":3.0},{"not_picked":["CrushJoints","FlurryOfBlows"],"picked":"Pray","floor":5.0},{"not_picked":["EmptyBody","CutThroughFate"],"picked":"Replay:Battleflow","floor":6.0},{"not_picked":["Protect","WaveOfTheHand"],"picked":"SandsOfTime","floor":8.0},{"not_picked":["Crescendo","BattleHymn","MasterReality"],"picked":"SKIP","floor":12},{"not_picked":["Devotion","Scrawl"],"picked":"DevaForm","floor":16},{"not_picked":["ReachHeaven","Replay:AtTheReady","Collect"],"picked":"SKIP","floor":18},{"not_picked":["CutThroughFate","Evaluate"],"picked":"Prostrate","floor":21},{"not_picked":["WreathOfFlame","Evaluate+1","FearNoEvil"],"picked":"SKIP","floor":24}],"player_experience":468701,"relics_obtained":[{"floor":1.0,"key":"LetterFromLob"},{"floor":6.0,"key":"reliquary:SharkskinSheath"},{"floor":8.0,"key":"reliquary:Aerogel"},{"floor":9.0,"key":"conspire:Dentures"},{"floor":15,"key":"reliquary:PartyBalloon"},{"floor":22,"key":"Replay:Wax Seal"},{"floor":24,"key":"hubris:GlazedTorus"}],"event_choices":[],"is_beta":false,"boss_relics":[{"not_picked":["Snecko Eye","aspiration:SecretTechniqueScroll"],"picked":"reliquary:RedPaperclip"}],"items_purged_floors":[],"is_endless":false,"potions_floor_spawned":[1,8,24],"killed_by":"3 Cultists","ascension_level":1}}