{"host":"6q94iy5iz6612v89","time":1612410956,"event":{"mods":["2.2 Compatiblity","AchievementEnabler","BaseMod","Colored Map","DeckTracker","Keyboard Shortcuts","Minty Spire (QoL Compilation)","Permanent Neow","StSLib","SuperFastMode"],"gold_per_floor":[118,43,43,43,43,43,57,67,67,117,117,131,23,33,33,106,106,122,138,188,138,138,138,148,158,158,158,158],"floor_reached":27,"language":"KOR","playtime":644,"items_purged":["Strike_G","Strike_G","Defend_G"],"score":410,"play_id":"940782b9-321c-42cf-ab71-c385a3143761","local_time":"20210204125556","is_ascension_mode":true,"campfire_choices":[{"data":"Neutralize","floor":6.0,"key":"SMITH"},{"data":"Poisoned Stab","floor":15.0,"key":"SMITH"},{"data":"Envenom","floor":23,"key":"SMITH"}],"circlet_count":0,"master_deck":["AscendersBane","Defend_G","Defend_G","Survivor","Neutralize+1","Grand Finale","Endless Agony","Eviscerate","Poisoned Stab+1","Poisoned Stab","Envenom+1","Eviscerate+1","Setup+1","Expertise+1","Well Laid Plans","Predator","After Image"],"relics":["Ring of the Snake","Smiling Mask","Tough Bandages","Akabeko","Astrolabe"],"acts_visited":["Exordium","TheCity"],"potions_floor_usage":[16,19],"damage_taken":[{"damage":0.0,"enemies":"Small Slimes","floor":1.0,"turns":5.0},{"damage":2.0,"enemies":"Jaw Worm","floor":7.0,"turns":6.0},{"damage":13.0,"enemies":"2 Louse","floor":8.0,"turns":4.0},{"damage":0.0,"enemies":"Gremlin Gang","floor":11.0,"turns":1.0},{"damage":0.0,"enemies":"Large Slime","floor":12.0,"turns":5.0},{"damage":0.0,"enemies":"Blue Slaver","floor":14.0,"turns":3.0},{"damage":24,"enemies":"The Guardian","floor":16,"turns":13},{"damage":26,"enemies":"3 Byrds","floor":18,"turns":5},{"damage":0,"enemies":"Spheric Guardian","floor":19,"turns":3},{"damage":0,"enemies":"Cultist and Chosen","floor":24,"turns":5},{"damage":4,"enemies":"Chosen and Byrds","floor":25,"turns":5},{"damage":20,"enemies":"Snake Plant","floor":27,"turns":1}],"seed_played":"3760403768838620646","potions_obtained":[{"floor":1.0,"key":"SmokeBomb"},{"floor":7.0,"key":"GamblersBrew"},{"floor":14.0,"key":"DuplicationPotion"},{"floor":16,"key":"Dexterity Potion"},{"floor":19,"key":"LiquidBronze"},{"floor":24,"key":"BlessingOfTheForge"}],"is_trial":false,"path_per_floor":["M","$","?","?","T","R","M","M","T","?","M","M","$","M","R","B",null,"M","M","?","$","?","R","M","M","T","M"],"character_chosen":"THE_SILENT","items_purchased":["Poisoned Stab"],"campfire_rested":0,"item_purchase_floors":[13],"current_hp_per_floor":[59,59,41,41,41,41,39,26,26,26,26,26,26,26,26,2,50,24,24,24,24,24,24,24,20,20,0,0],"gold":158,"neow_bonus":"ONE_RANDOM_RARE_CARD","is_daily":false,"chose_seed":false,"campfire_upgraded":3,"win_rate":0.0,"timestamp":1612410956,"path_taken":["M","$","?","?","?","R","M","M","T","?","M","?","$","M","R","BOSS","M","M","?","$","?","R","M","M","T","M"],"items_purchased_type":["Card"],"build_version":"2020-12-22","purchased_purges":3,"victory":false,"max_hp_per_floor":[66,66,66,66,66,66,66,66,66,66,66,66,66,66,66,66,66,66,66,66,66,66,66,66,66,66,66,66],"card_choices":[{"not_picked":["Riddle With Holes","Cloak And Dagger","PiercingWail"],"picked":"SKIP","floor":1.0},{"not_picked":["Flechettes","Backflip"],"picked":"Endless Agony","floor":7.0},{"not_picked":["Underhanded Strike","Prepared"],"picked":"Eviscerate","floor":8.0},{"not_picked":["Blade Dance","Setup","Sucker Punch"],"picked":"SKIP","floor":12.0},{"not_picked":["Outmaneuver","Riddle With Holes"],"picked":"Poisoned Stab","floor":14.0},{"not_picked":["Unload","Venomology"],"picked":"Envenom","floor":16},{"not_picked":["Skewer","Quick Slash","Dagger Spray"],"picked":"SKIP","floor":18},{"not_picked":["Noxious Fumes","Underhanded Strike+1"],"picked":"Well Laid Plans","floor":19},{"not_picked":["Flechettes","Dagger Spray","PiercingWail"],"picked":"SKIP","floor":24},{"not_picked":["Finisher","Deflect","Accuracy+1"],"picked":"SKIP","floor":25}],"player_experience":1461740,"relics_obtained":[{"floor":5.0,"key":"Tough Bandages"},{"floor":9.0,"key":"Akabeko"}],"event_choices":[{"damage_healed":0.0,"max_hp_gain":0.0,"max_hp_loss":0.0,"gold_gain":0.0,"event_name":"Scrap Ooze","player_choice":"Success","floor":3.0,"gold_loss":0.0,"damage_taken":18.0,"relics_obtained":["Smiling Mask"]},{"damage_healed":0.0,"max_hp_gain":0.0,"max_hp_loss":0.0,"gold_gain":0.0,"event_name":"The Cleric","player_choice":"Leave","floor":4.0,"gold_loss":0.0,"damage_taken":0.0},{"damage_healed":0.0,"max_hp_gain":0.0,"max_hp_loss":0.0,"gold_gain":50.0,"event_name":"Golden Shrine","player_choice":"Pray","floor":10.0,"gold_loss":0.0,"damage_taken":0.0},{"damage_healed":0,"gold_gain":50,"player_choice":"Stole From Cult","damage_taken":0,"max_hp_gain":0,"max_hp_loss":0,"event_name":"Nest","floor":20,"gold_loss":0},{"damage_healed":0,"gold_gain":0,"cards_transformed":["Defend_G","Defend_G"],"player_choice":"Became Test Subject","damage_taken":0,"max_hp_gain":0,"max_hp_loss":0,"event_name":"Drug Dealer","floor":22,"gold_loss":0,"cards_obtained":["Predator","After Image"]}],"is_beta":false,"boss_relics":[{"not_picked":["Runic Dome","Philosopher\u0027s Stone"],"picked":"Astrolabe"}],"items_purged_floors":[2,13,21],"is_endless":false,"potions_floor_spawned":[1,7,14,16,19,24],"killed_by":"Snake Plant","ascension_level":20}}