{"host":"9n6i2vl93jt4o42q","time":1612455436,"event":{"mods":["BaseMod","Minty Spire (QoL Compilation)","Relic Stats"],"gold_per_floor":[218,231,250,250,269,269,283,316,342,342,342,43,43,56,56,145,145,168,183,98,121,121,121],"floor_reached":22,"language":"ENG","playtime":2423,"items_purged":["Strike_R"],"score":376,"play_id":"c8ab9428-8bf4-4ecf-a861-a893c62f0163","local_time":"20210204171716","is_ascension_mode":true,"campfire_choices":[{"data":"Anger","floor":6.0,"key":"SMITH"},{"floor":11.0,"key":"REST"},{"floor":15.0,"key":"REST"}],"circlet_count":0,"master_deck":["AscendersBane","Strike_R+1","Strike_R+1","Defend_R+1","Defend_R","Defend_R","Defend_R+1","Bash","Power Through","Anger+1","Wild Strike","Spot Weakness","Sword Boomerang","Thunderclap","Shrug It Off","Inflame","Offering","Cleave","Seeing Red","Intimidate"],"relics":["Burning Blood","Golden Idol","Paper Frog","War Paint","Centennial Puzzle","Empty Cage","Orichalcum"],"acts_visited":["Exordium","TheCity"],"potions_floor_usage":[22],"damage_taken":[{"damage":4.0,"enemies":"Small Slimes","floor":1.0,"turns":4.0},{"damage":7.0,"enemies":"2 Louse","floor":2.0,"turns":3.0},{"damage":0.0,"enemies":"Jaw Worm","floor":3.0,"turns":3.0},{"damage":5.0,"enemies":"3 Louse","floor":5.0,"turns":3.0},{"damage":5.0,"enemies":"Large Slime","floor":7.0,"turns":5.0},{"damage":21.0,"enemies":"Gremlin Nob","floor":8.0,"turns":4.0},{"damage":0.0,"enemies":"Exordium Wildlife","floor":14.0,"turns":4.0},{"damage":12.0,"enemies":"The Guardian","floor":16.0,"turns":9.0},{"damage":15.0,"enemies":"3 Byrds","floor":18.0,"turns":6.0},{"damage":19.0,"enemies":"Chosen","floor":19.0,"turns":4.0},{"damage":28.0,"enemies":"Snecko","floor":21.0,"turns":6.0},{"damage":22,"enemies":"Cultist and Chosen","floor":22,"turns":5}],"seed_played":"-1153522731769840774","potions_obtained":[{"floor":1.0,"key":"SteroidPotion"},{"floor":5.0,"key":"Strength Potion"},{"floor":16.0,"key":"SmokeBomb"},{"floor":19.0,"key":"Energy Potion"}],"is_trial":false,"path_per_floor":["M","M","M","?","M","R","M","E","T","?","R","$","?","M","R","B",null,"M","M","?","M","M"],"character_chosen":"IRONCLAD","items_purchased":["Shrug It Off","Centennial Puzzle"],"campfire_rested":2,"item_purchase_floors":[12,12],"current_hp_per_floor":[70,69,75,49,50,50,51,36,36,18,40,40,17,23,45,39,66,57,44,44,22,0,0],"gold":121,"neow_bonus":"HUNDRED_GOLD","is_daily":false,"chose_seed":false,"campfire_upgraded":1,"win_rate":0.0,"timestamp":1612455436,"path_taken":["M","M","M","?","M","R","M","E","T","?","R","$","?","M","R","BOSS","M","M","?","M","M"],"items_purchased_type":["Card","Relic"],"build_version":"2020-12-22","purchased_purges":1,"victory":false,"max_hp_per_floor":[75,75,75,75,75,75,75,75,75,75,75,75,75,75,75,75,75,75,75,75,75,75,75],"relic_stats":{"Centennial Puzzle":[15],"counters":[12,56],"Golden Idol":48,"War Paint":["Defend_R","Defend_R"],"Orichalcum":[18],"obtain_stats":[{"Centennial Puzzle":12,"Golden Idol":4,"War Paint":10,"Orichalcum":20,"Empty Cage":17,"Burning Blood":0,"Paper Frog":8},{"Centennial Puzzle":6,"Golden Idol":3,"War Paint":6,"Orichalcum":10,"Empty Cage":8,"Burning Blood":0,"Paper Frog":6},{"Centennial Puzzle":22,"Golden Idol":10,"War Paint":22,"Orichalcum":45,"Empty Cage":35,"Burning Blood":0,"Paper Frog":22}],"Burning Blood":66},"card_choices":[{"not_picked":["Perfected Strike","Clash"],"picked":"Power Through","floor":1.0},{"not_picked":["Iron Wave","Twin Strike"],"picked":"Anger","floor":2.0},{"not_picked":["Hemokinesis","Sword Boomerang"],"picked":"Wild Strike","floor":3.0},{"not_picked":["Pommel Strike","Berserk"],"picked":"Spot Weakness","floor":5.0},{"not_picked":["Iron Wave","Carnage"],"picked":"Sword Boomerang","floor":7.0},{"not_picked":["True Grit","Pummel"],"picked":"Thunderclap","floor":8.0},{"not_picked":["Uppercut","Bloodletting"],"picked":"Inflame","floor":14.0},{"not_picked":["Fiend Fire","Immolate"],"picked":"Offering","floor":16.0},{"not_picked":["True Grit","Dual Wield"],"picked":"Cleave","floor":18.0},{"not_picked":["Thunderclap","Disarm"],"picked":"Seeing Red","floor":19.0},{"not_picked":["Havoc+1","Warcry"],"picked":"Intimidate","floor":21.0}],"player_experience":2441503,"relics_obtained":[{"floor":8.0,"key":"Paper Frog"}],"event_choices":[{"damage_healed":0.0,"max_hp_gain":0.0,"max_hp_loss":0.0,"gold_gain":0.0,"event_name":"Golden Idol","player_choice":"Take Damage","floor":4.0,"gold_loss":0.0,"damage_taken":26.0,"relics_obtained":["Golden Idol"]},{"damage_healed":0.0,"max_hp_gain":0.0,"max_hp_loss":0.0,"gold_gain":0.0,"event_name":"Scrap Ooze","player_choice":"Success","floor":10.0,"gold_loss":0.0,"damage_taken":18.0,"relics_obtained":["War Paint"]},{"damage_healed":0.0,"max_hp_gain":0.0,"max_hp_loss":0.0,"gold_gain":0.0,"event_name":"Shining Light","player_choice":"Entered Light","floor":13.0,"gold_loss":0.0,"damage_taken":23.0,"cards_upgraded":["Strike_R","Strike_R"]},{"damage_healed":0.0,"max_hp_gain":0.0,"max_hp_loss":0.0,"gold_gain":0.0,"event_name":"Addict","player_choice":"Obtained Relic","floor":20.0,"gold_loss":85.0,"damage_taken":0.0,"relics_obtained":["Orichalcum"]}],"is_beta":false,"boss_relics":[{"not_picked":["Black Blood","Black Star"],"picked":"Empty Cage"}],"items_purged_floors":[12],"is_endless":false,"potions_floor_spawned":[1,5,16,19],"killed_by":"Cultist and Chosen","ascension_level":20}}