{"host":"rolltorest","time":1612418925,"event":{"mods":["BaseMod","Minty Spire (QoL Compilation)","Relic Stats","Slay the Relics Exporter","StSLib"],"gold_per_floor":[116,191,210,210,485,520,536,536,536],"floor_reached":8,"language":"ENG","playtime":117,"items_purged":[],"score":112,"play_id":"cc6968f8-1b92-434a-b74d-1fd72c77056b","local_time":"20210203220845","is_ascension_mode":true,"campfire_choices":[],"circlet_count":0,"master_deck":["AscendersBane","Strike_R","Strike_R","Strike_R","Strike_R+1","Strike_R+1","Defend_R","Defend_R","Defend_R","Defend_R","Bash","Thunderclap","Regret","Anger","Clash"],"relics":["Busted Crown","Ornamental Fan","Whetstone"],"acts_visited":["Exordium"],"potions_floor_usage":[6,8],"damage_taken":[{"damage":2,"enemies":"Jaw Worm","floor":1,"turns":3},{"damage":5,"enemies":"2 Louse","floor":3,"turns":3},{"damage":53,"enemies":"Gremlin Nob","floor":6,"turns":5},{"damage":2,"enemies":"Cultist","floor":7,"turns":2},{"damage":0,"enemies":"Lagavulin","floor":8,"turns":1}],"seed_played":"4927271037118170034","potions_obtained":[{"floor":3,"key":"BloodPotion"},{"floor":7,"key":"Ancient Potion"}],"is_trial":false,"path_per_floor":["M","?","M","T","?","E","M","E"],"character_chosen":"IRONCLAD","items_purchased":[],"campfire_rested":0,"item_purchase_floors":[],"current_hp_per_floor":[66,55,50,50,50,12,10,10,10],"gold":536,"neow_bonus":"BOSS_RELIC","is_daily":false,"chose_seed":false,"campfire_upgraded":0,"win_rate":0.0,"timestamp":1612418925,"path_taken":["M","?","M","?","?","E","M","E"],"items_purchased_type":[],"build_version":"2020-12-18","purchased_purges":0,"victory":false,"max_hp_per_floor":[75,75,75,75,75,75,75,75,75],"relic_stats":{"Busted Crown":8,"counters":[5,14],"Ornamental Fan":[16],"Whetstone":["Strike_R","Strike_R"],"obtain_stats":[{"Busted Crown":0,"Ornamental Fan":4,"Whetstone":6,"Burning Blood":0},{"Busted Crown":0,"Ornamental Fan":2,"Whetstone":3,"Burning Blood":0},{"Busted Crown":0,"Ornamental Fan":6,"Whetstone":11,"Burning Blood":0}]},"card_choices":[{"not_picked":["Havoc"],"picked":"SKIP","floor":1},{"not_picked":[],"picked":"Thunderclap","floor":3},{"not_picked":[],"picked":"Anger","floor":6},{"not_picked":[],"picked":"Clash","floor":7}],"player_experience":1833404,"relics_obtained":[{"floor":4,"key":"Ornamental Fan"},{"floor":6,"key":"Whetstone"}],"event_choices":[{"damage_healed":0,"gold_gain":75,"player_choice":"Gather Gold","damage_taken":11,"max_hp_gain":0,"max_hp_loss":0,"event_name":"World of Goop","floor":2,"gold_loss":0},{"damage_healed":0,"gold_gain":275,"player_choice":"Desecrate","damage_taken":0,"max_hp_gain":0,"max_hp_loss":0,"event_name":"Golden Shrine","floor":5,"gold_loss":0,"cards_obtained":["Regret"]}],"is_beta":true,"boss_relics":[],"items_purged_floors":[],"is_endless":false,"potions_floor_spawned":[3,7],"killed_by":"Lagavulin","ascension_level":20}}