{"host":"sc0o2qwpf9j16a4i","time":1612439317,"event":{"mods":["AchievementEnabler","BaseMod","BetterRewards","Block Reminder","Colored Map","Colored Powertips","Custom Start","Highlight Path","Minty Spire (QoL Compilation)","Relic Stats"],"gold_per_floor":[111,111,128,13,13,13,28,48,72,72,106,146,168,194,194,301,301,321,330,343,390,440,459,496,541,541,541,541,562,17,40,40,153,180,209,19,63,0,75,118,145,145,145,2,20,20,20],"floor_reached":46,"language":"ENG","playtime":2339,"items_purged":["Regret"],"score":811,"play_id":"244e4757-ed57-4196-89fd-75818f750728","local_time":"20210204134837","daily_mods":["Insanity","Uncertain Future","DeadlyEvents"],"is_ascension_mode":false,"campfire_choices":[{"data":"Study","floor":6,"key":"SMITH"},{"data":"WaveOfTheHand","floor":10,"key":"SMITH"},{"data":"TalkToTheHand","floor":15,"key":"SMITH"},{"floor":27,"key":"REST"},{"floor":32,"key":"REST"},{"floor":42,"key":"REST"}],"circlet_count":0,"master_deck":["Evaluate","CutThroughFate","Wallop","WaveOfTheHand","EmptyBody","ThirdEye","EmptyBody","DeceiveReality","CarveReality","Protect","FearNoEvil","FlurryOfBlows","WaveOfTheHand+1","Study+1","FollowUp","Sanctity","Evaluate","Crescendo","CutThroughFate","FlurryOfBlows","JustLucky","WreathOfFlame","Consecrate","Consecrate","EmptyBody","Tantrum","CutThroughFate","ThirdEye","PathToVictory","FollowUp","FollowUp","BowlingBash","JustLucky","CutThroughFate","EmptyFist","FlyingSleeves","Evaluate","CarveReality","Weave","CrushJoints","Collect","Halt","FollowUp","FlyingSleeves","SignatureMove","Crescendo","Halt","Wireheading","FlurryOfBlows","Weave","ClearTheMind","EmptyBody","JustLucky","Consecrate","Nirvana","TalkToTheHand+1","Wallop","Wish","Consecrate","Writhe","InnerPeace","DeusExMachina","DeceiveReality+1","FlyingSleeves","Bite","Bite","Bite","Bite","Bite","Devotion","ThirdEye","Evaluate","Nirvana+1","Omniscience","Vault+1","EmptyBody+1","Fasting2+1","ClearTheMind","EmptyFist","FlurryOfBlows","FlyingSleeves+1","Protect+1","ClearTheMind+1"],"relics":["HolyWater","Oddly Smooth Stone","CeramicFish","Lantern","Pear","Nunchaku","PreservedInsect","Lizard Tail","Girya","Shuriken","ClockworkSouvenir","Astrolabe","Damaru","Red Mask","GoldenEye","Art of War","Vajra"],"acts_visited":["Exordium","TheCity","TheBeyond"],"potions_floor_usage":[12,20,21,22,23,33,35,40],"damage_taken":[{"damage":0,"enemies":"Cultist","floor":1,"turns":1},{"damage":0,"enemies":"Jaw Worm","floor":3,"turns":2},{"damage":0,"enemies":"Small Slimes","floor":7,"turns":2},{"damage":0,"enemies":"3 Louse","floor":8,"turns":1},{"damage":0,"enemies":"Lagavulin","floor":11,"turns":3},{"damage":2,"enemies":"3 Sentries","floor":12,"turns":3},{"damage":8,"enemies":"Exordium Wildlife","floor":13,"turns":3},{"damage":1,"enemies":"Lots of Slimes","floor":14,"turns":3},{"damage":11,"enemies":"The Guardian","floor":16,"turns":10},{"damage":20,"enemies":"2 Thieves","floor":18,"turns":4},{"damage":0,"enemies":"3 Byrds","floor":20,"turns":3},{"damage":7,"enemies":"Centurion and Healer","floor":21,"turns":4},{"damage":40,"enemies":"Snake Plant","floor":22,"turns":7},{"damage":0,"enemies":"Snecko","floor":23,"turns":5},{"damage":9,"enemies":"Book of Stabbing","floor":24,"turns":6},{"damage":6,"enemies":"3 Cultists","floor":29,"turns":5},{"damage":10,"enemies":"Chosen and Byrds","floor":31,"turns":3},{"damage":16,"enemies":"Champ","floor":33,"turns":11},{"damage":11,"enemies":"3 Darklings","floor":35,"turns":4},{"damage":14,"enemies":"3 Shapes","floor":37,"turns":6},{"damage":33,"enemies":"Jaw Worm Horde","floor":39,"turns":6},{"damage":51,"enemies":"Nemesis","floor":40,"turns":6},{"damage":8,"enemies":"3 Darklings","floor":41,"turns":3},{"damage":10,"enemies":"Transient","floor":45,"turns":5},{"damage":0,"enemies":"Maw","floor":46,"turns":1}],"seed_played":"-3721582123169128808","potions_obtained":[{"floor":3,"key":"DistilledChaos"},{"floor":8,"key":"Ancient Potion"},{"floor":12,"key":"LiquidBronze"},{"floor":18,"key":"ColorlessPotion"},{"floor":20,"key":"LiquidMemories"},{"floor":24,"key":"BottledMiracle"},{"floor":31,"key":"AttackPotion"},{"floor":33,"key":"Block Potion"},{"floor":39,"key":"DuplicationPotion"},{"floor":40,"key":"DuplicationPotion"},{"floor":41,"key":"DistilledChaos"}],"is_trial":true,"path_per_floor":["M","?","M","$","?","R","M","M","T","R","E","E","M","M","R","B",null,"M","?","M","M","M","M","E","?","T","R","T","M","$","M","R","B",null,"M","$","M","?","M","E","M","R","T","$","M","M"],"character_chosen":"WATCHER","items_purchased":["Weave","ClearTheMind","Shuriken","ClockworkSouvenir","ThirdEye","Evaluate","Damaru","EmptyFist","Vajra"],"campfire_rested":3,"item_purchase_floors":[4,4,30,30,30,30,36,36,44],"current_hp_per_floor":[72,72,72,72,65,65,65,65,65,65,65,73,65,64,64,53,82,62,62,62,55,15,15,6,6,6,23,23,25,25,15,32,22,57,46,46,38,38,11,30,22,39,39,39,33,33,33],"gold":20,"neow_bonus":"","is_daily":false,"chose_seed":false,"campfire_upgraded":3,"win_rate":0.0,"timestamp":1612439317,"path_taken":["M","?","M","$","?","R","M","M","T","R","E","?","M","M","R","BOSS","M","?","M","M","M","M","E","?","T","R","?","M","$","M","R","BOSS","M","$","M","?","M","E","M","R","T","?","?","M"],"items_purchased_type":["Card","Card","Relic","Relic","Card","Card","Relic","Card","Relic"],"build_version":"2020-12-22","purchased_purges":1,"victory":false,"max_hp_per_floor":[72,72,72,72,72,72,72,72,72,72,72,82,82,82,82,82,82,82,82,82,82,82,82,82,57,57,57,57,57,57,57,57,57,57,57,57,57,57,57,57,57,57,57,57,57,57,57],"relic_stats":{"Nunchaku":[24],"Lizard Tail":28,"counters":[25,107],"Shuriken":[35],"CeramicFish":270,"Astrolabe":["Vault","EmptyBody","Fasting2"],"PreservedInsect":47,"Art of War":[0],"GoldenEye":[20],"obtain_stats":[{"Girya":28,"Lantern":11,"Pear":12,"CeramicFish":9,"Astrolabe":34,"Oddly Smooth Stone":2,"Damaru":36,"Vajra":44,"PreservedInsect":24,"GoldenEye":40,"ClockworkSouvenir":30,"Nunchaku":19,"Lizard Tail":26,"Shuriken":30,"HolyWater":17,"Red Mask":38,"Art of War":43,"PureWater":0},{"Girya":15,"Lantern":5,"Pear":6,"CeramicFish":4,"Astrolabe":18,"Oddly Smooth Stone":1,"Damaru":19,"Vajra":23,"PreservedInsect":15,"GoldenEye":22,"ClockworkSouvenir":16,"Nunchaku":10,"Lizard Tail":15,"Shuriken":16,"HolyWater":9,"Red Mask":20,"Art of War":23,"PureWater":0},{"Girya":57,"Lantern":9,"Pear":12,"CeramicFish":6,"Astrolabe":76,"Oddly Smooth Stone":1,"Damaru":80,"Vajra":101,"PreservedInsect":57,"GoldenEye":98,"ClockworkSouvenir":62,"Nunchaku":32,"Lizard Tail":57,"Shuriken":62,"HolyWater":28,"Red Mask":86,"Art of War":101,"PureWater":0}]},"card_choices":[{"not_picked":["FollowUp","Consecrate"],"picked":"Wireheading","floor":1},{"not_picked":["CutThroughFate","LikeWater"],"picked":"FlurryOfBlows","floor":3},{"not_picked":["ConjureBlade","CutThroughFate"],"picked":"EmptyBody","floor":7},{"not_picked":["Adaptation","Consecrate"],"picked":"JustLucky","floor":8},{"not_picked":["Protect","ClearTheMind"],"picked":"Consecrate","floor":11},{"not_picked":["Perseverance","SandsOfTime"],"picked":"Nirvana","floor":12},{"not_picked":["MentalFortress","EmptyBody"],"picked":"TalkToTheHand","floor":13},{"not_picked":["Nirvana","CarveReality"],"picked":"Wallop","floor":14},{"not_picked":["DeusExMachina","MasterReality"],"picked":"Wish","floor":16},{"not_picked":["Fasting2","PathToVictory"],"picked":"Consecrate","floor":18},{"not_picked":["EmptyBody","Study","Prostrate+1"],"picked":"SKIP","floor":20},{"not_picked":["FlurryOfBlows+1","FlyingSleeves+1"],"picked":"InnerPeace","floor":21},{"not_picked":["FollowUp","Indignation+1"],"picked":"DeusExMachina","floor":22},{"not_picked":["BowlingBash","FlyingSleeves+1"],"picked":"DeceiveReality+1","floor":23},{"not_picked":["EmptyFist","BowlingBash+1"],"picked":"FlyingSleeves","floor":24},{"not_picked":["EmptyBody","Protect"],"picked":"Devotion","floor":29},{"not_picked":["CutThroughFate","EmptyBody"],"picked":"Nirvana+1","floor":31},{"not_picked":["Establishment","Alpha"],"picked":"Omniscience","floor":33},{"not_picked":["Vengeance+1","FollowUp+1"],"picked":"ClearTheMind","floor":35},{"not_picked":["WaveOfTheHand","CutThroughFate+1"],"picked":"FlurryOfBlows","floor":37},{"not_picked":["PathToVictory","BattleHymn+1"],"picked":"FlyingSleeves+1","floor":39},{"not_picked":["EmptyMind+1","Vault"],"picked":"Protect+1","floor":40},{"not_picked":["BowlingBash+1","Evaluate"],"picked":"ClearTheMind+1","floor":41},{"not_picked":["SashWhip","Fasting2+1","PathToVictory+1"],"picked":"SKIP","floor":45}],"player_experience":1174786,"relics_obtained":[{"floor":9,"key":"CeramicFish"},{"floor":11,"key":"Lantern"},{"floor":12,"key":"Pear"},{"floor":24,"key":"PreservedInsect"},{"floor":26,"key":"Lizard Tail"},{"floor":28,"key":"Girya"},{"floor":40,"key":"GoldenEye"},{"floor":43,"key":"Art of War"}],"event_choices":[{"damage_healed":0,"gold_gain":0,"player_choice":"Box","damage_taken":0,"relics_obtained":["Oddly Smooth Stone"],"max_hp_gain":0,"max_hp_loss":0,"event_name":"Big Fish","floor":2,"gold_loss":0,"cards_obtained":["Regret"]},{"damage_healed":0,"gold_gain":0,"player_choice":"Damaged","damage_taken":7,"max_hp_gain":0,"max_hp_loss":0,"event_name":"Wheel of Change","floor":5,"gold_loss":0},{"damage_healed":0,"gold_gain":0,"player_choice":"Opened","damage_taken":0,"relics_obtained":["Nunchaku"],"max_hp_gain":0,"max_hp_loss":0,"event_name":"The Mausoleum","floor":19,"gold_loss":0,"cards_obtained":["Writhe"]},{"damage_healed":0,"gold_gain":0,"player_choice":"Became a vampire","damage_taken":0,"max_hp_gain":0,"max_hp_loss":25,"event_name":"Vampires","floor":25,"gold_loss":0,"cards_obtained":["Bite","Bite","Bite","Bite","Bite"]},{"damage_healed":0,"gold_gain":0,"player_choice":"Paid","damage_taken":0,"relics_obtained":["Red Mask"],"max_hp_gain":0,"max_hp_loss":0,"event_name":"Tomb of Lord Red Mask","floor":38,"gold_loss":63}],"is_beta":false,"boss_relics":[{"not_picked":["Runic Dome","Runic Pyramid"],"picked":"HolyWater"},{"not_picked":["Coffee Dripper","Velvet Choker"],"picked":"Astrolabe"}],"items_purged_floors":[30],"is_endless":false,"potions_floor_spawned":[3,8,12,18,20,24,31,33,39,40,41,45],"killed_by":"Maw","ascension_level":0}}