{"host":"g2yp6paluzgljz05","time":1612422071,"event":{"mods":["BaseMod","Bestiary","Colored Powertips","DeckTracker","Highlight Path","Minty Spire (QoL Compilation)","Quick Restart"],"gold_per_floor":[111,131,56,56,56,56,90,47,72,72,90,106,6,25,25,126,126,138,138,13,13,28,28,60,72,121,121,121],"floor_reached":27,"language":"ENG","playtime":972,"items_purged":["Strike_R","Strike_R","Strike_R"],"score":347,"play_id":"1ca94ba6-a492-43d8-b27f-bb58f0146479","local_time":"20210204180111","is_ascension_mode":true,"campfire_choices":[{"data":"Rampage","floor":6,"key":"SMITH"},{"floor":10,"key":"REST"},{"data":"Heavy Blade","floor":15,"key":"SMITH"},{"data":"Demon Form","floor":23,"key":"SMITH"}],"circlet_count":0,"master_deck":["AscendersBane","Strike_R+1","Defend_R","Defend_R","Defend_R","Defend_R","Bash+1","Rampage+1","Demon Form+1","Heavy Blade+1","Fiend Fire","Clothesline+1","Shrug It Off"],"relics":["Burning Blood","Pocketwatch","Orichalcum","Bag of Preparation","Velvet Choker","Nunchaku","Self Forming Clay","PreservedInsect"],"acts_visited":["Exordium","TheCity"],"potions_floor_usage":[16,24,27,27],"damage_taken":[{"damage":6,"enemies":"Cultist","floor":1,"turns":3},{"damage":12,"enemies":"Jaw Worm","floor":2,"turns":2},{"damage":30,"enemies":"3 Sentries","floor":7,"turns":8},{"damage":0,"enemies":"2 Louse","floor":11,"turns":2},{"damage":16,"enemies":"Blue Slaver","floor":12,"turns":3},{"damage":0,"enemies":"Exordium Wildlife","floor":14,"turns":4},{"damage":37,"enemies":"The Guardian","floor":16,"turns":7},{"damage":5,"enemies":"Spheric Guardian","floor":18,"turns":3},{"damage":12,"enemies":"3 Byrds","floor":22,"turns":4},{"damage":48,"enemies":"Slavers","floor":24,"turns":5},{"damage":19,"enemies":"Snake Plant","floor":25,"turns":4},{"damage":17,"enemies":"Gremlin Leader","floor":27,"turns":2}],"seed_played":"3618464340761473983","potions_obtained":[{"floor":2,"key":"DuplicationPotion"},{"floor":11,"key":"BloodPotion"},{"floor":12,"key":"FearPotion"},{"floor":22,"key":"Block Potion"},{"floor":24,"key":"Swift Potion"}],"is_trial":false,"path_per_floor":["M","M","$","?","?","R","E","?","T","R","M","M","$","M","R","B",null,"M","?","$","?","M","R","E","M","T","E"],"character_chosen":"IRONCLAD","items_purchased":[],"campfire_rested":1,"item_purchase_floors":[],"current_hp_per_floor":[72,66,66,66,52,52,28,28,28,49,55,45,45,51,51,20,59,60,60,60,60,54,54,26,13,13,0,0],"gold":121,"neow_bonus":"ONE_RARE_RELIC","is_daily":false,"chose_seed":false,"campfire_upgraded":3,"win_rate":0.0,"timestamp":1612422071,"path_taken":["M","?","$","?","?","R","E","?","T","R","M","M","?","?","R","BOSS","M","?","$","?","?","R","E","?","T","E"],"items_purchased_type":[],"build_version":"2020-12-22","purchased_purges":3,"victory":false,"max_hp_per_floor":[72,72,72,72,72,72,72,72,72,72,72,72,72,72,72,72,72,72,72,72,72,72,72,72,72,72,72,72],"card_choices":[{"not_picked":["Shrug It Off","Anger"],"picked":"Rampage","floor":1},{"not_picked":["Anger","Feel No Pain","Twin Strike"],"picked":"SKIP","floor":2},{"not_picked":["Rage","Burning Pact"],"picked":"Demon Form","floor":7},{"not_picked":["Clothesline","Inflame","Pommel Strike"],"picked":"SKIP","floor":11},{"not_picked":["Iron Wave","Sentinel"],"picked":"Heavy Blade","floor":12},{"not_picked":["Seeing Red","Iron Wave","Shockwave"],"picked":"SKIP","floor":14},{"not_picked":["Limit Break","Feed"],"picked":"Fiend Fire","floor":16},{"not_picked":["Havoc","Feel No Pain","Heavy Blade"],"picked":"SKIP","floor":18},{"not_picked":["Twin Strike","Dropkick"],"picked":"Clothesline+1","floor":22},{"not_picked":["Exhume","Anger"],"picked":"Shrug It Off","floor":24},{"not_picked":["Headbutt+1","Dark Embrace","Thunderclap"],"picked":"SKIP","floor":25}],"player_experience":326304,"relics_obtained":[{"floor":7,"key":"Orichalcum"},{"floor":9,"key":"Bag of Preparation"},{"floor":21,"key":"Nunchaku"},{"floor":24,"key":"Self Forming Clay"},{"floor":26,"key":"PreservedInsect"}],"event_choices":[{"damage_healed":0,"gold_gain":0,"player_choice":"Ignored","damage_taken":0,"max_hp_gain":0,"max_hp_loss":0,"event_name":"Liars Game","floor":4,"gold_loss":0},{"damage_healed":0,"gold_gain":0,"player_choice":"Entered Light","damage_taken":14,"max_hp_gain":0,"max_hp_loss":0,"event_name":"Shining Light","floor":5,"gold_loss":0,"cards_upgraded":["Bash","Strike_R"]},{"damage_healed":0,"gold_gain":0,"player_choice":"Left Gold","damage_taken":0,"max_hp_gain":0,"max_hp_loss":0,"event_name":"World of Goop","floor":8,"gold_loss":43},{"cards_removed":["Strike_R"],"damage_healed":0,"gold_gain":0,"player_choice":"Elegance","damage_taken":0,"max_hp_gain":0,"max_hp_loss":0,"event_name":"Back to Basics","floor":19,"gold_loss":0},{"damage_healed":0,"gold_gain":0,"player_choice":"Relic","damage_taken":0,"max_hp_gain":0,"max_hp_loss":0,"event_name":"Wheel of Change","floor":21,"gold_loss":0}],"is_beta":false,"boss_relics":[{"not_picked":["SlaversCollar","Fusion Hammer"],"picked":"Velvet Choker"}],"items_purged_floors":[3,13,20],"is_endless":false,"potions_floor_spawned":[2,11,12,22,24],"killed_by":"Gremlin Leader","ascension_level":10}}