{"host":"yuhy0i501zzmn1iz","time":1612472696,"event":{"mods":["AchievementEnabler","AlwaysNeverKeys","BaseMod","Bestiary","Better Match","Better Third Choice","Curses Come First","Downfall","Minty Spire (QoL Compilation)","Reliquary","StSLib","The Blue Laboratory","slay the spire mod where everything is the same but ironclad has a cowboy hat"],"gold_per_floor":[109,119,20,195,195,226,226,240,295,320,53,53,53,65,65,168,168,182,202,219,219,119,119,447,464,464,464,464,464],"floor_reached":28,"language":"ENG","playtime":1083,"items_purged":["Strike_B","Shame"],"score":312,"play_id":"2573fa69-14fd-497e-99ae-b138c3ba1da0","local_time":"20210204160456","is_ascension_mode":true,"campfire_choices":[{"data":"Dualcast","floor":7.0,"key":"SMITH"},{"data":"Madness","floor":13.0,"key":"SMITH"},{"data":"Fusion","floor":15.0,"key":"SMITH"},{"data":"Capacitor","floor":23.0,"key":"SMITH"},{"floor":27,"key":"REST"}],"circlet_count":0,"master_deck":["Strike_B","Strike_B","Strike_B","Defend_B","Defend_B","Defend_B","Defend_B","Zap","Dualcast+1","Capacitor+1","Ball Lightning","Gash","Go for the Eyes","Doom and Gloom","Glacier","Consume","Madness+1","Fusion+1","All For One","Conserve Battery","Chill"],"relics":["Cracked Core","NeowsBlessing","Oddly Smooth Stone","reliquary:SilkGlove","reliquary:Boomerang","Busted Crown","Letter Opener","Old Coin","HornCleat"],"acts_visited":["Exordium","TheCity"],"potions_floor_usage":[],"damage_taken":[{"damage":0.0,"enemies":"Jaw Worm","floor":1.0,"turns":1.0},{"damage":0.0,"enemies":"2 Louse","floor":2.0,"turns":1.0},{"damage":0.0,"enemies":"3 Sentries","floor":6.0,"turns":1.0},{"damage":6.0,"enemies":"Small Slimes","floor":8.0,"turns":3.0},{"damage":22.0,"enemies":"Gremlin Nob","floor":10.0,"turns":4.0},{"damage":10.0,"enemies":"Gremlin Gang","floor":14.0,"turns":4.0},{"damage":5.0,"enemies":"The Guardian","floor":16.0,"turns":13.0},{"damage":16.0,"enemies":"Shell Parasite","floor":18.0,"turns":6.0},{"damage":26.0,"enemies":"3 Byrds","floor":19.0,"turns":5.0},{"damage":6.0,"enemies":"3 Cultists","floor":20.0,"turns":3.0},{"damage":23.0,"enemies":"Book of Stabbing","floor":24.0,"turns":4.0},{"damage":0,"enemies":"Snake Plant","floor":25,"turns":6},{"damage":47,"enemies":"Gremlin Leader","floor":28,"turns":7}],"seed_played":"-2239650644533194162","potions_obtained":[{"floor":1.0,"key":"Fruit Juice"},{"floor":8.0,"key":"blueLaboratory:SystemWipe"},{"floor":14.0,"key":"blueLaboratory:EnragingPotion"},{"floor":16.0,"key":"bronze:BurnAndBuffPotion"},{"floor":19.0,"key":"AttackPotion"},{"floor":25,"key":"blueLaboratory:FruitPreserves"}],"is_trial":false,"path_per_floor":["M","M","$","?","?","E","R","M","T","E","$","?","R","M","R","B",null,"M","M","M","?","$","R","E","M","T","R","E"],"character_chosen":"DEFECT","items_purchased":["Gash","Go for the Eyes","Fruit Juice","Madness"],"campfire_rested":1,"item_purchase_floors":[3,3,11,11],"current_hp_per_floor":[75,75,75,75,75,75,80,74,74,52,52,78,78,73,73,68,85,69,43,37,37,37,37,14,14,14,39,0,0],"gold":464,"neow_bonus":"THREE_ENEMY_KILL","is_daily":false,"chose_seed":false,"campfire_upgraded":4,"win_rate":0.0,"timestamp":1612472696,"path_taken":["M","M","$","?","?","E","R","M","T","E","?","?","R","M","R","BOSS","M","M","M","?","$","R","E","M","T","R","E"],"items_purchased_type":["Card","Card","Potion","Card"],"build_version":"2020-12-22","purchased_purges":2,"victory":false,"max_hp_per_floor":[75,75,75,75,75,75,80,80,80,80,80,80,80,85,85,85,85,85,85,85,85,85,85,85,85,85,85,85,85],"card_choices":[{"not_picked":["Heatsinks","Leap"],"picked":"Capacitor","floor":1.0},{"not_picked":["Static Discharge","Chaos"],"picked":"Ball Lightning","floor":2.0},{"not_picked":["Hello World","Redo"],"picked":"Doom and Gloom","floor":6.0},{"not_picked":["Stack","Barrage"],"picked":"Glacier","floor":8.0},{"not_picked":["Sweeping Beam","Glacier"],"picked":"Consume","floor":10.0},{"not_picked":["Compile Driver","Aggregate"],"picked":"Fusion","floor":14.0},{"not_picked":["Hyperbeam","Meteor Strike"],"picked":"All For One","floor":16.0},{"not_picked":["Coolheaded"],"picked":"SKIP","floor":18.0},{"not_picked":[],"picked":"Conserve Battery","floor":19.0},{"not_picked":["Static Discharge"],"picked":"SKIP","floor":20.0},{"not_picked":[],"picked":"Chill","floor":24.0},{"not_picked":["Chaos+1"],"picked":"SKIP","floor":25}],"player_experience":346335,"relics_obtained":[{"floor":6.0,"key":"Oddly Smooth Stone"},{"floor":9.0,"key":"reliquary:SilkGlove"},{"floor":10.0,"key":"reliquary:Boomerang"},{"floor":24.0,"key":"Old Coin"},{"floor":26,"key":"HornCleat"}],"event_choices":[{"damage_healed":0.0,"max_hp_gain":0.0,"max_hp_loss":0.0,"gold_gain":175.0,"event_name":"betterThird:BetterSerpent","player_choice":"AGREE","floor":4.0,"gold_loss":0.0,"damage_taken":20.0},{"cards_removed":["Doubt"],"damage_healed":0.0,"max_hp_gain":0.0,"max_hp_loss":0.0,"gold_gain":0.0,"event_name":"Living Wall","player_choice":"Forget","floor":5.0,"gold_loss":0.0,"damage_taken":0.0},{"damage_healed":26.0,"max_hp_gain":0.0,"max_hp_loss":0.0,"gold_gain":0.0,"event_name":"Big Fish","player_choice":"Banana","floor":12.0,"gold_loss":0.0,"damage_taken":0.0},{"damage_healed":0.0,"max_hp_gain":0.0,"max_hp_loss":0.0,"gold_gain":0.0,"event_name":"Addict","player_choice":"Stole Relic","floor":21.0,"gold_loss":0.0,"damage_taken":0.0,"relics_obtained":["Letter Opener"],"cards_obtained":["Shame"]}],"is_beta":false,"boss_relics":[{"not_picked":["Black Star","Snecko Eye"],"picked":"Busted Crown"}],"items_purged_floors":[11,22],"is_endless":false,"potions_floor_spawned":[1,8,14,16,19,25],"killed_by":"Gremlin Leader","ascension_level":3}}