{"host":"l8w5ha8d6y408mwb","time":1612408845,"event":{"mods":["AchievementEnabler","BaseMod","ChefMod","Conspire","Infinite Spire","Minty Spire (QoL Compilation)","Replay The Spire","StSLib","The Gatherer","The Mystic","The Poker Player"],"gold_per_floor":[114,114,3,78,89,122,122,140,140,140,175,8,108,124,124,221,221,232,242,242,259,279,279,291,318,318,318,318,330,345,345,345,449,449,466,277,277,293,313,313,313],"floor_reached":40,"language":"ZHS","playtime":3140,"items_purged":["Strike_B","Strike_B","ReplayTheSpireMod:GoodbyeWorld+1"],"score":443,"play_id":"0879c3de-dc76-4f31-bd3b-47529300026c","local_time":"20210204112045","is_ascension_mode":false,"campfire_choices":[{"floor":7,"key":"RECALL"},{"data":"BasicCrystalCard","floor":10,"key":"SMITH"},{"data":"ReplayTheSpireMod:Calculation Training","floor":15,"key":"SMITH"},{"data":"Hologram","floor":15,"key":"SMITH"},{"data":"Mirror Shield","floor":23,"key":"SMITH"},{"data":"Self Repair","floor":23,"key":"SMITH"},{"data":"Conserve Battery","floor":27,"key":"SMITH"},{"data":"Glacier","floor":27,"key":"SMITH"}],"circlet_count":0,"master_deck":["Strike_B","Defend_B","Defend_B","Defend_B","Defend_B","Zap","Dualcast","conspire:Rain+1","Ball Lightning+1","Cold Snap","Conserve Battery+1","BasicCrystalCard+1","Hologram+1","Self Repair+1","ReplayTheSpireMod:Calculation Training+1","Mirror Shield+1","Beam Cell+1","Glacier+1","Barrage+1","Hologram","Streamline+1","Ball Lightning+1","Core Surge+1","Ball Lightning+1","Barrage+1","Barrage+1","Purity","Decay"],"relics":["Cracked Core","NeowsBlessing","infinitespire:CheckeredPen","Replay:Arrowhead","Membership Card","Velvet Choker","Molten Egg 2","Ancient Tea Set","Replay:WaspNest","MutagenicStrength","conspire:RunicOctahedron","Pet Ghost","Prayer Wheel"],"acts_visited":["Exordium","TheCity","TheBeyond"],"potions_floor_usage":[22,24,35,40,40],"damage_taken":[{"damage":0,"enemies":"Small Slimes","floor":1,"turns":1},{"damage":0,"enemies":"Jaw Worm","floor":5,"turns":1},{"damage":0,"enemies":"Lagavulin","floor":6,"turns":1},{"damage":0,"enemies":"Cultist","floor":8,"turns":2},{"damage":23,"enemies":"3 Sentries","floor":11,"turns":7},{"damage":0,"enemies":"Blue Slaver","floor":14,"turns":4},{"damage":33,"enemies":"Slime Boss","floor":16,"turns":12},{"damage":17,"enemies":"conspire:FuzzyDice","floor":18,"turns":7},{"damage":3,"enemies":"Shell Parasite","floor":19,"turns":3},{"damage":9,"enemies":"Centurion and Healer","floor":21,"turns":7},{"damage":14,"enemies":"Shelled Parasite and Fungi","floor":22,"turns":4},{"damage":19,"enemies":"3 Cultists","floor":24,"turns":5},{"damage":4,"enemies":"Nightmare","floor":25,"turns":9},{"damage":0,"enemies":"Chosen and Byrds","floor":29,"turns":5},{"damage":0,"enemies":"Centurion and Healer","floor":30,"turns":9},{"damage":11,"enemies":"Automaton","floor":33,"turns":10},{"damage":17,"enemies":"3 Darklings","floor":35,"turns":4},{"damage":4,"enemies":"3 Shapes","floor":38,"turns":4},{"damage":30,"enemies":"3 Darklings","floor":39,"turns":5},{"damage":65,"enemies":"Nightmare","floor":40,"turns":4}],"seed_played":"2158667318916527467","potions_obtained":[{"floor":8,"key":"FearPotion"},{"floor":11,"key":"SpeedPotion"},{"floor":18,"key":"Death Potion"},{"floor":19,"key":"FearPotion"},{"floor":21,"key":"infinitespire:BlackPotion"},{"floor":22,"key":"Adrenaline Potion"},{"floor":39,"key":"LifebloodPotion"}],"is_trial":false,"path_per_floor":["M","?","$","?","M","E","R","M","T","R","E","$","?","M","R","B",null,"M","M","AVR","M","M","R","M","NM","T","R","?","M","M","?","R","B",null,"M","$","?","M","M","NM"],"character_chosen":"DEFECT","items_purchased":["Ball Lightning+1","Membership Card","Self Repair","Barrage+1","Pet Ghost","Purity"],"campfire_rested":0,"item_purchase_floors":[3,12,12,36,36,36],"current_hp_per_floor":[75,75,75,64,64,64,64,64,64,64,41,41,41,48,48,22,75,65,69,69,67,60,60,51,57,57,57,43,53,63,63,63,62,80,73,73,73,79,59,0,0],"gold":313,"neow_bonus":"THREE_ENEMY_KILL","is_daily":false,"chose_seed":false,"campfire_upgraded":7,"win_rate":0.0,"timestamp":1612408845,"path_taken":["M","?","$","?","M","E","R","M","T","R","E","$","?","M","R","BOSS","M","?","AVR","M","M","R","M","NM","T","R","?","M","M","?","R","BOSS","M","$","?","M","M","NM"],"items_purchased_type":["Card","Relic","Card","Card","Relic","Card"],"build_version":"2020-12-22","purchased_purges":3,"victory":false,"max_hp_per_floor":[75,75,75,75,75,75,75,75,75,75,75,75,75,75,75,75,75,75,75,75,75,75,75,75,75,75,75,80,80,80,80,80,80,80,80,80,80,80,80,80,80],"card_choices":[{"not_picked":["Redo","Beam Cell"],"picked":"conspire:Rain","floor":1},{"not_picked":["ReplayTheSpireMod:System Scan","Tempest"],"picked":"Cold Snap","floor":5},{"not_picked":["Ball Lightning","Gash"],"picked":"Conserve Battery","floor":6},{"not_picked":["ReplayGash","Force Field"],"picked":"BasicCrystalCard","floor":8},{"not_picked":["Darkness","Melter"],"picked":"Hologram","floor":11},{"not_picked":["Rebound","ReplayTheSpireMod:System Scan"],"picked":"ReplayTheSpireMod:Calculation Training","floor":14},{"not_picked":["Hyperbeam","Echo Form"],"picked":"Mirror Shield","floor":16},{"not_picked":["Gash","Hello World+1"],"picked":"Beam Cell+1","floor":18},{"not_picked":["ReplayTheSpireMod:Repulse","Force Field+1","Go for the Eyes"],"picked":"SKIP","floor":19},{"not_picked":["ReplayTheSpireMod:System Scan","Reprogram","Gash+1"],"picked":"SKIP","floor":21},{"not_picked":["Beam Cell+1","ReplaySort+1"],"picked":"ReplayTheSpireMod:GoodbyeWorld+1","floor":22},{"not_picked":["Auto Shields","Beam Cell+1"],"picked":"Glacier","floor":24},{"not_picked":["Aggregate","Doom and Gloom+1"],"picked":"Barrage+1","floor":25},{"not_picked":["Fusion+1","Panic Button"],"picked":"Hologram","floor":29},{"not_picked":["Rebound+1","Ball Lightning+1"],"picked":"Streamline+1","floor":30},{"not_picked":["Thunder Strike+1","Amplify"],"picked":"Core Surge+1","floor":33},{"not_picked":["Coolheaded","ReplayTheSpireMod:Dual Polarity"],"picked":"Ball Lightning+1","floor":35},{"not_picked":["ReplayTheSpireMod:System Scan","Stack+1"],"picked":"ReplayTheSpireMod:Fabricate Wheel","floor":38},{"not_picked":["Gash+1","Panic Button","Redo"],"picked":"SKIP","floor":39},{"not_picked":["Steam+1","Fusion+1","Sunder+1"],"picked":"SKIP","floor":39}],"player_experience":124165,"relics_obtained":[{"floor":6,"key":"infinitespire:CheckeredPen"},{"floor":11,"key":"Replay:Arrowhead"},{"floor":25,"key":"Ancient Tea Set"},{"floor":26,"key":"Replay:WaspNest"}],"event_choices":[{"damage_healed":0,"gold_gain":0,"player_choice":"Grow","damage_taken":0,"max_hp_gain":0,"max_hp_loss":0,"event_name":"Living Wall","floor":2,"gold_loss":0,"cards_upgraded":["conspire:Rain"]},{"damage_healed":0,"gold_gain":75,"player_choice":"Gather Gold","damage_taken":11,"max_hp_gain":0,"max_hp_loss":0,"event_name":"World of Goop","floor":4,"gold_loss":0},{"damage_healed":0,"gold_gain":100,"player_choice":"Gold","damage_taken":0,"max_hp_gain":0,"max_hp_loss":0,"event_name":"Wheel of Change","floor":13,"gold_loss":0},{"damage_healed":0,"gold_gain":0,"player_choice":"Shed Blood","damage_taken":19,"max_hp_gain":5,"max_hp_loss":0,"event_name":"Forgotten Altar","floor":28,"gold_loss":0},{"damage_healed":0,"gold_gain":0,"player_choice":"Inject Mutagens","damage_taken":0,"relics_obtained":["MutagenicStrength"],"max_hp_gain":0,"max_hp_loss":0,"event_name":"Drug Dealer","floor":31,"gold_loss":0},{"damage_healed":0,"gold_gain":0,"player_choice":"Cursed","damage_taken":0,"max_hp_gain":0,"max_hp_loss":0,"event_name":"Wheel of Change","floor":37,"gold_loss":0,"cards_obtained":["Decay"]}],"is_beta":false,"boss_relics":[{"not_picked":["Black Star","ReplayTheSpireMod:SealedPack"],"picked":"Velvet Choker"},{"not_picked":["Tiny House","Nuclear Battery"],"picked":"conspire:RunicOctahedron"}],"items_purged_floors":[3,20,36],"is_endless":true,"potions_floor_spawned":[8,11,18,19,21,22,39],"killed_by":"Nightmare","ascension_level":0}}