{"host":"rlwsj8oje50c4na7","time":1612468638,"event":{"mods":["2.2 Compatiblity","Act Like it!","Arknights","Aspiration","BaseMod","Beaked The Cultist","Bestiary","Better Altar","Better Match","Better Note","Better Sensory Stone","Better Skull","Better Third Choice","Better Vampires","BetterRewards","Bossed Relics","Colored Map","Colored Powertips","Conspire","Defuse TimeMaze Blight","Energized Spire","Friendly Minions","Gensokyo","GifTheSpireLib","GungeonMod","Halation","Hallownest","Hermit","Highlight Path","Hubris","Infinite Spire","Ironclad Rager","Jedi Mod","JesterMod","Jorbs\u0027s Wanderer Trilogy","Mad Scientist","Minty Spire (QoL Compilation)","Pale of the Ancients","Quick Restart","Random Character Button","Relic Filter","Relic Stats","Reliquary","Reorder Act Four","Replay The Spire","Retaliation","Shade Mod","Shop Mod","Spicy Shops","StSLib","Stuff the Spire","The Administrix","The Blackbeard","The Bladedancer","The Blue Laboratory","The Bug Knight","The Clintock","The Construct","The Cursed","The Disciple","The Exalted","The Forsaken","The Hierophant","The IronCluck","The Judge","The Kombatant","The Marked","The Mystic","The Necromancer","The Runesmith","The Servant 0.9.4","TheSwordswoman","Waifu the Spire","everything is the same but u backflip on backflip","slay the spire mod where everything is the same but ironclad has a cowboy hat"],"gold_per_floor":[110,35,51,51,64,64,96,96,143,43,43,53,64,75,75,173,173,186,186,63,63,79,111,111,111,111,111,141,141,166,194,194,306,306,323,323,345,345,395,395,395,409,435,454,454,149,149,182,182,182,182,31,31,70,70],"floor_reached":56,"language":"ENG","playtime":14375,"items_purged":["Regret","theForsaken:TheForsaken_Strike","theForsaken:TheForsaken_Strike","theForsaken:TheForsaken_Strike"],"score":1281,"play_id":"9eeb2d25-c785-45cb-8509-e80931a90cf7","local_time":"20210204215718","is_ascension_mode":false,"campfire_choices":[{"data":"theForsaken:Tranquility","floor":6.0,"key":"SMITH"},{"floor":8.0,"key":"RECALL"},{"data":"theForsaken:FuryStrikes","floor":15.0,"key":"SMITH"},{"data":"theForsaken:WrathOfGod","floor":24.0,"key":"SMITH"},{"data":"theForsaken:CorruptedForm","floor":27.0,"key":"SMITH"},{"data":"theForsaken:WrathOfGod+1","floor":32.0,"key":"SMITH"},{"data":"theForsaken:Penitence","floor":40.0,"key":"SMITH"},{"data":"beaked:TuckingFeathers","floor":45.0,"key":"SMITH"},{"data":"theForsaken:Bolster","floor":47.0,"key":"SMITH"},{"data":"theForsaken:WrathOfGod+2","floor":49.0,"key":"SMITH"},{"data":"theForsaken:HymnOfPatience","floor":53.0,"key":"SMITH"}],"circlet_count":0,"master_deck":["theForsaken:TheForsaken_Strike","theForsaken:TheForsaken_Defend","theForsaken:TheForsaken_Defend","theForsaken:TheForsaken_Defend","theForsaken:Smite","theForsaken:Penitence+1","theForsaken:Tranquility+1","theForsaken:QuickAttack+1","theForsaken:Bolster+1","theForsaken:Eulogy","theForsaken:CorruptedForm+1","theForsaken:ShieldCharge","Ghostly","theForsaken:FuryStrikes+1","theForsaken:DarkRift","theForsaken:Prudence+1","theForsaken:HymnOfPatience+1","theForsaken:FuryStrikes+1","theForsaken:WordsOfMight+1","theForsaken:SpreadingPlague","beaked:VigorBurst+1","beaked:TuckingFeathers+1","theForsaken:Bolster+1","Replay:Bootleg Shield Generator","theForsaken:MagicWeapon+1","theForsaken:WrathOfGod+3"],"relics":["theForsaken:JudgementScales","StuffTheSpire:RedRose","Anchor","aspiration:BeakedSkillbook","CeramicFish","conspire:SlowCooker","DemoMod:PinkGuonStone","Pen Nib","ReplayTheSpireMod:TigerMarble","construct:ClawGrip","Busted Crown","halation:BlackBeret","halation:LettersToHer","DemoMod:WhiteGuonStone","StuffTheSpire:ForceGauntlet","hubris:EmptyBottle","StuffTheSpire:Mouthbags"],"acts_visited":["Exordium","TheCity","TheBeyond","TheEnding"],"potions_floor_usage":[55,55,55,55],"damage_taken":[{"damage":8.0,"enemies":"Jaw Worm","floor":1.0,"turns":5.0},{"damage":0.0,"enemies":"Cultist","floor":3.0,"turns":5.0},{"damage":2.0,"enemies":"Small Slimes","floor":5.0,"turns":4.0},{"damage":35.0,"enemies":"3 Sentries","floor":7.0,"turns":10.0},{"damage":2.0,"enemies":"2 Fungi Beasts","floor":12.0,"turns":3.0},{"damage":3.0,"enemies":"Looter","floor":13.0,"turns":4.0},{"damage":2.0,"enemies":"Gremlin Gang","floor":14.0,"turns":4.0},{"damage":75.0,"enemies":"Slime Boss","floor":16.0,"turns":13.0},{"damage":2.0,"enemies":"Shell Parasite","floor":18.0,"turns":6.0},{"damage":2.0,"enemies":"Chosen","floor":22.0,"turns":6.0},{"damage":1.0,"enemies":"Nightmare","floor":23.0,"turns":12.0},{"damage":18.0,"enemies":"Book of Stabbing","floor":28.0,"turns":6.0},{"damage":30.0,"enemies":"Slavers","floor":30.0,"turns":8.0},{"damage":8.0,"enemies":"Snake Plant","floor":31.0,"turns":4.0},{"damage":4.0,"enemies":"Champ","floor":33.0,"turns":8.0},{"damage":0.0,"enemies":"Orb Walker","floor":35.0,"turns":4.0},{"damage":5.0,"enemies":"3 Darklings","floor":37.0,"turns":5.0},{"damage":0.0,"enemies":"Mind Bloom Boss Battle","floor":39.0,"turns":8.0},{"damage":0.0,"enemies":"Transient","floor":42.0,"turns":5.0},{"damage":0.0,"enemies":"Sphere and 2 Shapes","floor":44.0,"turns":6.0},{"damage":0.0,"enemies":"beaked:SuperParasite","floor":48.0,"turns":8.0},{"damage":0.0,"enemies":"hubris:GrandSnecko","floor":50.0,"turns":12.0},{"damage":9.0,"enemies":"Shield and Spear","floor":54.0,"turns":7.0},{"damage":64,"enemies":"The Heart","floor":55,"turns":9}],"seed_played":"-3207618458663080230","potions_obtained":[{"floor":3.0,"key":"ColorlessPotion"},{"floor":12.0,"key":"jedi:StrikingPotion"},{"floor":14.0,"key":"SpeedPotion"},{"floor":16.0,"key":"blueLaboratory:TrueEctoplasm"},{"floor":28.0,"key":"Energy Potion"},{"floor":30.0,"key":"PowerPotion"},{"floor":31.0,"key":"PowerPotion"},{"floor":37.0,"key":"jedi:StrikingPotion"},{"floor":39.0,"key":"Weak Potion"},{"floor":54.0,"key":"blueLaboratory:HorrorPotion"}],"is_trial":false,"path_per_floor":["M","?","M","?","M","R","E","R","T","?","$","M","M","M","R","B",null,"M","?","$","?","M","NM","R","AVR","T","R","E","?","E","M","R","B",null,"M","?","M","AVR","?","R","?","M","T","M","R","$","R","E","R","B",null,"$","R","E","B",null],"character_chosen":"THE_FORSAKEN","items_purchased":["theForsaken:HymnOfPatience","theForsaken:Bolster","Replay:Bootleg Shield Generator","hubris:EmptyBottle"],"campfire_rested":0,"item_purchase_floors":[20,46,46,52],"current_hp_per_floor":[66,66,68,68,66,66,37,37,37,37,37,38,35,35,35,10,71,71,71,71,71,71,71,71,71,78,78,78,78,78,73,73,78,78,78,78,81,81,83,83,83,83,83,83,83,83,83,83,83,83,83,83,83,80,22],"gold":70,"neow_bonus":"TEN_PERCENT_HP_BONUS","is_daily":false,"chose_seed":false,"campfire_upgraded":10,"win_rate":0.0,"timestamp":1612468638,"path_taken":["M","?","M","?","M","R","E","R","T","?","?","M","M","M","R","BOSS","M","?","$","?","M","NM","R","AVR","T","R","E","?","E","M","R","BOSS","M","?","?","AVR","?","R","?","M","T","?","R","?","R","E","R","BOSS","$","R","E","BOSS"],"items_purchased_type":["Card","Card","Card","Relic"],"build_version":"2020-12-22","purchased_purges":4,"victory":true,"max_hp_per_floor":[71,71,71,71,71,71,71,71,71,71,71,71,71,71,71,71,71,71,71,71,71,71,71,71,71,78,78,78,78,78,78,78,78,78,78,78,83,83,83,83,83,83,83,83,83,83,83,83,83,83,83,83,83,83,83],"relic_stats":{"Busted Crown":22,"counters":[24,162],"CeramicFish":63,"Pen Nib":[14],"obtain_stats":[{"halation:BlackBeret":39,"construct:ClawGrip":34,"CeramicFish":23,"StuffTheSpire:ForceGauntlet":48,"DemoMod:GlassGuonStoneRelic":12,"conspire:SlowCooker":25,"DemoMod:PinkGuonStone":26,"Pen Nib":28,"DemoMod:WhiteGuonStone":43,"hubris:EmptyBottle":52,"Anchor":7,"Busted Crown":38,"StuffTheSpire:Mouthbags":54,"ReplayTheSpireMod:TigerMarble":30,"StuffTheSpire:RedRose":4,"theForsaken:JudgementScales":0,"aspiration:BeakedSkillbook":17,"halation:LettersToHer":41},{"halation:BlackBeret":18,"construct:ClawGrip":15,"CeramicFish":11,"StuffTheSpire:ForceGauntlet":21,"DemoMod:GlassGuonStoneRelic":5,"conspire:SlowCooker":11,"DemoMod:PinkGuonStone":11,"Pen Nib":12,"DemoMod:WhiteGuonStone":19,"hubris:EmptyBottle":22,"Anchor":4,"Busted Crown":17,"StuffTheSpire:Mouthbags":23,"ReplayTheSpireMod:TigerMarble":13,"StuffTheSpire:RedRose":2,"theForsaken:JudgementScales":0,"aspiration:BeakedSkillbook":8,"halation:LettersToHer":18},{"halation:BlackBeret":115,"construct:ClawGrip":98,"CeramicFish":72,"StuffTheSpire:ForceGauntlet":134,"DemoMod:GlassGuonStoneRelic":27,"conspire:SlowCooker":72,"DemoMod:PinkGuonStone":72,"Pen Nib":78,"DemoMod:WhiteGuonStone":120,"hubris:EmptyBottle":146,"Anchor":24,"Busted Crown":107,"StuffTheSpire:Mouthbags":153,"ReplayTheSpireMod:TigerMarble":86,"StuffTheSpire:RedRose":10,"theForsaken:JudgementScales":0,"aspiration:BeakedSkillbook":48,"halation:LettersToHer":115}]},"card_choices":[{"not_picked":["theForsaken:SpinAttack","theForsaken:PowerUp"],"picked":"theForsaken:Tranquility","floor":1.0},{"not_picked":["theForsaken:StoreUp+1","theForsaken:PowerUp+1"],"picked":"theForsaken:QuickAttack+1","floor":2.0},{"not_picked":["theForsaken:DarkBargain+1","theForsaken:BlightOfFamine+1"],"picked":"theForsaken:Bolster+1","floor":2.0},{"not_picked":["theForsaken:CreepingInfection","theForsaken:Backlash"],"picked":"theForsaken:Eulogy","floor":3.0},{"not_picked":["theForsaken:HorrifyingStrike","theForsaken:InspiringBlow"],"picked":"theForsaken:CorruptedForm","floor":5.0},{"not_picked":["theForsaken:ScorchingSunlight","theForsaken:WordOfPower"],"picked":"theForsaken:ShieldCharge","floor":7.0},{"not_picked":["theForsaken:PanicDive","theForsaken:BlightOfFamine"],"picked":"theForsaken:FuryStrikes","floor":12.0},{"not_picked":["theForsaken:NobleSacrifice","theForsaken:ShieldBash","theForsaken:StoreUp"],"picked":"SKIP","floor":13.0},{"not_picked":["theForsaken:ShieldCharge","theForsaken:ScorchingSunlight"],"picked":"theForsaken:DarkRift","floor":14.0},{"not_picked":["theForsaken:FountainOfLife","theForsaken:DivineGuidance"],"picked":"theForsaken:Prudence","floor":16.0},{"not_picked":["theForsaken:StoreUp+1","theForsaken:Enfeeble","theForsaken:HorrifyingStrike+1"],"picked":"theForsaken:WrathOfGod","floor":18.0},{"not_picked":["beaked:SurvivalInstinct","theForsaken:DefensiveStance","theForsaken:BindingThorns"],"picked":"theForsaken:FuryStrikes+1","floor":22.0},{"not_picked":["ReplayTheSpireMod:Prepare the Ceremony","theForsaken:BlindFaith+1","beaked:FeelMyPain+1","theForsaken:Thunderbolt+1"],"picked":"SKIP","floor":23.0},{"not_picked":["beaked:BounceBack","ReplayTheSpireMod:Prepare the Ceremony","beaked:FullHouse","theForsaken:RainingSunlight"],"picked":"SKIP","floor":28.0},{"not_picked":["beaked:Resilience","beaked:SacrificialDive","theForsaken:InspiringBlow+1","beaked:DesperateSwing+1"],"picked":"SKIP","floor":30.0},{"not_picked":["beaked:Molting+1","beaked:TuckingFeathers+1","theForsaken:HealingLight+1"],"picked":"theForsaken:WordsOfMight+1","floor":31.0},{"not_picked":["beaked:MachineEssence","beaked:ShadowFade","theForsaken:Temperance"],"picked":"theForsaken:SpreadingPlague","floor":33.0},{"not_picked":["beaked:Redirect+1","beaked:VigorBurst","theForsaken:PowerUp","beaked:Insight+1"],"picked":"SKIP","floor":35.0},{"not_picked":["beaked:Devastation","theForsaken:ScorchingSunlight","beaked:MimicHuntress"],"picked":"beaked:VigorBurst+1","floor":37.0},{"not_picked":["theForsaken:NobleSacrifice","beaked:Redirect"],"picked":"SKIP","floor":42.0},{"not_picked":["beaked:CheekyTricks"],"picked":"beaked:TuckingFeathers","floor":44.0},{"not_picked":["theForsaken:StoreUp","beaked:TuckingFeathers"],"picked":"SKIP","floor":48.0},{"not_picked":["theForsaken:ChargeAttack+1"],"picked":"theForsaken:MagicWeapon+1","floor":54.0}],"player_experience":985629,"relics_obtained":[{"floor":7.0,"key":"Anchor"},{"floor":23.0,"key":"CeramicFish"},{"floor":26.0,"key":"DemoMod:PinkGuonStone"},{"floor":28.0,"key":"Pen Nib"},{"floor":30.0,"key":"ReplayTheSpireMod:TigerMarble"},{"floor":39.0,"key":"halation:BlackBeret"},{"floor":41.0,"key":"halation:LettersToHer"},{"floor":43.0,"key":"halation:LettersToHer"},{"floor":43.0,"key":"DemoMod:WhiteGuonStone"},{"floor":48.0,"key":"StuffTheSpire:ForceGauntlet"},{"floor":54.0,"key":"StuffTheSpire:Mouthbags"}],"event_choices":[{"damage_healed":0.0,"max_hp_gain":0.0,"max_hp_loss":0.0,"gold_gain":0.0,"event_name":"betterMatch:BetterMatch","player_choice":"2","floor":2.0,"gold_loss":0.0,"damage_taken":0.0,"cards_obtained":["betterMatch:CommonCard","betterMatch:UncommonCard"]},{"damage_healed":0.0,"max_hp_gain":0.0,"max_hp_loss":0.0,"gold_gain":0.0,"event_name":"conspire:LoneGhost","player_choice":"Argue","floor":10.0,"gold_loss":0.0,"damage_taken":0.0},{"cards_removed":["theForsaken:Bolster"],"damage_healed":0.0,"max_hp_gain":0.0,"max_hp_loss":0.0,"gold_gain":0.0,"event_name":"betterNote:BetterNote","player_choice":"Give","floor":19.0,"gold_loss":0.0,"damage_taken":0.0,"cards_obtained":["MadScienceMod:AutoStrike"]},{"cards_removed":["theForsaken:TheForsaken_Defend"],"damage_healed":0.0,"max_hp_gain":0.0,"max_hp_loss":0.0,"gold_gain":0.0,"event_name":"Wheel of Change","player_choice":"Card Removal","floor":29.0,"gold_loss":0.0,"damage_taken":0.0},{"damage_healed":0.0,"max_hp_gain":0.0,"max_hp_loss":0.0,"gold_gain":0.0,"event_name":"Upgrade Shrine","player_choice":"Upgraded","floor":36.0,"gold_loss":0.0,"damage_taken":0.0,"cards_upgraded":["theForsaken:Prudence"]},{"damage_healed":0.0,"max_hp_gain":0.0,"max_hp_loss":0.0,"gold_gain":0.0,"event_name":"MindBloom","player_choice":"Fight","floor":39.0,"gold_loss":0.0,"damage_taken":0.0},{"damage_healed":0.0,"max_hp_gain":0.0,"max_hp_loss":0.0,"gold_gain":0.0,"event_name":"Wheel of Change","player_choice":"Relic","floor":41.0,"gold_loss":0.0,"damage_taken":0.0}],"is_beta":false,"boss_relics":[{"not_picked":["StuffTheSpire:Kangaroo","conspire:RunicOctahedron"],"picked":"aspiration:BeakedSkillbook"},{"not_picked":["Pandora\u0027s Box","aspiration:FutureDiary"],"picked":"construct:ClawGrip"}],"items_purged_floors":[20,25,38,46],"is_endless":false,"potions_floor_spawned":[3,12,14,16,28,30,31,37,39,42,54],"ascension_level":0}}