{"host":"zxbynhk7iwlwr508","time":1612409371,"event":{"mods":["AchievementEnabler","BaseMod","Colored Map","Colored Powertips","Highlight Path","Minty Spire (QoL Compilation)"],"gold_per_floor":[113,34,34,34,53,53,78,78,104,118,139,152,152,172,172,291,291,304,304,327,426,64,64,99,24,24,24,43,57,70,70,70],"floor_reached":31,"language":"ENG","playtime":2825,"items_purged":[],"score":249,"play_id":"7015840d-6f57-4a14-ba08-2ed75dc708b7","local_time":"20210203222931","is_ascension_mode":false,"campfire_choices":[{"data":"Catalyst","floor":6.0,"key":"SMITH"},{"data":"Poisoned Stab","floor":8.0,"key":"SMITH"},{"data":"Deadly Poison","floor":15.0,"key":"SMITH"},{"floor":23.0,"key":"REST"},{"floor":27.0,"key":"REST"}],"circlet_count":0,"master_deck":["Strike_G","Strike_G+1","Strike_G","Strike_G","Defend_G","Defend_G","Defend_G","Defend_G","Defend_G","Survivor","Neutralize","Poisoned Stab+1","Catalyst+1","Injury","Deadly Poison+1","Flying Knee+1","Deflect","Poisoned Stab+1","After Image","Choke+1","Grand Finale+1","Prepared","Underhanded Strike+1","Deadly Poison","Finisher+1","Bane+1","Backflip","Endless Agony+1","Slice+1","Poisoned Stab+1","Distraction+1"],"relics":["Ring of the Snake","NeowsBlessing","Molten Egg 2","Golden Idol","Ancient Tea Set","Sozu","Whetstone","Centennial Puzzle","Toxic Egg 2"],"acts_visited":["Exordium","TheCity"],"potions_floor_usage":[],"damage_taken":[{"damage":0.0,"enemies":"Cultist","floor":1.0,"turns":1.0},{"damage":0.0,"enemies":"Jaw Worm","floor":5.0,"turns":1.0},{"damage":0.0,"enemies":"Small Slimes","floor":7.0,"turns":1.0},{"damage":15.0,"enemies":"Exordium Thugs","floor":10.0,"turns":5.0},{"damage":5.0,"enemies":"Looter","floor":11.0,"turns":3.0},{"damage":18.0,"enemies":"Large Slime","floor":12.0,"turns":6.0},{"damage":9.0,"enemies":"2 Fungi Beasts","floor":14.0,"turns":3.0},{"damage":46.0,"enemies":"Slime Boss","floor":16.0,"turns":15.0},{"damage":14.0,"enemies":"Spheric Guardian","floor":18.0,"turns":5.0},{"damage":33.0,"enemies":"3 Byrds","floor":20.0,"turns":6.0},{"damage":23.0,"enemies":"Book of Stabbing","floor":24.0,"turns":5.0},{"damage":21.0,"enemies":"Snake Plant","floor":28.0,"turns":3.0},{"damage":8,"enemies":"3 Cultists","floor":29,"turns":4},{"damage":2,"enemies":"Cultist and Chosen","floor":30,"turns":5},{"damage":11,"enemies":"Snake Plant","floor":31,"turns":2}],"seed_played":"-5171547761727578741","potions_obtained":[{"floor":1.0,"key":"Weak Potion"},{"floor":13.0,"key":"FairyPotion"},{"floor":13.0,"key":"EntropicBrew"},{"floor":14.0,"key":"AttackPotion"},{"floor":16.0,"key":"SmokeBomb"}],"is_trial":false,"path_per_floor":["M","$","T","?","M","R","M","R","T","M","M","M","?","M","R","B",null,"M","?","M","?","$","R","E","?","T","R","M","M","M","M"],"character_chosen":"THE_SILENT","items_purchased":["Catalyst","Deadly Poison","Finisher+1","Bane+1","Whetstone","Backflip"],"campfire_rested":2,"item_purchase_floors":[2,22,22,22,22,22],"current_hp_per_floor":[70,70,70,70,70,70,70,70,70,55,50,32,32,23,23,1,70,56,56,23,23,23,44,21,21,21,42,21,13,11,0,0],"gold":70,"neow_bonus":"THREE_ENEMY_KILL","is_daily":false,"chose_seed":false,"campfire_upgraded":3,"win_rate":0.0,"timestamp":1612409371,"path_taken":["M","$","?","?","M","R","M","R","T","M","M","M","?","?","R","BOSS","M","?","M","?","$","R","E","?","T","R","M","M","M","M"],"items_purchased_type":["Card","Card","Card","Card","Relic","Card"],"build_version":"2020-12-22","purchased_purges":0,"victory":false,"max_hp_per_floor":[70,70,70,70,70,70,70,70,70,70,70,70,70,70,70,70,70,70,70,70,70,70,70,70,70,70,70,70,70,70,70,70],"card_choices":[{"not_picked":["Choke","Outmaneuver"],"picked":"Poisoned Stab","floor":1.0},{"not_picked":["Deflect","Quick Slash+1"],"picked":"Deadly Poison","floor":5.0},{"not_picked":["Dodge and Roll","Backflip"],"picked":"Flying Knee+1","floor":7.0},{"not_picked":["Blade Dance","All Out Attack+1"],"picked":"Deflect","floor":10.0},{"not_picked":["Calculated Gamble","Prepared"],"picked":"Poisoned Stab+1","floor":11.0},{"not_picked":["Reflex","Cloak And Dagger"],"picked":"After Image","floor":12.0},{"not_picked":["Bane+1","Heel Hook+1"],"picked":"Choke+1","floor":14.0},{"not_picked":["Wraith Form v2","Phantasmal Killer"],"picked":"Grand Finale+1","floor":16.0},{"not_picked":["Dash+1","Sucker Punch+1"],"picked":"Prepared","floor":18.0},{"not_picked":["Accuracy","Deflect"],"picked":"Underhanded Strike+1","floor":20.0},{"not_picked":["Escape Plan+1","Dagger Spray+1"],"picked":"Endless Agony+1","floor":24.0},{"not_picked":["Quick Slash+1","Setup+1"],"picked":"Slice+1","floor":28.0},{"not_picked":["Prepared+1","Dagger Throw+1"],"picked":"Poisoned Stab+1","floor":29},{"not_picked":["Blade Dance+1","Dagger Spray+1"],"picked":"Distraction+1","floor":30}],"player_experience":116252,"relics_obtained":[{"floor":3.0,"key":"Molten Egg 2"},{"floor":9.0,"key":"Ancient Tea Set"},{"floor":24.0,"key":"Centennial Puzzle"},{"floor":26.0,"key":"Toxic Egg 2"}],"event_choices":[{"damage_healed":0.0,"max_hp_gain":0.0,"max_hp_loss":0.0,"gold_gain":0.0,"event_name":"Golden Idol","player_choice":"Take Wound","floor":4.0,"gold_loss":0.0,"damage_taken":0.0,"relics_obtained":["Golden Idol"],"cards_obtained":["Injury"]},{"damage_healed":0.0,"max_hp_gain":0.0,"max_hp_loss":0.0,"gold_gain":0.0,"event_name":"Lab","player_choice":"Got Potions","floor":13.0,"gold_loss":0.0,"damage_taken":0.0},{"damage_healed":0.0,"max_hp_gain":0.0,"max_hp_loss":0.0,"gold_gain":0.0,"event_name":"Vampires","player_choice":"Ignored","floor":19.0,"gold_loss":0.0,"damage_taken":0.0},{"damage_healed":0.0,"max_hp_gain":0.0,"max_hp_loss":0.0,"gold_gain":99.0,"event_name":"Nest","player_choice":"Stole From Cult","floor":21.0,"gold_loss":0.0,"damage_taken":0.0},{"cards_removed":["Strike_G"],"damage_healed":0.0,"max_hp_gain":0.0,"max_hp_loss":0.0,"gold_gain":0.0,"event_name":"Beggar","player_choice":"Gave Gold","floor":25.0,"gold_loss":75.0,"damage_taken":0.0}],"is_beta":false,"boss_relics":[{"not_picked":["Runic Dome","Ectoplasm"],"picked":"Sozu"}],"items_purged_floors":[],"is_endless":false,"potions_floor_spawned":[1,14,16,20,24,28],"killed_by":"Snake Plant","ascension_level":0}}