{"host":"x1wt4ryasj4hxyw3","time":1612424276,"event":{"mods":["Act Like it!","BaseMod","CapriCore","CavMod","Gensokyo","GungeonMod","Lobotomy","LobotomyExtend","Minty Spire (QoL Compilation)","Prisma Mod","Quick Restart","RumiaBox-Â¶Ã×æ«µÄÉñÃØºÐ×Ó","StSLib","The Alterego","The Immortal","Yakumo Yukari mod","Youmu£¨»êÆÇÑýÃÎ£©","Yuyuko","¡¾¹¦ÄÜMod¡¿»ìãçÖ®»·ÐÞ¸´²¹¶¡"],"gold_per_floor":[133,133,133,143,154,154,9,9,34,50,84,84,98,98,98],"floor_reached":14,"language":"ZHS","playtime":784,"items_purged":["Clumsy"],"score":90,"play_id":"3673441e-2c66-479e-91a4-ab383dae7553","local_time":"20210204153756","is_ascension_mode":false,"campfire_choices":[{"floor":6,"key":"REST"}],"circlet_count":0,"master_deck":["AT_purpleEX","AT_purpleEX","AT_purpleEX","AT_purpleEX","Defend_purpleEX","Defend_purpleEX","Defend_purpleEX","Defend_purpleEX","Observe_purple_1","Observe_purple_2","Mirror_FormAndEmptin_purple","ShyLook","SfantasyHide_purple","MeatLantern","Charmbait_purple","RedShoes","OmniscientAndOmnipotent_Monster_purple","CommonSense_AntiCommonSense_purple","BeautyBeast","Boundary_ObjectiveBoundary_purple","Murderer","Shallow_ocean_purpleEX","Freischutz","LoveAcrossDimensions_purple"],"relics":["Boundary_crack","Memoryfragments_purpleEX","CogitoBucket","LetterFromLob","Gensokyo:NagashiBinaDoll","Antimatter_spacedebris","MealTicket","Happy Flower","HellTrain"],"acts_visited":["Exordium"],"potions_floor_usage":[13,13],"damage_taken":[{"damage":12,"enemies":"Gensokyo:Gryphon","floor":1,"turns":5},{"damage":4,"enemies":"Gensokyo:3_Fairies","floor":4,"turns":4},{"damage":47,"enemies":"Gensokyo:2_Kodama","floor":5,"turns":3},{"damage":0,"enemies":"Gensokyo:2_Rabbits","floor":10,"turns":5},{"damage":25,"enemies":"Gensokyo:Aya","floor":11,"turns":5},{"damage":0,"enemies":"Gensokyo:Gryphon_and_Rabbit","floor":13,"turns":2},{"damage":50,"enemies":"Gensokyo:Mamizou","floor":14,"turns":1}],"seed_played":"-7965419185224526380","potions_obtained":[{"floor":4,"key":"AttackPotion"},{"floor":5,"key":"SkillPotion"},{"floor":11,"key":"BlessingOfTheForge"}],"is_trial":false,"path_per_floor":["M","?","?","M","M","R","$","COS","T","M","E","?","M","E"],"character_chosen":"Youkari","items_purchased":["CommonSense_AntiCommonSense_purple"],"campfire_rested":1,"item_purchase_floors":[7],"current_hp_per_floor":[60,60,60,61,14,35,35,35,35,40,20,20,25,0,0],"gold":98,"neow_bonus":"","is_daily":false,"chose_seed":false,"campfire_upgraded":0,"win_rate":0.0,"timestamp":1612424276,"path_taken":["M","?","?","M","?","R","?","COS","T","M","E","?","?","E"],"items_purchased_type":["Card"],"build_version":"2020-12-22","purchased_purges":1,"victory":false,"max_hp_per_floor":[70,70,70,70,70,70,70,70,70,70,70,70,70,70,70],"card_choices":[{"not_picked":["StateDuplicate_purple","StateErode_purple"],"picked":"Mirror_FormAndEmptin_purple","floor":1},{"not_picked":["Bloodbath","FairyFestival"],"picked":"ShyLook","floor":1},{"not_picked":["RuleDissolution_purple","Charmbait_purple"],"picked":"Bait_HighSpeedFlying_purple","floor":2},{"not_picked":["MetroBOOM_purple","StateErode_purple"],"picked":"SfantasyHide_purple","floor":2},{"not_picked":["SpiderBud","DespairKnight"],"picked":"MeatLantern","floor":4},{"not_picked":["MetroBOOM_purple","MeetDecomposer_purple"],"picked":"Charmbait_purple","floor":4},{"not_picked":["VoidDream","LaLuna","MHz"],"picked":"Singing Bowl","floor":5},{"not_picked":["Murderer","UniverseFragment"],"picked":"RedShoes","floor":5},{"not_picked":["MeetDecomposer_purple","Umbrella_purple"],"picked":"OmniscientAndOmnipotent_Monster_purple","floor":5},{"not_picked":["GreedKing","VoidDream"],"picked":"BeautyBeast","floor":10},{"not_picked":["Worldmountain_purple","Mirror_FormAndEmptin_purple"],"picked":"Boundary_ObjectiveBoundary_purple","floor":10},{"not_picked":["HeroicMonk","Funeral"],"picked":"Murderer","floor":11},{"not_picked":["Realm_recovery_purpleEX","Extrememeaning_purpleEX"],"picked":"Shallow_ocean_purpleEX","floor":11},{"not_picked":["NakedNest","BigBadWolf"],"picked":"Freischutz","floor":13},{"not_picked":["StateErode_purple","DarkRealmRedLine_purple"],"picked":"LoveAcrossDimensions_purple","floor":13}],"player_experience":158071,"relics_obtained":[{"floor":1,"key":"LetterFromLob"},{"floor":9,"key":"Antimatter_spacedebris"},{"floor":11,"key":"MealTicket"}],"event_choices":[],"is_beta":false,"boss_relics":[],"items_purged_floors":[7],"is_endless":false,"potions_floor_spawned":[4,5,11],"killed_by":"Gensokyo:Mamizou","ascension_level":0}}