{"host":"3y2rtlgteqp2nuo3","time":1612446042,"event":{"mods":["2.2 Compatiblity","AchievementEnabler","BaseMod","Colored Map","DeckTracker","Highlight Path","Keyboard Shortcuts","Minty Spire (QoL Compilation)","Permanent Neow","Quick Restart","StSLib","SuperFastMode","everything is the same but u backflip on backflip"],"gold_per_floor":[109,34,51,64,76,76,89,89,167,191,191,191,207,232,232,328,328,343,343,362,362,380,380,22,22,46,69,69,69,69,85,85,85,85],"floor_reached":33,"language":"KOR","playtime":672,"items_purged":["Strike_G","Masterful Stab"],"score":446,"play_id":"180f7ad5-3080-4413-9438-5886249f250a","local_time":"20210204224042","is_ascension_mode":true,"campfire_choices":[{"data":"Bouncing Flask","floor":6.0,"key":"SMITH"},{"data":"Dagger Spray","floor":15.0,"key":"SMITH"},{"floor":23,"key":"REST"},{"floor":25,"key":"REST"},{"data":"Catalyst","floor":29,"key":"SMITH"},{"floor":32,"key":"REST"}],"circlet_count":0,"master_deck":["AscendersBane","Survivor","Neutralize","Masterful Stab","Bouncing Flask+1","Bane","Poisoned Stab","Dagger Throw","Backflip","Dagger Spray+1","Deadly Poison","Wraith Form v2","Reflex","Dash","Caltrops","Flechettes","Crippling Poison","Crippling Poison","Catalyst+1","Acrobatics","Noxious Fumes"],"relics":["Ring of the Snake","Bloody Idol","HornCleat","Peace Pipe","Pandora\u0027s Box","Strange Spoon","Tiny Chest"],"acts_visited":["Exordium","TheCity"],"potions_floor_usage":[],"damage_taken":[{"damage":2.0,"enemies":"Jaw Worm","floor":1.0,"turns":6.0},{"damage":3.0,"enemies":"Small Slimes","floor":3.0,"turns":5.0},{"damage":0.0,"enemies":"2 Louse","floor":4.0,"turns":3.0},{"damage":9.0,"enemies":"2 Fungi Beasts","floor":5.0,"turns":3.0},{"damage":1.0,"enemies":"Blue Slaver","floor":7.0,"turns":2.0},{"damage":0.0,"enemies":"Large Slime","floor":10.0,"turns":4.0},{"damage":0.0,"enemies":"Lots of Slimes","floor":13.0,"turns":3.0},{"damage":0.0,"enemies":"Exordium Wildlife","floor":14.0,"turns":3.0},{"damage":35.0,"enemies":"Slime Boss","floor":16.0,"turns":6.0},{"damage":12,"enemies":"2 Thieves","floor":18,"turns":4},{"damage":0,"enemies":"Spheric Guardian","floor":20,"turns":3},{"damage":20,"enemies":"3 Cultists","floor":22,"turns":5},{"damage":4,"enemies":"Snake Plant","floor":27,"turns":3},{"damage":19,"enemies":"Centurion and Healer","floor":31,"turns":6},{"damage":58,"enemies":"Automaton","floor":33,"turns":6}],"seed_played":"2271076818766713492","potions_obtained":[{"floor":3.0,"key":"LiquidMemories"},{"floor":4.0,"key":"ColorlessPotion"},{"floor":13.0,"key":"Fire Potion"},{"floor":14.0,"key":"BlessingOfTheForge"},{"floor":31,"key":"Strength Potion"}],"is_trial":false,"path_per_floor":["M","$","M","M","M","R","M","?","T","M","?","?","M","M","R","B",null,"M","?","M","?","M","R","$","R","T","M","?","R","?","M","R","B"],"character_chosen":"THE_SILENT","items_purchased":["Noxious Fumes","Strange Spoon"],"campfire_rested":3,"item_purchase_floors":[24,24],"current_hp_per_floor":[57,57,54,54,45,45,44,44,44,44,44,39,39,39,39,4,46,34,34,34,34,14,32,32,50,50,46,46,46,46,32,50,0,0],"gold":85,"neow_bonus":"TRANSFORM_CARD","is_daily":false,"chose_seed":false,"campfire_upgraded":3,"win_rate":0.0,"timestamp":1612446042,"path_taken":["M","$","M","M","M","R","M","?","T","M","?","?","M","M","R","BOSS","M","?","M","?","M","R","$","R","T","?","?","R","?","M","R","BOSS"],"items_purchased_type":["Card","Relic"],"build_version":"2020-12-22","purchased_purges":2,"victory":false,"max_hp_per_floor":[66,66,66,66,66,66,66,60,60,60,60,60,60,60,60,60,60,60,60,60,60,60,60,60,60,60,60,60,60,60,60,60,60,60],"card_choices":[{"not_picked":["Acrobatics","Dagger Throw"],"picked":"Bouncing Flask","floor":1.0},{"not_picked":["Backflip","Concentrate"],"picked":"Bane","floor":3.0},{"not_picked":["Sucker Punch","Flechettes"],"picked":"Poisoned Stab","floor":4.0},{"not_picked":["Dash","Flying Knee"],"picked":"Dagger Throw","floor":5.0},{"not_picked":["Bullet Time","Bane"],"picked":"Backflip","floor":7.0},{"not_picked":["Blade Dance","Blur"],"picked":"Dagger Spray","floor":10.0},{"not_picked":["Masterful Stab","Dagger Throw","Finisher"],"picked":"SKIP","floor":13.0},{"not_picked":["Sucker Punch","All Out Attack"],"picked":"Deadly Poison","floor":14.0},{"not_picked":["Storm of Steel","Night Terror"],"picked":"Wraith Form v2","floor":16.0},{"not_picked":["Deflect","Setup","Underhanded Strike"],"picked":"SKIP","floor":18},{"not_picked":["Flying Knee","All Out Attack","Blade Dance"],"picked":"SKIP","floor":20},{"not_picked":["Blade Dance","Backflip"],"picked":"Acrobatics","floor":22},{"not_picked":["Doppelganger","Flying Knee","Dash"],"picked":"SKIP","floor":27},{"not_picked":["Backstab","Quick Slash","Underhanded Strike"],"picked":"SKIP","floor":31}],"player_experience":752677,"relics_obtained":[{"floor":9.0,"key":"HornCleat"},{"floor":26,"key":"Tiny Chest"}],"event_choices":[{"damage_healed":0.0,"max_hp_gain":0.0,"max_hp_loss":6.0,"gold_gain":0.0,"event_name":"Golden Idol","player_choice":"Lose Max HP","floor":8.0,"gold_loss":0.0,"damage_taken":0.0,"relics_obtained":["Golden Idol"]},{"damage_healed":0.0,"max_hp_gain":0.0,"max_hp_loss":0.0,"gold_gain":0.0,"event_name":"Shining Light","player_choice":"Ignored","floor":11.0,"gold_loss":0.0,"damage_taken":0.0},{"damage_healed":0.0,"max_hp_gain":0.0,"max_hp_loss":0.0,"gold_gain":0.0,"event_name":"Scrap Ooze","player_choice":"Success","floor":12.0,"gold_loss":0.0,"damage_taken":5.0,"relics_obtained":["Peace Pipe"]},{"cards_removed":["A Thousand Cuts"],"damage_healed":0,"gold_gain":0,"player_choice":"Elegance","damage_taken":0,"max_hp_gain":0,"max_hp_loss":0,"event_name":"Back to Basics","floor":19,"gold_loss":0},{"damage_healed":0,"gold_gain":0,"player_choice":"Read","damage_taken":0,"max_hp_gain":0,"max_hp_loss":0,"event_name":"The Library","floor":21,"gold_loss":0,"cards_obtained":["Catalyst"]},{"damage_healed":0,"gold_gain":0,"player_choice":"Ignored","damage_taken":0,"max_hp_gain":0,"max_hp_loss":0,"event_name":"Cursed Tome","floor":28,"gold_loss":0},{"damage_healed":0,"gold_gain":0,"player_choice":"Gave Idol","damage_taken":0,"relics_obtained":["Bloody Idol"],"max_hp_gain":0,"max_hp_loss":0,"event_name":"Forgotten Altar","floor":30,"relics_lost":["Golden Idol"],"gold_loss":0}],"is_beta":false,"boss_relics":[{"not_picked":["Calling Bell","Snecko Eye"],"picked":"Pandora\u0027s Box"}],"items_purged_floors":[2,24],"is_endless":false,"potions_floor_spawned":[3,4,13,14,31],"killed_by":"Automaton","ascension_level":17}}