{"host":"8tgyo6jwzgmjsiz5","time":1612465664,"event":{"mods":["AchievementEnabler","BaseMod","Best Route Mod","Colored Map","Highlight Path","Minty Spire (QoL Compilation)","Permanent Neow","Quick Restart","StSLib","SuperFastMode","everything is the same but u backflip on backflip"],"gold_per_floor":[109,129,144,219,234,234,252,252,305,334,334,367,367,396,396,396,396],"floor_reached":16,"language":"ENG","playtime":690,"items_purged":[],"score":210,"play_id":"fd90fdd3-231f-43b5-a099-3dee583dcf82","local_time":"20210204160744","is_ascension_mode":true,"campfire_choices":[{"data":"Bash","floor":6.0,"key":"SMITH"},{"floor":8,"key":"REST"},{"floor":11,"key":"REST"},{"floor":13,"key":"REST"},{"data":"Iron Wave","floor":15,"key":"SMITH"}],"circlet_count":0,"master_deck":["AscendersBane","Strike_R","Strike_R","Strike_R","Defend_R","Defend_R","Defend_R","Defend_R","Bash+1","Shrug It Off","Carnage","Twin Strike","Inflame","Dual Wield","Brutality","Iron Wave+1","Cleave"],"relics":["Burning Blood","Bag of Preparation","Pear","Vajra","PreservedInsect"],"acts_visited":["Exordium"],"potions_floor_usage":[7,10,12],"damage_taken":[{"damage":6.0,"enemies":"Cultist","floor":1.0,"turns":3.0},{"damage":0.0,"enemies":"Small Slimes","floor":2.0,"turns":3.0},{"damage":7.0,"enemies":"Jaw Worm","floor":3.0,"turns":3.0},{"damage":26.0,"enemies":"Lots of Slimes","floor":5.0,"turns":6.0},{"damage":15,"enemies":"Exordium Thugs","floor":7,"turns":5},{"damage":35,"enemies":"Gremlin Nob","floor":10,"turns":4},{"damage":27,"enemies":"Lagavulin","floor":12,"turns":6},{"damage":20,"enemies":"3 Sentries","floor":14,"turns":4},{"damage":37,"enemies":"Hexaghost","floor":16,"turns":9}],"seed_played":"5605314914079975690","potions_obtained":[{"floor":1.0,"key":"ElixirPotion"},{"floor":2.0,"key":"Dexterity Potion"},{"floor":10,"key":"GamblersBrew"},{"floor":14,"key":"Explosive Potion"}],"is_trial":false,"path_per_floor":["M","M","M","?","M","R","M","R","T","E","R","E","R","E","R","B"],"character_chosen":"IRONCLAD","items_purchased":[],"campfire_rested":3,"item_purchase_floors":[],"current_hp_per_floor":[50,56,55,44,24,24,15,37,37,18,43,22,47,33,33,0,0],"gold":396,"neow_bonus":"TRANSFORM_TWO_CARDS","is_daily":false,"chose_seed":false,"campfire_upgraded":2,"win_rate":0.0,"timestamp":1612465664,"path_taken":["M","M","?","?","M","R","M","R","T","E","R","E","R","E","R","BOSS"],"items_purchased_type":[],"build_version":"2020-12-22","purchased_purges":0,"victory":false,"max_hp_per_floor":[75,75,75,75,75,75,75,75,75,85,85,85,85,85,85,85,85],"card_choices":[{"not_picked":["True Grit","Body Slam"],"picked":"Twin Strike","floor":1.0},{"not_picked":["Evolve","Ghostly Armor"],"picked":"Inflame","floor":2.0},{"not_picked":["Heavy Blade","Hemokinesis"],"picked":"Dual Wield","floor":3.0},{"not_picked":["Carnage","Clash","Ghostly Armor"],"picked":"SKIP","floor":5.0},{"not_picked":["Heavy Blade","Battle Trance"],"picked":"Brutality","floor":7},{"not_picked":["Heavy Blade","Bloodletting"],"picked":"Iron Wave","floor":10},{"not_picked":["Dropkick","Rampage"],"picked":"Cleave","floor":12},{"not_picked":["Bloodletting","Havoc","Clothesline"],"picked":"SKIP","floor":14}],"player_experience":1966932,"relics_obtained":[{"floor":9,"key":"Bag of Preparation"},{"floor":10,"key":"Pear"},{"floor":12,"key":"Vajra"},{"floor":14,"key":"PreservedInsect"}],"event_choices":[{"damage_healed":0.0,"max_hp_gain":0.0,"max_hp_loss":0.0,"gold_gain":75.0,"event_name":"World of Goop","player_choice":"Gather Gold","floor":4.0,"gold_loss":0.0,"damage_taken":11.0}],"is_beta":false,"boss_relics":[],"items_purged_floors":[],"is_endless":false,"potions_floor_spawned":[1,2,5,10,14],"killed_by":"Hexaghost","ascension_level":15}}