{"host":"sav7uxregyirlf69","time":1612416724,"event":{"mods":["AchievementEnabler","BaseMod","Colored Map","DeckTracker","Keyboard Shortcuts","Minty Spire (QoL Compilation)","READ ME - Guardian Mod","StSLib","SuperFastMode"],"gold_per_floor":[116,116,116,116,128,158,174,209,209,225,240,240,240,271,271,343,343,359,284,20,32,47,47,81,81,81,81,99,99,111,128,128,200,200,219,235,250,175,175,175,209,209,209,227,117,117,144,163,163,163,163],"floor_reached":50,"language":"KOR","playtime":1291,"items_purged":["Strike_G"],"score":1209,"play_id":"89b4ce49-be83-423e-b3d0-887dfc7dcea5","local_time":"20210204143204","is_ascension_mode":true,"campfire_choices":[{"data":"Noxious Fumes","floor":12.0,"key":"SMITH"},{"data":"Cloak And Dagger","floor":15.0,"key":"SMITH"},{"data":"Neutralize","floor":23.0,"key":"SMITH"},{"data":"Acrobatics","floor":25.0,"key":"SMITH"},{"floor":32.0,"key":"REST"},{"data":"Concentrate","floor":40,"key":"SMITH"},{"data":"Reflex","floor":42,"key":"SMITH"},{"data":"Prepared","floor":46,"key":"SMITH"},{"floor":49,"key":"RECALL"}],"circlet_count":0,"master_deck":["AscendersBane","Defend_G","Defend_G","Defend_G+1","Defend_G","Defend_G+1","Survivor","Neutralize+1","Quick Slash","Underhanded Strike","Backflip","Dagger Throw","Cloak And Dagger+1","Noxious Fumes+1","Unload","Corpse Explosion","Blade Dance+1","Acrobatics+1","Eviscerate+1","Reflex+1","Escape Plan+1","After Image","Prepared+1","Concentrate+1"],"relics":["Ring of the Snake","NeowsBlessing","Ornamental Fan","Torii","Tingsha","Lizard Tail","SacredBark","Paper Crane","Singing Bowl","HornCleat","Coffee Dripper","Shuriken","Blood Vial"],"acts_visited":["Exordium","TheCity","TheBeyond"],"potions_floor_usage":[33,33,41,50],"damage_taken":[{"damage":0.0,"enemies":"2 Louse","floor":1.0,"turns":1.0},{"damage":0.0,"enemies":"Jaw Worm","floor":5.0,"turns":1.0},{"damage":0.0,"enemies":"3 Sentries","floor":6.0,"turns":1.0},{"damage":4.0,"enemies":"Small Slimes","floor":7.0,"turns":3.0},{"damage":25.0,"enemies":"Lagavulin","floor":8.0,"turns":10.0},{"damage":11.0,"enemies":"Gremlin Gang","floor":10.0,"turns":5.0},{"damage":0.0,"enemies":"3 Louse","floor":11.0,"turns":3.0},{"damage":12.0,"enemies":"3 Sentries","floor":14.0,"turns":7.0},{"damage":5.0,"enemies":"Hexaghost","floor":16.0,"turns":9.0},{"damage":18.0,"enemies":"2 Thieves","floor":18.0,"turns":4.0},{"damage":3.0,"enemies":"Shell Parasite","floor":21.0,"turns":5.0},{"damage":8.0,"enemies":"Centurion and Healer","floor":22.0,"turns":5.0},{"damage":4.0,"enemies":"Slavers","floor":24.0,"turns":3.0},{"damage":10.0,"enemies":"Snecko","floor":28.0,"turns":4.0},{"damage":18.0,"enemies":"Snake Plant","floor":30.0,"turns":6.0},{"damage":1.0,"enemies":"Centurion and Healer","floor":31.0,"turns":5.0},{"damage":1,"enemies":"Collector","floor":33,"turns":8},{"damage":18,"enemies":"3 Darklings","floor":35,"turns":4},{"damage":2,"enemies":"3 Shapes","floor":36,"turns":4},{"damage":0,"enemies":"3 Darklings","floor":37,"turns":2},{"damage":17,"enemies":"Nemesis","floor":41,"turns":7},{"damage":1,"enemies":"4 Shapes","floor":44,"turns":8},{"damage":1,"enemies":"Giant Head","floor":47,"turns":6},{"damage":0,"enemies":"Maw","floor":48,"turns":5},{"damage":123,"enemies":"Time Eater","floor":50,"turns":12}],"seed_played":"8547101661198329851","potions_obtained":[{"floor":6.0,"key":"Fruit Juice"},{"floor":7.0,"key":"Ancient Potion"},{"floor":10.0,"key":"GamblersBrew"},{"floor":11.0,"key":"GhostInAJar"},{"floor":13.0,"key":"GhostInAJar"},{"floor":24.0,"key":"ColorlessPotion"},{"floor":30.0,"key":"EntropicBrew"},{"floor":31.0,"key":"EssenceOfSteel"},{"floor":37,"key":"Weak Potion"},{"floor":48,"key":"SpeedPotion"}],"is_trial":false,"path_per_floor":["M","?","?","?","M","E","M","E","T","M","M","R","?","E","R","B",null,"M","?","$","M","M","R","E","R","T","?","M","?","M","M","R","B",null,"M","M","M","$","?","R","E","R","T","M","?","R","E","M","R","B"],"character_chosen":"THE_SILENT","items_purchased":["Paper Crane"],"campfire_rested":1,"item_purchase_floors":[20],"current_hp_per_floor":[59,39,39,76,76,76,72,47,47,36,41,41,41,29,29,24,67,49,49,49,46,38,38,36,36,36,36,26,26,8,9,34,33,72,54,52,54,54,54,54,39,39,39,40,40,40,41,45,45,0,0],"gold":163,"neow_bonus":"THREE_ENEMY_KILL","is_daily":false,"chose_seed":false,"campfire_upgraded":7,"win_rate":0.0,"timestamp":1612416724,"path_taken":["M","?","?","?","M","E","M","E","T","M","?","R","?","E","R","BOSS","M","?","$","M","M","R","E","R","T","?","?","?","M","M","R","BOSS","M","?","M","$","?","R","E","R","T","M","?","R","E","?","R","BOSS"],"items_purchased_type":["Relic"],"build_version":"2020-12-22","purchased_purges":1,"victory":false,"max_hp_per_floor":[66,66,66,76,76,76,76,76,76,76,81,81,81,81,81,81,81,81,81,81,81,81,81,83,83,83,83,83,83,83,85,85,85,85,85,85,87,87,83,83,85,85,85,87,87,87,89,91,91,91,91],"card_choices":[{"not_picked":["PiercingWail","Flying Knee"],"picked":"Quick Slash","floor":1.0},{"not_picked":["PiercingWail","Acrobatics"],"picked":"Underhanded Strike","floor":5.0},{"not_picked":["Underhanded Strike","Bane"],"picked":"Backflip","floor":6.0},{"not_picked":["Acrobatics","Bane"],"picked":"Dagger Throw","floor":7.0},{"not_picked":["Quick Slash","Choke","Leg Sweep"],"picked":"SKIP","floor":8.0},{"not_picked":["Quick Slash","Dodge and Roll"],"picked":"Cloak And Dagger","floor":10.0},{"not_picked":["Skewer","Dagger Throw"],"picked":"Noxious Fumes","floor":11.0},{"not_picked":["Eviscerate","Masterful Stab"],"picked":"Unload","floor":14.0},{"not_picked":["After Image","Venomology"],"picked":"Corpse Explosion","floor":16.0},{"not_picked":["Backstab","Blur"],"picked":"Blade Dance","floor":18.0},{"not_picked":["Slice","Deadly Poison"],"picked":"Acrobatics","floor":21.0},{"not_picked":["Deadly Poison","Blur"],"picked":"Eviscerate+1","floor":22.0},{"not_picked":["Acrobatics","Storm of Steel","Blade Dance"],"picked":"Singing Bowl","floor":24.0},{"not_picked":["Footwork+1","Eviscerate+1"],"picked":"Reflex","floor":28.0},{"not_picked":["Quick Slash","PiercingWail"],"picked":"Escape Plan+1","floor":30.0},{"not_picked":["Backflip","Bouncing Flask+1","Dagger Throw"],"picked":"Singing Bowl","floor":31.0},{"not_picked":["Burst","A Thousand Cuts"],"picked":"After Image","floor":33},{"not_picked":["Acrobatics","Backflip"],"picked":"Prepared","floor":35},{"not_picked":["Blade Dance","Tools of the Trade"],"picked":"Concentrate","floor":36},{"not_picked":["Escape Plan+1","Prepared","Deflect+1"],"picked":"Singing Bowl","floor":37},{"not_picked":["Infinite Blades","Acrobatics+1","Crippling Poison+1"],"picked":"Singing Bowl","floor":41},{"not_picked":["Grand Finale","Quick Slash+1","Bane"],"picked":"Singing Bowl","floor":44},{"not_picked":["Backflip","Acrobatics","Infinite Blades"],"picked":"Singing Bowl","floor":47},{"not_picked":["Quick Slash","Poisoned Stab","Dodge and Roll+1"],"picked":"Singing Bowl","floor":48}],"player_experience":1482588,"relics_obtained":[{"floor":6.0,"key":"Ornamental Fan"},{"floor":8.0,"key":"Torii"},{"floor":9.0,"key":"Tingsha"},{"floor":14.0,"key":"Lizard Tail"},{"floor":24.0,"key":"Singing Bowl"},{"floor":26.0,"key":"HornCleat"},{"floor":41,"key":"Shuriken"},{"floor":47,"key":"Blood Vial"}],"event_choices":[{"damage_healed":0.0,"max_hp_gain":0.0,"max_hp_loss":0.0,"gold_gain":0.0,"event_name":"Shining Light","player_choice":"Entered Light","floor":2.0,"gold_loss":0.0,"damage_taken":20.0,"cards_upgraded":["Defend_G","Defend_G"]},{"damage_healed":0.0,"max_hp_gain":0.0,"max_hp_loss":0.0,"gold_gain":0.0,"cards_transformed":["Strike_G"],"event_name":"Living Wall","player_choice":"Change","floor":3.0,"gold_loss":0.0,"damage_taken":0.0,"cards_obtained":["Doppelganger"]},{"cards_removed":["Doppelganger"],"damage_healed":27.0,"max_hp_gain":10.0,"max_hp_loss":0.0,"gold_gain":0.0,"event_name":"Bonfire Elementals","player_choice":"Offered Rare","floor":4.0,"gold_loss":0.0,"damage_taken":0.0},{"damage_healed":0.0,"max_hp_gain":0.0,"max_hp_loss":0.0,"gold_gain":0.0,"event_name":"Lab","player_choice":"Got Potions","floor":13.0,"gold_loss":0.0,"damage_taken":0.0},{"cards_removed":["Strike_G"],"damage_healed":0.0,"max_hp_gain":0.0,"max_hp_loss":0.0,"gold_gain":0.0,"event_name":"Beggar","player_choice":"Gave Gold","floor":19.0,"gold_loss":75.0,"damage_taken":0.0},{"damage_healed":0.0,"max_hp_gain":0.0,"max_hp_loss":0.0,"gold_gain":0.0,"event_name":"N\u0027loth","player_choice":"Ignored","floor":27.0,"gold_loss":0.0,"damage_taken":0.0},{"cards_removed":["Strike_G"],"damage_healed":0.0,"max_hp_gain":0.0,"max_hp_loss":0.0,"gold_gain":0.0,"event_name":"Purifier","player_choice":"Purged","floor":29.0,"gold_loss":0.0,"damage_taken":0.0},{"damage_healed":0,"gold_gain":0,"player_choice":"Max HP","damage_taken":0,"max_hp_gain":0,"max_hp_loss":4,"event_name":"Winding Halls","floor":39,"gold_loss":0},{"cards_removed":["Strike_G"],"damage_healed":0,"gold_gain":0,"player_choice":"Upgrade and Remove","damage_taken":0,"max_hp_gain":0,"max_hp_loss":0,"event_name":"Designer","floor":45,"gold_loss":110,"cards_upgraded":["Blade Dance"]}],"is_beta":false,"boss_relics":[{"not_picked":["Tiny House","Black Star"],"picked":"SacredBark"},{"not_picked":["Sozu","Ring of the Serpent"],"picked":"Coffee Dripper"}],"items_purged_floors":[38],"is_endless":false,"potions_floor_spawned":[6,7,10,11,24,30,31,37,48],"killed_by":"Time Eater","ascension_level":20}}