{"host":"ynimr9ugvc6f046i","time":1612454407,"event":{"mods":["2.2 Compatiblity","BaseMod","Colored Map","DeckTracker","Highlight Path","Keyboard Shortcuts","Minty Spire (QoL Compilation)","Permanent Neow","Quick Restart","StSLib","SuperFastMode"],"gold_per_floor":[15,15,29,49,49,49,68,95,95,95,107,107,137,155,155,155,155],"floor_reached":16,"language":"KOR","playtime":192,"items_purged":[],"score":274,"play_id":"3b35ce51-d716-4961-8a9a-3e4e9c57f72b","local_time":"20210205010007","is_ascension_mode":true,"campfire_choices":[{"data":"Bludgeon","floor":6.0,"key":"SMITH"},{"data":"Corruption","floor":12.0,"key":"SMITH"},{"floor":15,"key":"REST"}],"circlet_count":0,"master_deck":["AscendersBane","Strike_R","Strike_R","Strike_R","Strike_R","Defend_R","Defend_R","Defend_R","Defend_R","Bash","Bludgeon+1","Corruption+1","Limit Break"],"relics":["Burning Blood","Juzu Bracelet","Smiling Mask","Bottled Flame"],"acts_visited":["Exordium"],"potions_floor_usage":[13],"damage_taken":[{"damage":12.0,"enemies":"Jaw Worm","floor":1.0,"turns":2.0},{"damage":0.0,"enemies":"Cultist","floor":3.0,"turns":2.0},{"damage":4.0,"enemies":"Small Slimes","floor":4.0,"turns":3.0},{"damage":24.0,"enemies":"3 Louse","floor":7.0,"turns":3.0},{"damage":0.0,"enemies":"Gremlin Nob","floor":8.0,"turns":2.0},{"damage":7.0,"enemies":"Exordium Wildlife","floor":11.0,"turns":5.0},{"damage":35,"enemies":"3 Sentries","floor":13,"turns":9},{"damage":8,"enemies":"Exordium Thugs","floor":14,"turns":5},{"damage":0,"enemies":"Slime Boss","floor":16,"turns":2}],"seed_played":"3820644714137018093","potions_obtained":[{"floor":3.0,"key":"DuplicationPotion"},{"floor":7.0,"key":"Energy Potion"},{"floor":14,"key":"Weak Potion"}],"is_trial":false,"path_per_floor":["M","?","M","M","$","R","M","E","T","?","M","R","E","M","R","B"],"character_chosen":"IRONCLAD","items_purchased":[],"campfire_rested":1,"item_purchase_floors":[],"current_hp_per_floor":[62,62,68,70,70,70,52,58,58,58,57,57,28,26,48,48,48],"gold":155,"neow_bonus":"THREE_RARE_CARDS","is_daily":false,"chose_seed":false,"campfire_upgraded":2,"win_rate":0.0,"timestamp":1612454407,"path_taken":["M","?","M","M","?","R","M","E","T","?","M","R","E","M","R","BOSS"],"items_purchased_type":[],"build_version":"2020-12-22","purchased_purges":0,"victory":false,"max_hp_per_floor":[75,75,75,75,75,75,75,75,75,75,75,75,75,75,75,75,75],"card_choices":[{"not_picked":["Berserk","Demon Form"],"picked":"Bludgeon","floor":0.0},{"not_picked":["Havoc","Armaments","Pummel"],"picked":"SKIP","floor":1.0},{"not_picked":["Warcry","Entrench","Spot Weakness"],"picked":"SKIP","floor":3.0},{"not_picked":["Sword Boomerang","Clash","Clothesline"],"picked":"SKIP","floor":4.0},{"not_picked":["True Grit","Havoc"],"picked":"Corruption","floor":7.0},{"not_picked":["Sever Soul","Body Slam","Combust"],"picked":"SKIP","floor":8.0},{"not_picked":["Searing Blow","Seeing Red","Metallicize"],"picked":"SKIP","floor":11.0},{"not_picked":["Hemokinesis","Thunderclap","Limit Break"],"picked":"SKIP","floor":13},{"not_picked":["Cleave","Blood for Blood","Warcry"],"picked":"SKIP","floor":14}],"player_experience":554316,"relics_obtained":[{"floor":8.0,"key":"Juzu Bracelet"},{"floor":9.0,"key":"Smiling Mask"},{"floor":13,"key":"Bottled Flame"}],"event_choices":[{"damage_healed":0.0,"max_hp_gain":0.0,"max_hp_loss":0.0,"gold_gain":0.0,"event_name":"WeMeetAgain","player_choice":"Ignored","floor":2.0,"gold_loss":0.0,"damage_taken":0.0},{"damage_healed":0.0,"max_hp_gain":0.0,"max_hp_loss":0.0,"gold_gain":0.0,"cards_transformed":["Strike_R"],"event_name":"Transmorgrifier","player_choice":"Transformed","floor":10.0,"gold_loss":0.0,"damage_taken":0.0,"cards_obtained":["Limit Break"]}],"is_beta":false,"boss_relics":[],"items_purged_floors":[],"is_endless":false,"potions_floor_spawned":[3,7,14],"killed_by":"Slime Boss","ascension_level":20}}