{"host":"mi0eibewekhugwl1","time":1612447338,"event":{"mods":["AchievementEnabler","BaseMod","Colored Map","Colored Powertips","DeckTracker","Keyboard Shortcuts","Minty Spire (QoL Compilation)","Quick Restart","Rare Cards Sparkle","Relic Stats","StSLib","SuperFastMode","everything is the same but u backflip on backflip"],"gold_per_floor":[213,230,6,26,39,54,54,64,64,64,64,93,113,130,130,204,204,220,232,232,56,68,68,87,87,87,104,104,50,50,100,100,100,100],"floor_reached":33,"language":"KOR","playtime":671,"items_purged":["Strike_G","Strike_G"],"score":502,"play_id":"054bfd5b-38c9-4e9a-8164-eca72f5d2d7b","local_time":"20210204230218","is_ascension_mode":true,"campfire_choices":[{"data":"A Thousand Cuts","floor":7,"key":"SMITH"},{"floor":10,"key":"REST"},{"data":"Glass Knife","floor":15,"key":"SMITH"},{"floor":23,"key":"REST"},{"data":"After Image","floor":25,"key":"SMITH"},{"data":"Cloak And Dagger","floor":28,"key":"SMITH"},{"floor":30,"key":"REST"},{"data":"Neutralize","floor":32,"key":"SMITH"}],"circlet_count":0,"master_deck":["AscendersBane","Strike_G","Strike_G","Strike_G","Defend_G","Defend_G","Defend_G","Defend_G","Defend_G","Survivor","Neutralize+1","Acrobatics","Backstab","Glass Knife+1","Blade Dance","Blade Dance","A Thousand Cuts+1","Escape Plan","Cloak And Dagger+1","A Thousand Cuts","Finisher","Backflip","Accuracy","Noxious Fumes+1","After Image+1"],"relics":["Ring of the Snake","StoneCalendar","Kunai","CaptainsWheel","HoveringKite","Mercury Hourglass"],"acts_visited":["Exordium","TheCity"],"potions_floor_usage":[12,18,24,27],"damage_taken":[{"damage":11,"enemies":"Cultist","floor":1,"turns":6},{"damage":8,"enemies":"Small Slimes","floor":2,"turns":4},{"damage":0,"enemies":"Jaw Worm","floor":4,"turns":2},{"damage":0,"enemies":"2 Fungi Beasts","floor":5,"turns":4},{"damage":4,"enemies":"Blue Slaver","floor":6,"turns":4},{"damage":1,"enemies":"Exordium Thugs","floor":8,"turns":5},{"damage":11,"enemies":"Lagavulin","floor":12,"turns":4},{"damage":7,"enemies":"3 Louse","floor":13,"turns":2},{"damage":0,"enemies":"Large Slime","floor":14,"turns":4},{"damage":6,"enemies":"Slime Boss","floor":16,"turns":7},{"damage":21,"enemies":"2 Thieves","floor":18,"turns":3},{"damage":8,"enemies":"3 Byrds","floor":19,"turns":4},{"damage":7,"enemies":"Centurion and Healer","floor":22,"turns":5},{"damage":4,"enemies":"Cultist and Chosen","floor":24,"turns":5},{"damage":13,"enemies":"Shelled Parasite and Fungi","floor":27,"turns":5},{"damage":42,"enemies":"Champ","floor":33,"turns":9}],"seed_played":"8189368264728526404","potions_obtained":[{"floor":2,"key":"Block Potion"},{"floor":6,"key":"BlessingOfTheForge"},{"floor":8,"key":"AttackPotion"},{"floor":13,"key":"Dexterity Potion"},{"floor":18,"key":"Block Potion"}],"is_trial":false,"path_per_floor":["M","M","$","M","M","M","R","M","T","R","T","E","M","M","R","B",null,"M","M","?","$","M","R","M","R","T","M","R","$","R","?","R","B"],"character_chosen":"THE_SILENT","items_purchased":["Backstab","Glass Knife","Accuracy","Fire Potion"],"campfire_rested":3,"item_purchase_floors":[3,3,21,29],"current_hp_per_floor":[48,40,40,40,40,36,36,35,35,54,54,43,36,36,36,30,57,36,28,28,28,21,40,36,36,36,23,23,23,42,42,42,0,0],"gold":100,"neow_bonus":"HUNDRED_GOLD","is_daily":false,"chose_seed":false,"campfire_upgraded":5,"win_rate":0.0,"timestamp":1612447338,"path_taken":["M","M","$","?","M","?","R","M","T","R","?","E","M","M","R","BOSS","M","M","?","$","M","R","M","R","T","M","R","$","R","?","R","BOSS"],"items_purchased_type":["Card","Card","Card","Potion"],"build_version":"2020-12-22","purchased_purges":2,"victory":false,"max_hp_per_floor":[66,66,66,66,66,66,66,66,66,66,66,66,66,66,66,66,66,66,66,66,66,66,66,66,66,66,66,66,66,66,66,66,66,66],"relic_stats":{"counters":[16,73],"HoveringKite":[12],"StoneCalendar":[52],"Kunai":[33],"obtain_stats":[{"CaptainsWheel":12,"HoveringKite":17,"StoneCalendar":9,"Kunai":11,"Ring of the Snake":0,"Mercury Hourglass":26},{"CaptainsWheel":7,"HoveringKite":10,"StoneCalendar":6,"Kunai":6,"Ring of the Snake":0,"Mercury Hourglass":14},{"CaptainsWheel":29,"HoveringKite":42,"StoneCalendar":25,"Kunai":25,"Ring of the Snake":0,"Mercury Hourglass":59}],"Ring of the Snake":[32],"Mercury Hourglass":[21]},"card_choices":[{"not_picked":["Backflip","PiercingWail","Outmaneuver"],"picked":"SKIP","floor":1},{"not_picked":["Eviscerate","Dodge and Roll"],"picked":"Acrobatics","floor":2},{"not_picked":["Crippling Poison","Underhanded Strike"],"picked":"Blade Dance","floor":4},{"not_picked":["Reflex","Prepared"],"picked":"Blade Dance","floor":5},{"not_picked":["Quick Slash","Poisoned Stab"],"picked":"A Thousand Cuts","floor":6},{"not_picked":["Flying Knee","Blade Dance","Deadly Poison"],"picked":"SKIP","floor":8},{"not_picked":["Backstab","Dagger Spray"],"picked":"Escape Plan","floor":12},{"not_picked":["Blade Dance","Eviscerate"],"picked":"Cloak And Dagger","floor":13},{"not_picked":["Choke","Deflect","Flying Knee"],"picked":"SKIP","floor":14},{"not_picked":["Doppelganger","Corpse Explosion"],"picked":"A Thousand Cuts","floor":16},{"not_picked":["Outmaneuver","Slice"],"picked":"Finisher","floor":18},{"not_picked":["Bane","Dagger Spray"],"picked":"Backflip","floor":19},{"not_picked":["Outmaneuver","Bane"],"picked":"Noxious Fumes+1","floor":22},{"not_picked":["Cloak And Dagger","Distraction"],"picked":"After Image","floor":24},{"not_picked":["PiercingWail","Flechettes","Distraction"],"picked":"SKIP","floor":27}],"player_experience":1785358,"relics_obtained":[{"floor":9,"key":"StoneCalendar"},{"floor":11,"key":"Kunai"},{"floor":12,"key":"CaptainsWheel"},{"floor":26,"key":"Mercury Hourglass"}],"event_choices":[{"damage_healed":0,"gold_gain":50,"player_choice":"Stole From Cult","damage_taken":0,"max_hp_gain":0,"max_hp_loss":0,"event_name":"Nest","floor":31,"gold_loss":0}],"is_beta":false,"boss_relics":[{"not_picked":["Calling Bell","SacredBark"],"picked":"HoveringKite"}],"items_purged_floors":[3,21],"is_endless":false,"potions_floor_spawned":[2,6,8,13,14,18],"killed_by":"Champ","ascension_level":20}}