{"host":"7rmsgc3rayi00cdt","time":1612443434,"event":{"mods":["BaseMod","Minty Spire (QoL Compilation)"],"gold_per_floor":[109,109,127,19,19,19,37,312,312,328,343,343,372,372,372,449,449,465,465,515,528,538,538,538,538],"floor_reached":24,"language":"ENG","playtime":887,"items_purged":[],"score":382,"play_id":"f08c0ae5-ec51-487e-b0f7-b754e4ca067e","local_time":"20210204125714","is_ascension_mode":true,"campfire_choices":[{"floor":6,"key":"REST"},{"floor":12,"key":"REST"},{"floor":15,"key":"REST"},{"floor":23,"key":"REST"}],"circlet_count":0,"master_deck":["AscendersBane","Strike_B","Strike_B","Strike_B","Defend_B","Defend_B","Defend_B","Defend_B","Zap","Dualcast","Gash","Redo","Flash of Steel","FTL","Regret","Gash","Streamline","Stack+1","Redo+1"],"relics":["FrozenCore","Eternal Feather","Blue Candle","Vajra"],"acts_visited":["Exordium","TheCity"],"potions_floor_usage":[13,18,22,24,24],"damage_taken":[{"damage":12,"enemies":"Jaw Worm","floor":1,"turns":3},{"damage":12,"enemies":"2 Louse","floor":3,"turns":3},{"damage":1,"enemies":"Cultist","floor":7,"turns":3},{"damage":20,"enemies":"Exordium Wildlife","floor":10,"turns":4},{"damage":4,"enemies":"2 Fungi Beasts","floor":11,"turns":3},{"damage":34,"enemies":"3 Sentries","floor":13,"turns":9},{"damage":57,"enemies":"The Guardian","floor":16,"turns":12},{"damage":16,"enemies":"3 Byrds","floor":18,"turns":6},{"damage":11,"enemies":"Spheric Guardian","floor":21,"turns":6},{"damage":41,"enemies":"Snake Plant","floor":22,"turns":8},{"damage":47,"enemies":"Gremlin Leader","floor":24,"turns":5}],"seed_played":"1516209366024251317","potions_obtained":[{"floor":3,"key":"SpeedPotion"},{"floor":13,"key":"Dexterity Potion"},{"floor":16,"key":"DistilledChaos"},{"floor":18,"key":"EssenceOfSteel"},{"floor":22,"key":"Energy Potion"}],"is_trial":false,"path_per_floor":["M","?","M","$","?","R","M","?","T","M","M","R","E","T","R","B",null,"M","?","?","M","M","R","E"],"character_chosen":"DEFECT","items_purchased":["Flash of Steel"],"campfire_rested":4,"item_purchase_floors":[4],"current_hp_per_floor":[48,41,29,29,29,54,53,53,53,33,29,63,29,29,63,6,65,49,66,58,47,6,40,0,0],"gold":538,"neow_bonus":"TWENTY_PERCENT_HP_BONUS","is_daily":false,"chose_seed":false,"campfire_upgraded":0,"win_rate":0.0,"timestamp":1612443434,"path_taken":["M","?","M","$","?","R","M","?","T","?","M","R","E","?","R","BOSS","M","?","?","M","M","R","E"],"items_purchased_type":["Card"],"build_version":"2020-12-22","purchased_purges":0,"victory":false,"max_hp_per_floor":[85,85,85,85,85,85,85,85,85,85,85,85,85,85,85,85,85,85,85,85,85,85,85,85,85],"card_choices":[{"not_picked":["Leap","Sweeping Beam"],"picked":"Gash","floor":1},{"not_picked":["Blizzard","Turbo"],"picked":"Redo","floor":3},{"not_picked":["Conserve Battery","Streamline"],"picked":"FTL","floor":7},{"not_picked":["White Noise","Redo","Sunder"],"picked":"SKIP","floor":10},{"not_picked":["FTL","Chill"],"picked":"Gash","floor":11},{"not_picked":["Biased Cognition","Darkness"],"picked":"Streamline","floor":13},{"not_picked":["White Noise","Redo"],"picked":"Stack+1","floor":18},{"not_picked":["Stack","Tempest"],"picked":"Redo+1","floor":21},{"not_picked":["Steam+1","Lockon","Coolheaded+1"],"picked":"SKIP","floor":22}],"player_experience":794029,"relics_obtained":[{"floor":9,"key":"Eternal Feather"},{"floor":13,"key":"Blue Candle"},{"floor":14,"key":"Vajra"}],"event_choices":[{"cards_removed":["Strike_B"],"damage_healed":0,"gold_gain":0,"player_choice":"Card Removal","damage_taken":7,"max_hp_gain":0,"max_hp_loss":0,"event_name":"Golden Wing","floor":2,"gold_loss":0},{"damage_healed":0,"gold_gain":0,"player_choice":"Ignored","damage_taken":0,"max_hp_gain":0,"max_hp_loss":0,"event_name":"Shining Light","floor":5,"gold_loss":0},{"damage_healed":0,"gold_gain":275,"player_choice":"Desecrate","damage_taken":0,"max_hp_gain":0,"max_hp_loss":0,"event_name":"Golden Shrine","floor":8,"gold_loss":0,"cards_obtained":["Regret"]},{"damage_healed":17,"gold_gain":0,"player_choice":"Heal","damage_taken":0,"max_hp_gain":0,"max_hp_loss":0,"event_name":"The Library","floor":19,"gold_loss":0},{"damage_healed":0,"gold_gain":50,"player_choice":"Touch","damage_taken":8,"max_hp_gain":0,"max_hp_loss":0,"event_name":"FaceTrader","floor":20,"gold_loss":0}],"is_beta":false,"boss_relics":[{"not_picked":["Snecko Eye","SlaversCollar"],"picked":"FrozenCore"}],"items_purged_floors":[],"is_endless":false,"potions_floor_spawned":[3,13,16,18,21,22],"killed_by":"Gremlin Leader","ascension_level":19}}