{"host":"mi0eibewekhugwl1","time":1612430326,"event":{"mods":["AchievementEnabler","BaseMod","Colored Map","Colored Powertips","DeckTracker","Keyboard Shortcuts","Minty Spire (QoL Compilation)","Quick Restart","Rare Cards Sparkle","Relic Stats","StSLib","SuperFastMode","everything is the same but u backflip on backflip"],"gold_per_floor":[118,130,148,168,186,186,198,198,198],"floor_reached":8,"language":"KOR","playtime":248,"items_purged":[],"score":104,"play_id":"3e089110-25ef-472a-a7b3-ebdc12035bd5","local_time":"20210204181846","is_ascension_mode":true,"campfire_choices":[{"floor":6,"key":"REST"}],"circlet_count":0,"master_deck":["AscendersBane","Strike_P","Strike_P","Strike_P","Strike_P","Defend_P","Defend_P","Defend_P","Defend_P","Eruption","Vigilance","Deep Breath","BattleHymn","Evaluate","Study","EmptyBody"],"relics":["PureWater"],"acts_visited":["Exordium"],"potions_floor_usage":[4],"damage_taken":[{"damage":9,"enemies":"Jaw Worm","floor":1,"turns":8},{"damage":1,"enemies":"Cultist","floor":2,"turns":4},{"damage":4,"enemies":"Small Slimes","floor":3,"turns":3},{"damage":37,"enemies":"Exordium Thugs","floor":4,"turns":7},{"damage":0,"enemies":"2 Fungi Beasts","floor":5,"turns":4},{"damage":15,"enemies":"Looter","floor":7,"turns":5},{"damage":113,"enemies":"Gremlin Nob","floor":8,"turns":3}],"seed_played":"-8775360069620851975","potions_obtained":[{"floor":2,"key":"SkillPotion"},{"floor":3,"key":"FairyPotion"}],"is_trial":false,"path_per_floor":["M","M","M","M","M","R","M","E"],"character_chosen":"WATCHER","items_purchased":[],"campfire_rested":1,"item_purchase_floors":[],"current_hp_per_floor":[52,51,47,10,10,30,15,0,0],"gold":198,"neow_bonus":"RANDOM_COLORLESS","is_daily":false,"chose_seed":false,"campfire_upgraded":0,"win_rate":0.0,"timestamp":1612430326,"path_taken":["M","M","M","M","M","R","M","E"],"items_purchased_type":[],"build_version":"2020-12-22","purchased_purges":0,"victory":false,"max_hp_per_floor":[68,68,68,68,68,68,68,68,68],"relic_stats":{"counters":[7,34],"obtain_stats":[{"PureWater":0},{"PureWater":0},{"PureWater":0}]},"card_choices":[{"not_picked":["Panacea","Blind"],"picked":"Deep Breath","floor":0},{"not_picked":["FlyingSleeves","Vengeance"],"picked":"BattleHymn","floor":1},{"not_picked":["ClearTheMind","PathToVictory"],"picked":"Evaluate","floor":2},{"not_picked":["WaveOfTheHand","Evaluate"],"picked":"Study","floor":3},{"not_picked":["SashWhip","Protect"],"picked":"EmptyBody","floor":4},{"not_picked":["Collect","Indignation","Prostrate"],"picked":"SKIP","floor":5},{"not_picked":["SashWhip","Worship","Protect"],"picked":"SKIP","floor":7}],"player_experience":1782445,"relics_obtained":[],"event_choices":[],"is_beta":false,"boss_relics":[],"items_purged_floors":[],"is_endless":false,"potions_floor_spawned":[2,3],"killed_by":"Gremlin Nob","ascension_level":20}}