{"host":"l2onoeb0kdqo1a9y","time":1612406687,"event":{"mods":["AchievementEnabler","BaseMod","Colored Powertips","Highlight Path","Minty Spire (QoL Compilation)","Quick Restart"],"gold_per_floor":[144,144,189,234,279,279,324,369,369,414,394,439,484,484,484,784,784,829,904,904,904,432,522,522,567,617,617,662,707,752,797,797,1097,1097,1142,1187,637,682,682,682,682],"floor_reached":40,"language":"ZHS","playtime":2013,"items_purged":["Tempest","Clash"],"score":531,"play_id":"f21e628a-7dec-4682-a8ba-9dec9e490284","local_time":"20210204104447","daily_mods":["Insanity","Red Cards","Midas"],"is_ascension_mode":false,"campfire_choices":[{"floor":6,"key":"REST"},{"floor":15,"key":"REST"},{"floor":24,"key":"REST"},{"floor":27,"key":"REST"},{"floor":32,"key":"REST"}],"circlet_count":0,"master_deck":["Stack","Flex","Shrug It Off","Fire Breathing","Rip and Tear","Havoc","Bloodletting","Disarm","Anger","Flex","Barrage","Warcry","Barrage","Go for the Eyes","Hello World","Dual Wield","Steam","Leap","Blood for Blood+1","Warcry","Metallicize","Shrug It Off","Flame Barrier","Shrug It Off","Reckless Charge","Conserve Battery","Clothesline","Clothesline","Barrage","Wild Strike","Shrug It Off","Hologram","Cleave","Cold Snap+1","Force Field","Loop","Scrape","Whirlwind","Undo","Chaos","Chaos","Warcry","Gash","Ball Lightning","Heavy Blade","Double Energy","Warcry+1","Armaments","True Grit","Self Repair","Melter","Recycle","Infernal Blade","Armaments+1","White Noise","Cleave"],"relics":["Cracked Core","Gremlin Horn","Philosopher\u0027s Stone","Red Mask","Cables","Eternal Feather","Orichalcum","Happy Flower","Sozu","Whetstone","Akabeko","HandDrill"],"acts_visited":["Exordium","TheCity","TheBeyond"],"potions_floor_usage":[16,16,16,16,16,23,23,23,31,33,38],"damage_taken":[{"damage":0,"enemies":"Small Slimes","floor":1,"turns":2},{"damage":3,"enemies":"Cultist","floor":3,"turns":3},{"damage":0,"enemies":"2 Louse","floor":4,"turns":2},{"damage":5,"enemies":"Exordium Thugs","floor":5,"turns":4},{"damage":0,"enemies":"Looter","floor":7,"turns":3},{"damage":2,"enemies":"Large Slime","floor":8,"turns":5},{"damage":0,"enemies":"Exordium Wildlife","floor":10,"turns":3},{"damage":2,"enemies":"3 Louse","floor":12,"turns":2},{"damage":9,"enemies":"Large Slime","floor":13,"turns":6},{"damage":35,"enemies":"Hexaghost","floor":16,"turns":12},{"damage":5,"enemies":"Shell Parasite","floor":18,"turns":6},{"damage":22,"enemies":"Masked Bandits","floor":19,"turns":4},{"damage":42,"enemies":"Slavers","floor":23,"turns":6},{"damage":7,"enemies":"3 Byrds","floor":25,"turns":5},{"damage":22,"enemies":"Snake Plant","floor":28,"turns":6},{"damage":9,"enemies":"Sentry and Sphere","floor":29,"turns":3},{"damage":16,"enemies":"Chosen and Byrds","floor":30,"turns":5},{"damage":12,"enemies":"Shelled Parasite and Fungi","floor":31,"turns":5},{"damage":69,"enemies":"Collector","floor":33,"turns":9},{"damage":0,"enemies":"Orb Walker","floor":35,"turns":4},{"damage":39,"enemies":"3 Shapes","floor":36,"turns":5},{"damage":20,"enemies":"Jaw Worm Horde","floor":38,"turns":4},{"damage":29,"enemies":"Reptomancer","floor":40,"turns":3}],"seed_played":"2514053361250750194","potions_obtained":[{"floor":5,"key":"Weak Potion"},{"floor":7,"key":"Dexterity Potion"},{"floor":11,"key":"Dexterity Potion"},{"floor":13,"key":"EntropicBrew"},{"floor":18,"key":"Weak Potion"},{"floor":19,"key":"FocusPotion"},{"floor":30,"key":"SkillPotion"},{"floor":31,"key":"CultistPotion"},{"floor":33,"key":"AttackPotion"}],"is_trial":false,"path_per_floor":["M","?","M","M","M","R","M","M","T","M","?","M","M","?","R","B",null,"M","?","?","?","$","E","R","M","T","R","M","M","M","M","R","B",null,"M","M","$","M","?","E"],"character_chosen":"DEFECT","items_purchased":["Eternal Feather","Recycle","Infernal Blade","Whetstone","Akabeko","HandDrill"],"campfire_rested":5,"item_purchase_floors":[22,22,22,37,37,37],"current_hp_per_floor":[75,75,72,72,67,75,75,73,73,73,73,71,69,69,75,47,75,75,53,53,53,53,11,66,59,59,75,53,44,35,30,75,13,75,75,46,46,26,26,0,0],"gold":682,"neow_bonus":"","is_daily":true,"chose_seed":false,"campfire_upgraded":0,"win_rate":0.0,"timestamp":1612406687,"path_taken":["M","?","?","M","M","R","M","M","T","?","?","?","M","?","R","BOSS","M","?","?","?","$","E","R","?","T","R","M","M","M","M","R","BOSS","M","M","$","M","?","E"],"items_purchased_type":["Relic","Card","Card","Relic","Relic","Relic"],"build_version":"2020-12-22","purchased_purges":2,"victory":false,"max_hp_per_floor":[75,75,75,75,75,75,75,75,75,75,75,75,75,75,75,75,75,75,75,75,75,75,75,75,75,75,75,75,75,75,75,75,75,75,75,75,75,75,71,71,71],"card_choices":[{"not_picked":["Rebound","Havoc","Barrage"],"picked":"SKIP","floor":1},{"not_picked":["Wild Strike","Heavy Blade","Thunderclap"],"picked":"SKIP","floor":3},{"not_picked":["Sweeping Beam","Stack"],"picked":"Armaments","floor":4},{"not_picked":["Dual Wield","Searing Blow"],"picked":"True Grit","floor":5},{"not_picked":["Leap","Disarm","Spot Weakness"],"picked":"SKIP","floor":7},{"not_picked":["Clash","Wild Strike"],"picked":"Self Repair","floor":8},{"not_picked":["Rebound","Consume","Leap"],"picked":"SKIP","floor":10},{"not_picked":["Dark Embrace","Streamline","Clothesline"],"picked":"SKIP","floor":12},{"not_picked":["Storm","Metallicize","Coolheaded"],"picked":"SKIP","floor":13},{"not_picked":["Steam","Tempest","Warcry"],"picked":"SKIP","floor":18},{"not_picked":["Hologram","Pummel"],"picked":"Armaments+1","floor":23},{"not_picked":["Armaments","Gash"],"picked":"White Noise","floor":25},{"not_picked":["Shrug It Off","Heatsinks","Heavy Blade"],"picked":"SKIP","floor":28},{"not_picked":["Wild Strike","Heavy Blade","Limit Break"],"picked":"SKIP","floor":29},{"not_picked":["Rebound+1","Self Repair"],"picked":"Cleave","floor":30},{"not_picked":["Armaments","Heatsinks","Wild Strike"],"picked":"SKIP","floor":31},{"not_picked":["Thunderclap","Wild Strike","Body Slam"],"picked":"SKIP","floor":35},{"not_picked":["Heavy Blade+1","Combust","Sword Boomerang+1"],"picked":"SKIP","floor":36},{"not_picked":["Capacitor","Go for the Eyes+1","Loop"],"picked":"SKIP","floor":38}],"player_experience":131350,"relics_obtained":[{"floor":9,"key":"Gremlin Horn"},{"floor":19,"key":"Red Mask"},{"floor":23,"key":"Orichalcum"},{"floor":26,"key":"Happy Flower"}],"event_choices":[{"damage_healed":0,"gold_gain":0,"player_choice":"Forge","damage_taken":0,"max_hp_gain":0,"max_hp_loss":0,"event_name":"Accursed Blacksmith","floor":2,"gold_loss":0,"cards_upgraded":["Warcry"]},{"damage_healed":0,"gold_gain":0,"player_choice":"Bought 1 Potion","damage_taken":0,"max_hp_gain":0,"max_hp_loss":0,"event_name":"The Woman in Blue","floor":11,"gold_loss":0},{"cards_removed":["Genetic Algorithm"],"damage_healed":0,"gold_gain":0,"player_choice":"Card Removal","damage_taken":0,"max_hp_gain":0,"max_hp_loss":0,"event_name":"Wheel of Change","floor":14,"gold_loss":0},{"damage_healed":0,"gold_gain":0,"player_choice":"Fought Bandits","damage_taken":0,"max_hp_gain":0,"max_hp_loss":0,"event_name":"Masked Bandits","floor":19,"gold_loss":0},{"damage_healed":0,"gold_gain":0,"player_choice":"Read","damage_taken":0,"max_hp_gain":0,"max_hp_loss":0,"event_name":"The Library","floor":20,"gold_loss":0,"cards_obtained":["Melter"]},{"damage_healed":0,"gold_gain":0,"player_choice":"Opened","damage_taken":0,"relics_obtained":["Cables"],"max_hp_gain":0,"max_hp_loss":0,"event_name":"The Mausoleum","floor":21,"gold_loss":0},{"damage_healed":0,"gold_gain":0,"player_choice":"Max HP","damage_taken":0,"max_hp_gain":0,"max_hp_loss":4,"event_name":"Winding Halls","floor":39,"gold_loss":0}],"is_beta":false,"boss_relics":[{"not_picked":["Empty Cage","Runic Dome"],"picked":"Philosopher\u0027s Stone"},{"not_picked":["SacredBark","Nuclear Battery"],"picked":"Sozu"}],"items_purged_floors":[22,37],"is_endless":false,"potions_floor_spawned":[5,7,12,13,18,19,30,31,33,35,38],"killed_by":"Reptomancer","ascension_level":0}}