{"host":"8z0h4areh8sio1k0","time":1612421533,"event":{"mods":["Aspiration","BaseMod","Colored Map","Conspire","Hubris","Infinite Spire","Minty Spire (QoL Compilation)","Replay The Spire","StSLib","TestMod","The Bug Knight"],"gold_per_floor":[112,112,112,131,131,131,141,176,176],"floor_reached":8,"language":"ZHS","playtime":224,"items_purged":[],"score":112,"play_id":"a7e308d3-d1b0-4379-9775-a0ccff3087e9","local_time":"20210204145213","is_ascension_mode":true,"campfire_choices":[{"data":"Zap","floor":6,"key":"SMITH"}],"circlet_count":0,"master_deck":["AscendersBane","Strike_B","Strike_B","Strike_B","Strike_B","Defend_B","Defend_B","Defend_B","Defend_B","Zap+1","Dualcast","Cold Snap","Tempest"],"relics":["Cracked Core","testmod-TestBox","aspiration:Nostalgia","Sizzling Blood","hubris:Towel","infinitespire:Beetle Shell"],"acts_visited":["Exordium"],"potions_floor_usage":[8],"damage_taken":[{"damage":1,"enemies":"Cultist","floor":1,"turns":4},{"damage":4,"enemies":"2 Louse","floor":4,"turns":4},{"damage":7,"enemies":"Jaw Worm","floor":7,"turns":3},{"damage":31,"enemies":"3 Sentries","floor":8,"turns":6}],"seed_played":"8780611976482014288","potions_obtained":[{"floor":5,"key":"Strength Potion"},{"floor":5,"key":"Energy Potion"},{"floor":8,"key":"Ancient Potion"}],"is_trial":false,"path_per_floor":["M","?","?","M","?","R","M","E"],"character_chosen":"DEFECT","items_purchased":[],"campfire_rested":0,"item_purchase_floors":[],"current_hp_per_floor":[71,71,71,71,71,71,68,41,41],"gold":176,"neow_bonus":"NOSTALGIA","is_daily":false,"chose_seed":false,"campfire_upgraded":1,"win_rate":0.0,"timestamp":1612421533,"path_taken":["M","?","?","M","?","R","M","E"],"items_purchased_type":[],"build_version":"2020-12-22","purchased_purges":0,"victory":false,"max_hp_per_floor":[75,75,75,75,75,75,75,75,75],"card_choices":[{"not_picked":["Steam Power","Rebound"],"picked":"Cold Snap","floor":1},{"not_picked":["Conserve Battery","Heatsinks","Blizzard"],"picked":"SKIP","floor":4},{"not_picked":["Redo","aspiration:Polymerization"],"picked":"Tempest","floor":7},{"not_picked":["Reprogram","Conserve Battery","Beam Cell"],"picked":"SKIP","floor":8}],"player_experience":498313,"relics_obtained":[{"floor":8,"key":"infinitespire:Beetle Shell"}],"event_choices":[{"damage_healed":0,"gold_gain":0,"player_choice":"Got Potions","damage_taken":0,"max_hp_gain":0,"max_hp_loss":0,"event_name":"Lab","floor":5,"gold_loss":0}],"is_beta":false,"boss_relics":[],"items_purged_floors":[],"is_endless":false,"potions_floor_spawned":[8],"killed_by":"3 Sentries","ascension_level":20}}