{"host":"wshh0nphwn6jv7vj","time":1612457285,"event":{"mods":["BaseMod","Bestiary","Minty Spire (QoL Compilation)","Relic Stats"],"gold_per_floor":[114,114,131,131,56,95,133,133,160,209,277,277,35,35,35,159,159,209,4,55,55,106,140,140,140,140],"floor_reached":25,"language":"ENG","playtime":993,"items_purged":["Strike_P","Strike_P"],"score":470,"play_id":"ac9e8ccb-2323-4b82-be81-76f3c579296f","local_time":"20210204114805","is_ascension_mode":true,"campfire_choices":[{"data":"TalkToTheHand","floor":8,"key":"SMITH"},{"floor":12,"key":"REST"},{"data":"Wish","floor":15,"key":"SMITH"},{"floor":24,"key":"REST"}],"circlet_count":0,"master_deck":["AscendersBane","Strike_P+1","Defend_P","Defend_P","Defend_P","Defend_P","Eruption","Vigilance","TalkToTheHand+1","FlurryOfBlows","Wish+1","Tantrum","CrushJoints","FlurryOfBlows","Vault","TalkToTheHand","Trip","Perseverance","Writhe","Sanctity","WaveOfTheHand+1"],"relics":["PureWater","NeowsBlessing","Golden Idol","Bag of Marbles","Toy Ornithopter","StoneCalendar","Lee\u0027s Waffle","Runic Pyramid","Gremlin Horn","Orichalcum"],"acts_visited":["Exordium","TheCity"],"potions_floor_usage":[7,16,18,20,25],"damage_taken":[{"damage":0,"enemies":"2 Louse","floor":1,"turns":1},{"damage":0,"enemies":"Cultist","floor":3,"turns":1},{"damage":0,"enemies":"Lagavulin","floor":6,"turns":1},{"damage":2,"enemies":"Small Slimes","floor":7,"turns":4},{"damage":12,"enemies":"3 Louse","floor":10,"turns":4},{"damage":17,"enemies":"Gremlin Nob","floor":11,"turns":4},{"damage":44,"enemies":"Hexaghost","floor":16,"turns":7},{"damage":16,"enemies":"2 Thieves","floor":18,"turns":3},{"damage":19,"enemies":"Shell Parasite","floor":20,"turns":4},{"damage":2,"enemies":"Centurion and Healer","floor":22,"turns":7},{"damage":32,"enemies":"Book of Stabbing","floor":23,"turns":7},{"damage":67,"enemies":"Snecko","floor":25,"turns":8}],"seed_played":"-1159047491820708120","potions_obtained":[{"floor":6,"key":"Energy Potion"},{"floor":7,"key":"Ancient Potion"},{"floor":10,"key":"GamblersBrew"},{"floor":11,"key":"Block Potion"},{"floor":16,"key":"Energy Potion"},{"floor":20,"key":"BlessingOfTheForge"},{"floor":23,"key":"Regen Potion"}],"is_trial":false,"path_per_floor":["M","?","M","?","?","E","M","R","T","M","E","R","$","T","R","B",null,"M","$","M","?","M","E","R","M"],"character_chosen":"WATCHER","items_purchased":["Lee\u0027s Waffle","Trip"],"campfire_rested":2,"item_purchase_floors":[13,19],"current_hp_per_floor":[61,61,61,38,38,38,36,36,36,24,7,27,75,75,75,31,64,53,53,39,39,37,5,27,0,0],"gold":140,"neow_bonus":"THREE_ENEMY_KILL","is_daily":false,"chose_seed":false,"campfire_upgraded":2,"win_rate":0.0,"timestamp":1612457285,"path_taken":["M","?","?","?","?","E","M","R","T","M","E","R","$","?","R","BOSS","M","?","M","?","M","E","R","M"],"items_purchased_type":["Relic","Card"],"build_version":"2020-12-22","purchased_purges":2,"victory":false,"max_hp_per_floor":[68,68,68,68,68,68,68,68,68,68,68,68,75,75,75,75,75,75,75,75,75,75,75,75,75,75],"relic_stats":{"Lee\u0027s Waffle":48,"Gremlin Horn":[1,1],"counters":[12,51],"Golden Idol":63,"StoneCalendar":[52],"Orichalcum":[12],"obtain_stats":[{"Lee\u0027s Waffle":13,"NeowsBlessing":0,"Gremlin Horn":21,"Golden Idol":4,"StoneCalendar":11,"Bag of Marbles":6,"PureWater":0,"Orichalcum":23,"Toy Ornithopter":9,"Runic Pyramid":17},{"Lee\u0027s Waffle":6,"NeowsBlessing":0,"Gremlin Horn":9,"Golden Idol":2,"StoneCalendar":6,"Bag of Marbles":3,"PureWater":0,"Orichalcum":11,"Toy Ornithopter":4,"Runic Pyramid":7},{"Lee\u0027s Waffle":15,"NeowsBlessing":0,"Gremlin Horn":29,"Golden Idol":2,"StoneCalendar":15,"Bag of Marbles":3,"PureWater":0,"Orichalcum":43,"Toy Ornithopter":7,"Runic Pyramid":22}],"Toy Ornithopter":15},"card_choices":[{"not_picked":["EmptyFist","InnerPeace"],"picked":"TalkToTheHand","floor":1},{"not_picked":["InnerPeace","SashWhip"],"picked":"FlurryOfBlows","floor":3},{"not_picked":["Worship","WreathOfFlame"],"picked":"Wish","floor":6},{"not_picked":["ReachHeaven","BowlingBash"],"picked":"Tantrum","floor":7},{"not_picked":["EmptyBody","Prostrate"],"picked":"CrushJoints","floor":10},{"not_picked":["Wireheading","Pray"],"picked":"FlurryOfBlows","floor":11},{"not_picked":["MasterReality","SpiritShield"],"picked":"Vault","floor":16},{"not_picked":["Prostrate+1","JustLucky"],"picked":"TalkToTheHand","floor":18},{"not_picked":["BattleHymn","CutThroughFate"],"picked":"Perseverance","floor":20},{"not_picked":["FlyingSleeves","CrushJoints"],"picked":"Sanctity","floor":22},{"not_picked":["Collect+1","Crescendo"],"picked":"WaveOfTheHand+1","floor":23}],"player_experience":1641815,"relics_obtained":[{"floor":6,"key":"Bag of Marbles"},{"floor":9,"key":"Toy Ornithopter"},{"floor":11,"key":"StoneCalendar"},{"floor":23,"key":"Orichalcum"}],"event_choices":[{"damage_healed":0,"gold_gain":0,"player_choice":"Upgraded","damage_taken":0,"max_hp_gain":0,"max_hp_loss":0,"event_name":"Upgrade Shrine","floor":2,"gold_loss":0,"cards_upgraded":["Strike_P"]},{"damage_healed":0,"gold_gain":0,"player_choice":"Take Damage","damage_taken":23,"relics_obtained":["Golden Idol"],"max_hp_gain":0,"max_hp_loss":0,"event_name":"Golden Idol","floor":4,"gold_loss":0},{"cards_removed":["Strike_P"],"damage_healed":0,"gold_gain":0,"player_choice":"Card Removal","damage_taken":0,"max_hp_gain":0,"max_hp_loss":0,"event_name":"The Cleric","floor":5,"gold_loss":75},{"damage_healed":0,"gold_gain":0,"player_choice":"Opened","damage_taken":0,"relics_obtained":["Gremlin Horn"],"max_hp_gain":0,"max_hp_loss":0,"event_name":"The Mausoleum","floor":21,"gold_loss":0,"cards_obtained":["Writhe"]}],"is_beta":false,"boss_relics":[{"not_picked":["Black Star","Pandora\u0027s Box"],"picked":"Runic Pyramid"}],"items_purged_floors":[13,19],"is_endless":false,"potions_floor_spawned":[6,7,10,11,16,20,23],"killed_by":"Snecko","ascension_level":17}}