{"host":"rwmcmr2m88k7tuzm","time":1612402786,"event":{"mods":["Aspiration","BaseMod","BetterRewards","Conspire","Downfall","Hubris","Infinite Spire","Minty Spire (QoL Compilation)","Quick Restart","Replay The Spire","Shop Mod","StSLib","SuperFastMode","The Hayseed"],"gold_per_floor":[113,171,182,200,218,218,218,218,218,234,234,249,268,270,270,389,389,419,443,445,461,392,392,414,428,428,469,469,469,469,469,469,492,492,604,604,627,655,655,675,699,699,725,725,777,787,787],"floor_reached":46,"language":"ENG","playtime":1028,"items_purged":[],"score":459,"play_id":"dac7f2b4-ee2a-4d1b-942c-0c954532d91f","local_time":"20210204013946","is_ascension_mode":false,"campfire_choices":[{"floor":6,"key":"REST"},{"floor":8,"key":"REST"},{"data":"infinitespire:Starlight","floor":11,"key":"SMITH"},{"data":"Offering","floor":15,"key":"SMITH"},{"floor":23,"key":"REST"},{"floor":28,"key":"REST"},{"floor":30,"key":"REST"},{"data":"Demon Form","floor":34,"key":"SMITH"},{"floor":42,"key":"REST"},{"floor":44,"key":"REST"}],"circlet_count":0,"master_deck":["Strike_R","Strike_R","Strike_R","Strike_R","Defend_R","Defend_R","Bash","Shrug It Off","Shrug It Off","Thunderclap","Cleave","Cleave","Cleave","Offering+1","infinitespire:Starlight+1","Cleave","Demon Form+1","Carnage+1","Battle Trance+1","Anger+1","Sword Boomerang+1","Life Link+1","Inflame","Sword Boomerang+1","Demon Form"],"relics":["Burning Blood","Ginger","Toy Ornithopter","Chemical X","ReplayFunnel","infinitespire:Midas Blood","Blue Candle","Astrolabe","aspiration:RitualStick","ReplayTheSpireMod:TigerMarble","CaptainsWheel","Dream Catcher","Happy Flower","SacredBark","ReplayTheSpireMod:Spearhead"],"acts_visited":["Exordium","TheCity","TheBeyond"],"potions_floor_usage":[35,40,40,40,46],"damage_taken":[{"damage":9,"enemies":"Jaw Worm","floor":1,"turns":4},{"damage":0,"enemies":"2 Louse","floor":3,"turns":3},{"damage":6,"enemies":"Cultist","floor":4,"turns":3},{"damage":6,"enemies":"Large Slime","floor":5,"turns":4},{"damage":18,"enemies":"Blue Slaver","floor":10,"turns":3},{"damage":0,"enemies":"2 Fungi Beasts","floor":12,"turns":1},{"damage":0,"enemies":"Lots of Slimes","floor":13,"turns":1},{"damage":48,"enemies":"Fading Forest","floor":16,"turns":11},{"damage":13,"enemies":"conspire:FuzzyDice","floor":18,"turns":3},{"damage":46,"enemies":"2 Thieves","floor":19,"turns":3},{"damage":40,"enemies":"Snecko","floor":21,"turns":5},{"damage":32,"enemies":"Snake Plant","floor":24,"turns":4},{"damage":14,"enemies":"Centurion and Healer","floor":25,"turns":2},{"damage":12,"enemies":"Replay:Snechameleon","floor":27,"turns":4},{"damage":39,"enemies":"Collector","floor":35,"turns":5},{"damage":20,"enemies":"Orb Walker","floor":37,"turns":3},{"damage":33,"enemies":"3 Darklings","floor":38,"turns":2},{"damage":35,"enemies":"Jaw Worm Horde","floor":40,"turns":3},{"damage":38,"enemies":"Spire Growth","floor":41,"turns":3},{"damage":64,"enemies":"Maw","floor":43,"turns":5},{"damage":41,"enemies":"Writhing Mass","floor":46,"turns":2}],"seed_played":"-4170175197195691408","potions_obtained":[{"floor":2,"key":"conspire:TimeTravelPotion"},{"floor":2,"key":"Cursed Concoction"},{"floor":3,"key":"BlessingOfTheForge"},{"floor":19,"key":"LiquidBronze"},{"floor":38,"key":"Reflective Coating"},{"floor":40,"key":"Strength Potion"}],"is_trial":false,"path_per_floor":["M","?","M","M","M","R","?","R","T","M","R","M","M","?","R","B",null,"M","M","?","M","?","R","M","M","T","E","R","?","R","PTL","PTL","T","R","B",null,"M","M","?","M","M","R","M","R","T","M"],"character_chosen":"IRONCLAD","items_purchased":["Ginger","Toy Ornithopter","Chemical X","Shrug It Off","Thunderclap","Cleave"],"campfire_rested":7,"item_purchase_floors":[0,0,0,0,0,0],"current_hp_per_floor":[41,41,47,47,47,71,51,75,75,73,73,79,80,75,75,58,80,80,55,39,20,20,44,33,25,25,34,58,58,80,80,80,80,80,62,80,66,54,54,46,29,53,10,34,34,0,0],"gold":787,"neow_bonus":"","is_daily":false,"chose_seed":false,"campfire_upgraded":3,"win_rate":0.0,"timestamp":1612402786,"path_taken":["M","?","M","M","M","R","?","R","T","M","R","M","M","?","R","BOSS","M","M","?","M","?","R","?","M","T","E","R","?","R","PTL","PTL","?","R","BOSS","M","M","?","?","M","R","M","R","T","?"],"items_purchased_type":["Relic","Relic","Relic","Card","Card","Card"],"build_version":"2020-12-22","purchased_purges":0,"victory":false,"max_hp_per_floor":[80,80,80,80,80,80,80,80,80,80,80,80,80,80,80,80,80,80,80,80,80,80,80,80,80,80,80,80,80,80,80,80,80,80,80,80,80,80,80,80,80,80,80,80,80,80,80],"card_choices":[{"not_picked":["Thunderclap","ReplayTheSpireMod:Corrosion Curse"],"picked":"Cleave","floor":1},{"not_picked":["ReplayTheSpireMod:Corrosion Curse","Run Through"],"picked":"Cleave","floor":2},{"not_picked":["Iron Wave","Heavy Blade","Havoc"],"picked":"SKIP","floor":3},{"not_picked":["Pommel Strike","Replay:Undeath\u0027s Touch"],"picked":"Offering","floor":4},{"not_picked":["Headbutt","Twin Strike"],"picked":"Thunderclap","floor":5},{"not_picked":["infinitespire:Collect","infinitespire:TheBestDefense"],"picked":"infinitespire:Starlight","floor":7},{"not_picked":["Run Through","Eclipse","Havoc"],"picked":"SKIP","floor":10},{"not_picked":["Sentinel","Intimidate"],"picked":"Cleave","floor":12},{"not_picked":["Blood for Blood","Power Through","Disarm"],"picked":"SKIP","floor":13},{"not_picked":["Limit Break","Impervious"],"picked":"Demon Form","floor":16},{"not_picked":["Dual Wield","Body Slam","Twin Strike"],"picked":"SKIP","floor":18},{"not_picked":["conspire:ExplosiveBarrier","Massacre+1"],"picked":"Sword Boomerang+1","floor":19},{"not_picked":["Pommel Strike","ReplayTheSpireMod:Stacked+1"],"picked":"Life Link+1","floor":21},{"not_picked":["Anger","Armaments","Perfected Strike"],"picked":"SKIP","floor":24},{"not_picked":["Anger","Armaments","Perfected Strike"],"picked":"SKIP","floor":24},{"not_picked":["Perfected Strike","Body Slam"],"picked":"Inflame","floor":25},{"not_picked":["Sword Boomerang","Wild Strike+1","Entrench"],"picked":"SKIP","floor":27},{"not_picked":["Pommel Strike","Warcry+1"],"picked":"Sword Boomerang+1","floor":30},{"not_picked":["Barricade","Impervious"],"picked":"Demon Form","floor":35},{"not_picked":["Defy Death+1","Abandon","Shrug It Off"],"picked":"SKIP","floor":37},{"not_picked":["conspire:Charge","Power Through","Clothesline+1"],"picked":"SKIP","floor":38},{"not_picked":["hubris:CleavingFinish+1","Armaments+1","Perfected Strike"],"picked":"SKIP","floor":40},{"not_picked":["Havoc","Body Slam","Clothesline"],"picked":"SKIP","floor":41},{"not_picked":["Warcry","Replay:Many Hands","Havoc"],"picked":"SKIP","floor":43}],"player_experience":196195,"relics_obtained":[{"floor":2,"key":"ReplayFunnel"},{"floor":9,"key":"infinitespire:Midas Blood"},{"floor":26,"key":"CaptainsWheel"},{"floor":27,"key":"Dream Catcher"},{"floor":33,"key":"Happy Flower"},{"floor":45,"key":"ReplayTheSpireMod:Spearhead"}],"event_choices":[{"damage_healed":0,"gold_gain":0,"player_choice":"Paid Gold","damage_taken":0,"relics_obtained":["ReplayTheSpireMod:TigerMarble"],"max_hp_gain":0,"max_hp_loss":0,"event_name":"WeMeetAgain","floor":22,"gold_loss":69},{"damage_healed":0,"gold_gain":0,"player_choice":"Ignored","damage_taken":0,"max_hp_gain":0,"max_hp_loss":0,"event_name":"SecretPortal","floor":39,"gold_loss":0}],"is_beta":false,"boss_relics":[{"not_picked":["aspiration:FutureDiary","ReplayTheSpireMod:DimensionalGlitch"],"picked":"Astrolabe"},{"not_picked":["Runic Cube","Runic Pyramid"],"picked":"SacredBark"}],"items_purged_floors":[],"is_endless":false,"potions_floor_spawned":[3,4,12,16,19,21,25,38,40],"killed_by":"Writhing Mass","ascension_level":0}}