{"host":"06gxn1c1bsk424jw","time":1612458487,"event":{"mods":["BaseMod","DeckTracker","Minty Spire (QoL Compilation)","SuperFastMode"],"gold_per_floor":[119,137,152,152,169,204,204,221,303,322,340,370,370,445,445,540,590,610,61,61,80,99,128,128,147,147,177,24,24,53,71,71,175,175,189,189,199,199,199,232,251,286,367,151,170,205,260,289,289,289],"floor_reached":51,"language":"KOR","playtime":4884,"items_purged":["Strike_G"],"score":1639,"play_id":"8e8f7ea6-0519-4fe9-8475-d9beed46403a","local_time":"20210205020807","is_ascension_mode":true,"campfire_choices":[{"floor":7,"key":"REST"},{"data":"Accuracy","floor":13,"key":"SMITH"},{"data":"Glass Knife","floor":15,"key":"SMITH"},{"data":"Malaise","floor":24,"key":"SMITH"},{"data":"Leg Sweep","floor":29,"key":"SMITH"},{"data":"Infinite Blades","floor":32,"key":"SMITH"},{"data":"Cloak And Dagger","floor":49,"key":"SMITH"}],"circlet_count":0,"master_deck":["AscendersBane","Strike_G","Strike_G","Strike_G","Defend_G","Defend_G","Defend_G","Defend_G","Defend_G","Survivor","Neutralize+1","Blade Dance","Dodge and Roll","Dagger Spray+1","Cloak And Dagger+1","Dash","Skewer","Glass Knife+1","Leg Sweep+1","Accuracy+1","Malaise+1","Backflip","Infinite Blades+1","Accuracy+1","Blade Dance+1","Dodge and Roll+1","Adrenaline+1","Backflip+1","Concentrate+1","Accuracy","Accuracy","Dodge and Roll+1","Burst+1","Blade Dance+1","Leg Sweep+1","Calculated Gamble+1","Tactician+1","Blade Dance+1","Cloak And Dagger+1","Footwork","Outmaneuver+1","Blur+1","Reflex+1"],"relics":["Ring of the Snake","Eternal Feather","Kunai","Torii","Tiny House","Toxic Egg 2","Lantern","TwistedFunnel","Pen Nib","Mercury Hourglass","Mummified Hand","FossilizedHelix","SlaversCollar","Paper Crane","Smiling Mask","Bottled Flame","Shuriken","MealTicket","Prayer Wheel","HornCleat"],"acts_visited":["Exordium","TheCity","TheBeyond"],"potions_floor_usage":[11,33,50],"damage_taken":[{"damage":0,"enemies":"2 Louse","floor":1,"turns":4},{"damage":2,"enemies":"Jaw Worm","floor":2,"turns":5},{"damage":1,"enemies":"Cultist","floor":3,"turns":4},{"damage":5,"enemies":"Red Slaver","floor":5,"turns":6},{"damage":40,"enemies":"Gremlin Nob","floor":6,"turns":5},{"damage":3,"enemies":"Lots of Slimes","floor":8,"turns":3},{"damage":0,"enemies":"Exordium Wildlife","floor":10,"turns":3},{"damage":0,"enemies":"2 Fungi Beasts","floor":11,"turns":2},{"damage":7,"enemies":"3 Sentries","floor":12,"turns":7},{"damage":2,"enemies":"Slime Boss","floor":16,"turns":11},{"damage":2,"enemies":"Shell Parasite","floor":18,"turns":7},{"damage":1,"enemies":"Chosen","floor":21,"turns":5},{"damage":2,"enemies":"Snake Plant","floor":22,"turns":3},{"damage":2,"enemies":"Gremlin Leader","floor":23,"turns":7},{"damage":1,"enemies":"Centurion and Healer","floor":25,"turns":5},{"damage":2,"enemies":"Book of Stabbing","floor":27,"turns":4},{"damage":0,"enemies":"Gremlin Leader","floor":30,"turns":6},{"damage":0,"enemies":"Cultist and Chosen","floor":31,"turns":5},{"damage":0,"enemies":"Automaton","floor":33,"turns":6},{"damage":0,"enemies":"3 Darklings","floor":35,"turns":4},{"damage":15,"enemies":"3 Shapes","floor":37,"turns":4},{"damage":0,"enemies":"Giant Head","floor":40,"turns":7},{"damage":0,"enemies":"Transient","floor":41,"turns":5},{"damage":9,"enemies":"Reptomancer","floor":42,"turns":6},{"damage":1,"enemies":"4 Shapes","floor":45,"turns":2},{"damage":0,"enemies":"Giant Head","floor":46,"turns":4},{"damage":1,"enemies":"2 Orb Walkers","floor":47,"turns":4},{"damage":0,"enemies":"Nemesis","floor":48,"turns":5},{"damage":30,"enemies":"Awakened One","floor":50,"turns":9}],"seed_played":"2705397424224043153","potions_obtained":[{"floor":2,"key":"FairyPotion"},{"floor":5,"key":"LiquidMemories"},{"floor":17,"key":"SmokeBomb"},{"floor":21,"key":"Weak Potion"},{"floor":27,"key":"Explosive Potion"},{"floor":30,"key":"Swift Potion"},{"floor":33,"key":"AttackPotion"},{"floor":35,"key":"PowerPotion"}],"is_trial":false,"path_per_floor":["M","M","M","?","M","E","R","M","T","M","M","E","R","?","R","B",null,"M","$","?","M","M","E","R","M","T","E","$","R","E","M","R","B",null,"M","T","M","?","?","E","M","E","T","$","M","E","?","E","R","B",null],"character_chosen":"THE_SILENT","items_purchased":["Toxic Egg 2","Lantern","TwistedFunnel","Concentrate+1","Accuracy","Cloak And Dagger+1","Footwork","Outmaneuver+1"],"campfire_rested":1,"item_purchase_floors":[19,19,19,28,28,44,44,44],"current_hp_per_floor":[63,61,60,60,55,15,45,42,42,42,42,35,47,36,48,46,69,67,67,67,66,64,62,75,74,74,72,72,75,75,75,75,75,75,75,75,60,60,60,60,60,51,51,51,50,50,49,49,73,43],"gold":289,"neow_bonus":"UPGRADE_CARD","is_daily":false,"chose_seed":false,"campfire_upgraded":6,"win_rate":0.0,"timestamp":1612458487,"path_taken":["M","M","M","?","M","E","R","M","T","M","M","E","R","?","R","BOSS","M","$","?","M","M","E","R","?","T","E","?","R","E","?","R","BOSS","M","?","M","?","?","E","?","E","T","$","M","E","?","E","R","BOSS"],"items_purchased_type":["Relic","Relic","Relic","Card","Card","Card","Card","Card"],"build_version":"2020-12-22","purchased_purges":1,"victory":true,"max_hp_per_floor":[70,70,70,70,70,70,70,70,70,70,70,70,70,70,70,70,75,75,75,75,75,75,75,75,75,75,75,75,75,75,75,75,75,75,75,75,75,75,75,75,75,75,75,75,75,75,75,75,75,75],"card_choices":[{"not_picked":["Flying Knee","Blur"],"picked":"Blade Dance","floor":1},{"not_picked":["Sucker Punch","Deadly Poison"],"picked":"Dodge and Roll","floor":2},{"not_picked":["Distraction","Flying Knee"],"picked":"Dagger Spray","floor":3},{"not_picked":["Underhanded Strike","Eviscerate"],"picked":"Cloak And Dagger","floor":5},{"not_picked":["Infinite Blades","Poisoned Stab"],"picked":"Dash","floor":6},{"not_picked":["Acrobatics","PiercingWail"],"picked":"Skewer","floor":8},{"not_picked":["Dagger Spray","Deadly Poison"],"picked":"Glass Knife","floor":10},{"not_picked":["Blade Dance","Deadly Poison"],"picked":"Leg Sweep","floor":11},{"not_picked":["Footwork","Eviscerate"],"picked":"Accuracy","floor":12},{"not_picked":["Storm of Steel","Grand Finale"],"picked":"Malaise","floor":16},{"not_picked":["Bane","Slice"],"picked":"Backflip","floor":17},{"not_picked":["Setup","Slice"],"picked":"Infinite Blades","floor":18},{"not_picked":["Acrobatics+1","Skewer"],"picked":"Blade Dance+1","floor":21},{"not_picked":["Predator","Bane"],"picked":"Dodge and Roll+1","floor":22},{"not_picked":["Bane","Backflip+1"],"picked":"Adrenaline+1","floor":23},{"not_picked":["Prepared+1","Dash"],"picked":"Backflip+1","floor":25},{"not_picked":["Prepared+1","Dagger Spray","Unload"],"picked":"SKIP","floor":27},{"not_picked":["Deflect+1","Grand Finale"],"picked":"Accuracy","floor":30},{"not_picked":["Underhanded Strike","Poisoned Stab"],"picked":"Dodge and Roll+1","floor":31},{"not_picked":["Tools of the Trade","After Image"],"picked":"Burst+1","floor":33},{"not_picked":["Dagger Spray+1","Catalyst+1"],"picked":"Blade Dance+1","floor":35},{"not_picked":["Quick Slash","Flying Knee"],"picked":"Leg Sweep+1","floor":37},{"not_picked":["Poisoned Stab","Tools of the Trade"],"picked":"Calculated Gamble+1","floor":40},{"not_picked":["Bouncing Flask+1","Deadly Poison+1"],"picked":"Tactician+1","floor":41},{"not_picked":["Setup+1","Prepared+1"],"picked":"Blade Dance+1","floor":42},{"not_picked":["Flying Knee+1","Dagger Throw","Dodge and Roll+1"],"picked":"SKIP","floor":45},{"not_picked":["Deflect+1","Dodge and Roll+1"],"picked":"Blur+1","floor":46},{"not_picked":["Backstab","Well Laid Plans"],"picked":"Reflex+1","floor":48}],"player_experience":740790,"relics_obtained":[{"floor":6,"key":"Eternal Feather"},{"floor":9,"key":"Kunai"},{"floor":12,"key":"Torii"},{"floor":23,"key":"Pen Nib"},{"floor":26,"key":"Mercury Hourglass"},{"floor":27,"key":"Mummified Hand"},{"floor":30,"key":"FossilizedHelix"},{"floor":36,"key":"Paper Crane"},{"floor":40,"key":"Smiling Mask"},{"floor":42,"key":"Bottled Flame"},{"floor":43,"key":"Shuriken"},{"floor":46,"key":"MealTicket"},{"floor":47,"key":"Prayer Wheel"},{"floor":48,"key":"HornCleat"}],"event_choices":[{"damage_healed":0,"gold_gain":0,"player_choice":"Ignored","damage_taken":0,"max_hp_gain":0,"max_hp_loss":0,"event_name":"Liars Game","floor":4,"gold_loss":0},{"damage_healed":0,"gold_gain":75,"player_choice":"Gather Gold","damage_taken":11,"max_hp_gain":0,"max_hp_loss":0,"event_name":"World of Goop","floor":14,"gold_loss":0},{"damage_healed":0,"gold_gain":0,"player_choice":"Copied","damage_taken":0,"max_hp_gain":0,"max_hp_loss":0,"event_name":"Duplicator","floor":20,"gold_loss":0,"cards_obtained":["Accuracy"]},{"damage_healed":0,"gold_gain":0,"player_choice":"Ignored","damage_taken":0,"max_hp_gain":0,"max_hp_loss":0,"event_name":"Tomb of Lord Red Mask","floor":38,"gold_loss":0},{"cards_removed":["Strike_G"],"damage_healed":0,"gold_gain":0,"player_choice":"Removed Attack","damage_taken":0,"max_hp_gain":0,"max_hp_loss":0,"event_name":"Falling","floor":39,"gold_loss":0},{"damage_healed":0,"gold_gain":0,"player_choice":"Fight","damage_taken":0,"max_hp_gain":0,"max_hp_loss":0,"event_name":"Mysterious Sphere","floor":47,"gold_loss":0}],"is_beta":false,"boss_relics":[{"not_picked":["Coffee Dripper","Ring of the Serpent"],"picked":"Tiny House"},{"not_picked":["HoveringKite","WristBlade"],"picked":"SlaversCollar"}],"items_purged_floors":[44],"is_endless":false,"potions_floor_spawned":[2,5,10,21,27,30,31,33,35,45,46,48],"ascension_level":12}}