{"host":"sav7uxregyirlf69","time":1612406118,"event":{"mods":["AchievementEnabler","BaseMod","Colored Map","DeckTracker","Keyboard Shortcuts","Minty Spire (QoL Compilation)","READ ME - Guardian Mod","StSLib","SuperFastMode"],"gold_per_floor":[362,373,46,62,73,103,103,133,133,77,97,97,97,425,425,425,425],"floor_reached":16,"language":"KOR","playtime":247,"items_purged":[],"score":240,"play_id":"a5881d9e-7717-49dd-935b-377416660fdf","local_time":"20210204113518","is_ascension_mode":true,"campfire_choices":[{"data":"Perfected Strike","floor":7,"key":"SMITH"},{"data":"Perfected Strike","floor":12,"key":"SMITH"},{"data":"Body Slam","floor":15,"key":"SMITH"}],"circlet_count":0,"master_deck":["AscendersBane","Strike_R","Strike_R","Strike_R","Strike_R","Strike_R","Defend_R","Defend_R","Defend_R","Defend_R","Bash","Wild Strike","Perfected Strike+1","Shrug It Off","Perfected Strike+1","Warcry+1","Second Wind+1","Body Slam+1"],"relics":["Burning Blood","Happy Flower","Juzu Bracelet","PreservedInsect","Toxic Egg 2","Old Coin"],"acts_visited":["Exordium"],"potions_floor_usage":[8,11,16,16],"damage_taken":[{"damage":7,"enemies":"2 Louse","floor":1,"turns":2},{"damage":6,"enemies":"Cultist","floor":2,"turns":3},{"damage":12,"enemies":"Jaw Worm","floor":4,"turns":2},{"damage":7,"enemies":"Looter","floor":5,"turns":3},{"damage":29,"enemies":"3 Sentries","floor":6,"turns":7},{"damage":14,"enemies":"Lagavulin","floor":8,"turns":6},{"damage":9,"enemies":"Lots of Slimes","floor":11,"turns":5},{"damage":8,"enemies":"3 Sentries","floor":14,"turns":4},{"damage":27,"enemies":"Hexaghost","floor":16,"turns":7}],"seed_played":"-1974817604463396115","potions_obtained":[{"floor":8,"key":"FearPotion"},{"floor":11,"key":"LiquidMemories"}],"is_trial":false,"path_per_floor":["M","M","$","M","M","E","R","E","T","$","M","R","?","E","R","B"],"character_chosen":"IRONCLAD","items_purchased":["Happy Flower","Shrug It Off","Energy Potion","Block Potion","Warcry+1"],"campfire_rested":0,"item_purchase_floors":[3,3,3,3,10],"current_hp_per_floor":[67,67,67,61,60,37,37,29,29,29,26,26,26,24,24,0,0],"gold":425,"neow_bonus":"TWO_FIFTY_GOLD","is_daily":false,"chose_seed":false,"campfire_upgraded":3,"win_rate":0.0,"timestamp":1612406118,"path_taken":["M","M","$","M","M","E","R","E","T","$","M","R","?","E","R","BOSS"],"items_purchased_type":["Relic","Card","Potion","Potion","Card"],"build_version":"2020-12-22","purchased_purges":0,"victory":false,"max_hp_per_floor":[68,68,68,68,68,68,68,68,68,68,68,68,68,68,68,68,68],"card_choices":[{"not_picked":["Heavy Blade","Reckless Charge"],"picked":"Wild Strike","floor":1},{"not_picked":["Clash","Havoc"],"picked":"Perfected Strike","floor":2},{"not_picked":["Pummel","Flex","Havoc"],"picked":"SKIP","floor":4},{"not_picked":["Dropkick","Whirlwind"],"picked":"Perfected Strike","floor":5},{"not_picked":["Demon Form","Flex","Dark Embrace"],"picked":"SKIP","floor":6},{"not_picked":["Headbutt","Flex","Disarm"],"picked":"SKIP","floor":8},{"not_picked":["Twin Strike","Clothesline"],"picked":"Second Wind+1","floor":11},{"not_picked":["Flex+1","Inflame"],"picked":"Body Slam","floor":14}],"player_experience":1479990,"relics_obtained":[{"floor":6,"key":"Juzu Bracelet"},{"floor":8,"key":"PreservedInsect"},{"floor":9,"key":"Toxic Egg 2"},{"floor":14,"key":"Old Coin"}],"event_choices":[{"damage_healed":0,"gold_gain":0,"player_choice":"0 cards matched","damage_taken":0,"max_hp_gain":0,"max_hp_loss":0,"event_name":"Match and Keep!","floor":13,"gold_loss":0,"cards_obtained":[]}],"is_beta":false,"boss_relics":[],"items_purged_floors":[],"is_endless":false,"potions_floor_spawned":[5,6,8,11,14],"killed_by":"Hexaghost","ascension_level":20}}