{"host":"4amcrcg6ktw8dbzk","time":1612406782,"event":{"mods":["ATMod(°¢èªMod)","BaseMod","Dota2Spire","Downfall","Minty Spire (QoL Compilation)","MostiFishMod","Spicy Shops","StSLib","Waifu the Spire","¡¾ÒÅÎï¿¨ÅÆ¡¿REMEMod"],"gold_per_floor":[99,115,131,56,56,75,102,131,149,74,13,47,47,76,89,192,192,42,53,70,170,70,97,172,22,54,20,20,120,70,137,151,250,250,200,216,234,300,400,412,487,502,603,101,136,156,167,217,232,232],"floor_reached":51,"language":"ZHS","playtime":2854,"items_purged":["Slimebound:Strike_Slimebound","Clumsy","Slimebound:Strike_Slimebound"],"score":1031,"play_id":"e1f92fee-6f9a-49b3-ae17-5019c82504ee","local_time":"20210204104622","is_ascension_mode":true,"campfire_choices":[{"data":"MostiFishMod:DustFall","floor":1.0,"key":"SMITH"},{"floor":18.0,"key":"RECALL"},{"data":"Slimebound:MassFeed","floor":25.0,"key":"SMITH"},{"data":"Slimebound:LeechEnergy","floor":28.0,"key":"SMITH"},{"data":"AT_DarkMatter","floor":30.0,"key":"SMITH"},{"data":"Slimebound:SamplingLick","floor":35.0,"key":"SMITH"}],"circlet_count":0,"master_deck":["Slimebound:Strike_Slimebound","Slimebound:Tackle","Slimebound:Defend_Slimebound","Slimebound:Defend_Slimebound","Slimebound:Defend_Slimebound","Slimebound:Defend_Slimebound","Slimebound:Split","MostiFishMod:DustFall+1","AT_DarkMatter+1","Slimebound:SamplingLick+1","Slimebound:Schlurp+1","Slimebound:LeadByExample","Slimebound:SplitBruiser","Slimebound:SplitLeeching","Slimebound:SplitMire","Slimebound:MassFeed+1","Slimebound:LeechEnergy+1","Slimebound:SlimeTap","Slimebound:MassRepurpose","CurseOfTheBell","CurseOfTheBell","Slimebound:MassFeed","Slimebound:LevelUp+1","Slimebound:Prepare","Slimebound:SplitLeeching","Slimebound:ComboTackle","Slimebound:Repurpose+1","Slimebound:Prepare","Slimebound:GoopSpray+1","Slimebound:SlimeTap+1"],"relics":["Slimebound:AbsorbEndCombat","DaveBox","REME_ComplimentaryCards","AT_ATBox","ShadowXiaoBlade","AT_ChloranthyRing","Dota2Spire:MagicBottle","Blue Candle","Slimebound:GreedOozeRelic","Slimebound:AggressiveSlimeRelic","Strange Spoon","Dota2Spire:EtherealBlade","Frozen Egg 2","ChiXiaoBlade","downfall:HeartBlessingGreen","downfall:ExtraCursedBell","Regal Pillow","Shuriken","Ice Cream","Orichalcum","AT_ForceNature","downfall:HeartBlessingRed","Bag of Preparation","downfall:CloakOfManyFaces","CultistMask","FaceOfCleric","NlothsMask","GremlinMask","SsserpentHead","Dota2Spire:Bloodstone","Turnip","AT_GoldPhoenixTree","AT_ArchangelStaff","REME_CardOfGreed","Dota2Spire:Vanguard","Bronze Scales"],"acts_visited":["Exordium","TheCity","TheBeyond"],"potions_floor_usage":[47],"damage_taken":[{"damage":5.0,"enemies":"Small Slimes","floor":2.0,"turns":4.0},{"damage":0.0,"enemies":"Cultist","floor":3.0,"turns":3.0},{"damage":9.0,"enemies":"downfall:FleeingMerchant","floor":4.0,"turns":4.0},{"damage":7.0,"enemies":"Jaw Worm","floor":6.0,"turns":3.0},{"damage":14.0,"enemies":"Gremlin Nob","floor":8.0,"turns":3.0},{"damage":11.0,"enemies":"Exordium Thugs","floor":9.0,"turns":3.0},{"damage":6.0,"enemies":"downfall:FleeingMerchant","floor":11.0,"turns":4.0},{"damage":0.0,"enemies":"Lagavulin","floor":12.0,"turns":3.0},{"damage":23.0,"enemies":"Gremlin Nob","floor":14.0,"turns":5.0},{"damage":3.0,"enemies":"2 Fungi Beasts","floor":15.0,"turns":3.0},{"damage":3.0,"enemies":"DF_ARCHETYPE_STREAMLINE","floor":16.0,"turns":5.0},{"damage":0.0,"enemies":"Chosen","floor":19.0,"turns":3.0},{"damage":0.0,"enemies":"Shell Parasite","floor":20.0,"turns":3.0},{"damage":3.0,"enemies":"REME_1_Revenger","floor":23.0,"turns":3.0},{"damage":5.0,"enemies":"Slavers","floor":26.0,"turns":2.0},{"damage":0.0,"enemies":"downfall:FaceTrader","floor":29.0,"turns":6.0},{"damage":8.0,"enemies":"Shelled Parasite and Fungi","floor":31.0,"turns":4.0},{"damage":0.0,"enemies":"Snake Plant","floor":32.0,"turns":2.0},{"damage":6.0,"enemies":"SI_MIRROR_ARCHETYPE","floor":33.0,"turns":3.0},{"damage":7.0,"enemies":"3 Darklings","floor":36.0,"turns":2.0},{"damage":0.0,"enemies":"Orb Walker","floor":37.0,"turns":2.0},{"damage":0.0,"enemies":"Writhing Mass","floor":38.0,"turns":2.0},{"damage":0.0,"floor":39.0,"turns":1.0},{"damage":0.0,"enemies":"3 Darklings","floor":40.0,"turns":2.0},{"damage":0.0,"enemies":"4 Shapes","floor":42.0,"turns":3.0},{"damage":0.0,"enemies":"2 Orb Walkers","floor":43.0,"turns":2.0},{"damage":0,"enemies":"Reptomancer","floor":45,"turns":3},{"damage":0,"enemies":"Sphere and 2 Shapes","floor":46,"turns":1},{"damage":0,"enemies":"Writhing Mass","floor":47,"turns":1},{"damage":0,"enemies":"3 Darklings","floor":49,"turns":1},{"damage":6,"enemies":"IC_BLOCK_ARCHETYPE","floor":50,"turns":4}],"seed_played":"8788972438855356189","potions_obtained":[{"floor":2.0,"key":"BlessingOfTheForge"},{"floor":3.0,"key":"SkillPotion"},{"floor":9.0,"key":"Fire Potion"},{"floor":29.0,"key":"BlessingOfTheForge"},{"floor":31.0,"key":"DuplicationPotion"},{"floor":37.0,"key":"SkillPotion"},{"floor":40.0,"key":"Fire Potion"},{"floor":42.0,"key":"SpeedPotion"}],"is_trial":false,"path_per_floor":["R","M","M","$","?","M","T","E","M","?","$","E","$","E","M","B",null,"R","M","M","?","$","E","T","R","E","$","R","?","R","M","M","B",null,"R","M","M","M","?","M","T","M","?","$","E","M","M","?","M","B",null],"character_chosen":"SLIMEBOUND","items_purchased":["AT_ChloranthyRing","Slimebound:AggressiveSlimeRelic","Strange Spoon","Slimebound:LevelUp+1","AT_ArchangelStaff","REME_CardOfGreed","Dota2Spire:Vanguard"],"campfire_rested":0,"item_purchase_floors":[4,11,11,27,44,44,44],"current_hp_per_floor":[71,68,71,66,66,63,63,57,52,52,54,62,62,46,50,55,77,77,77,77,77,77,79,79,79,81,81,81,83,83,82,87,88,91,91,91,98,105,110,115,115,116,125,125,126,139,144,138,145,146],"gold":232,"neow_bonus":"TEN_PERCENT_HP_BONUS","is_daily":false,"chose_seed":false,"campfire_upgraded":5,"win_rate":0.0,"timestamp":1612406782,"path_taken":["R","M","M","$","?","M","T","E","?","?","$","E","?","E","M","BOSS","R","M","M","?","$","E","T","R","E","$","R","?","R","?","M","BOSS","R","M","M","?","?","M","T","M","?","$","E","M","M","?","M","BOSS"],"items_purchased_type":["Relic","Relic","Relic","Card","Relic","Relic","Relic"],"build_version":"2020-12-22","purchased_purges":3,"victory":true,"max_hp_per_floor":[71,71,71,71,71,71,71,71,71,71,71,71,71,74,77,77,77,77,77,77,77,77,80,80,80,84,84,84,84,84,89,90,91,91,91,96,101,105,110,115,115,116,125,125,126,139,144,144,145,146],"card_choices":[{"not_picked":["Slimebound:Dissolve","Slimebound:SlimeSpikes"],"picked":"Slimebound:SamplingLick","floor":2.0},{"not_picked":["Slimebound:BestDefense","Slimebound:LeechEnergy","Slimebound:AcidTongue"],"picked":"SKIP","floor":3.0},{"not_picked":["Slimebound:SelfFormingGoo","Slimebound:PressTheAttack"],"picked":"Slimebound:Schlurp","floor":4.0},{"not_picked":["Slimebound:Equalize","Slimebound:PressTheAttack"],"picked":"Slimebound:LeadByExample","floor":6.0},{"not_picked":["Slimebound:ItLooksTasty","Slimebound:Schlurp"],"picked":"Slimebound:SplitBruiser","floor":8.0},{"not_picked":["Slimebound:Schlurp","Slimebound:RollThrough"],"picked":"Slimebound:SplitLeeching","floor":9.0},{"not_picked":["Slimebound:SplitAcid","Slimebound:PressTheAttack"],"picked":"Slimebound:SplitMire","floor":11.0},{"not_picked":["Slimebound:PressTheAttack","Slimebound:SlimeSpikes"],"picked":"Slimebound:MassFeed","floor":12.0},{"not_picked":["Slimebound:SplitBruiser","Slimebound:ForwardTackle"],"picked":"Slimebound:LeechEnergy","floor":14.0},{"not_picked":["Slimebound:FinishingTackle","Slimebound:SamplingLick"],"picked":"Slimebound:SlimeTap","floor":15.0},{"not_picked":["Slimebound:WasteNot","Slimebound:Teamwork"],"picked":"Slimebound:MassRepurpose","floor":16.0},{"not_picked":["Slimebound:ItLooksTasty","Slimebound:SlimeSpikes","Slimebound:TongueLash+1"],"picked":"SKIP","floor":19.0},{"not_picked":["Slimebound:LivingWall","Slimebound:Chomp","Slimebound:LeechEnergy"],"picked":"SKIP","floor":20.0},{"not_picked":["Slimebound:Schlurp+1","Slimebound:LeechEnergy","Slimebound:SlimeSpikes"],"picked":"SKIP","floor":23.0},{"not_picked":["Slimebound:SplitAcid+1","Slimebound:SplitMire"],"picked":"Slimebound:MassFeed","floor":26.0},{"not_picked":["Slimebound:SplitBruiser","Slimebound:ItLooksTasty+1","Slimebound:SlimeBrawl"],"picked":"SKIP","floor":31.0},{"not_picked":["Slimebound:SplitBruiser","Slimebound:ItLooksTasty+1","Slimebound:SlimeBrawl"],"picked":"SKIP","floor":31.0},{"not_picked":["Slimebound:RainOfGoop","Slimebound:MassFeed"],"picked":"Slimebound:Prepare","floor":32.0},{"not_picked":["Slimebound:Replication+1","Slimebound:ProtectTheBoss+1","Slimebound:LeechingTouch"],"picked":"SKIP","floor":36.0},{"not_picked":["Slimebound:FinishingTackle","Slimebound:GoopTackle+1"],"picked":"Slimebound:SplitLeeching","floor":37.0},{"not_picked":["Slimebound:ItLooksTasty","Slimebound:LivingWall+1"],"picked":"Slimebound:ComboTackle","floor":38.0},{"not_picked":["Slimebound:HauntingLick","Slimebound:LeechEnergy+1","Slimebound:Chomp+1"],"picked":"SKIP","floor":40.0},{"not_picked":["Slimebound:PressTheAttack","Slimebound:RejuvenatingLick"],"picked":"Slimebound:Repurpose+1","floor":42.0},{"not_picked":["Slimebound:SplitMire+1","Slimebound:SlimeBrawl"],"picked":"Slimebound:Prepare","floor":43.0},{"not_picked":["Slimebound:Overexert+1","Slimebound:LivingWall","Slimebound:FinishingTackle"],"picked":"SKIP","floor":45},{"not_picked":["Slimebound:SplitLeeching","Slimebound:Dissolve"],"picked":"Slimebound:GoopSpray+1","floor":46},{"not_picked":["Slimebound:LivingWall+1","Slimebound:TongueLash+1"],"picked":"Slimebound:SlimeTap+1","floor":47},{"not_picked":["Slimebound:SplitMire","Slimebound:RainOfGoop+1","Slimebound:TongueLash"],"picked":"SKIP","floor":49}],"player_experience":450958,"relics_obtained":[{"floor":7.0,"key":"Dota2Spire:MagicBottle"},{"floor":8.0,"key":"Blue Candle"},{"floor":12.0,"key":"Dota2Spire:EtherealBlade"},{"floor":14.0,"key":"Frozen Egg 2"},{"floor":21.0,"key":"Regal Pillow"},{"floor":21.0,"key":"Shuriken"},{"floor":21.0,"key":"Ice Cream"},{"floor":23.0,"key":"Orichalcum"},{"floor":24.0,"key":"AT_ForceNature"},{"floor":26.0,"key":"Bag of Preparation"},{"floor":29.0,"key":"downfall:CloakOfManyFaces"},{"floor":39.0,"key":"Turnip"},{"floor":43.0,"key":"AT_GoldPhoenixTree"},{"floor":45,"key":"Bronze Scales"}],"event_choices":[{"damage_healed":0.0,"max_hp_gain":0.0,"max_hp_loss":0.0,"gold_gain":0.0,"event_name":"Mysterious Sphere","player_choice":"Fight","floor":43.0,"gold_loss":0.0,"damage_taken":0.0}],"is_beta":false,"boss_relics":[{"not_picked":["FixedStarFall","REME_LowDesire"],"picked":"ChiXiaoBlade"},{"not_picked":["JellyFishMachine","BloodWine"],"picked":"Dota2Spire:Bloodstone"}],"items_purged_floors":[11,22,44],"is_endless":false,"potions_floor_spawned":[2,3,9,12,14,15,20,29,31,32,37,40,42,45],"ascension_level":1}}