{"host":"exexdi9os29xec1d","time":1612431645,"event":{"mods":["Act Like it!","BaseMod","Colored Map","Conspire","Decade(王小明)","Downfall","Gensokyo","Hero for Fun","HololiveMod","Hubris","Infinite Spire","KinomotoSakuraMod(木之本樱)","Koishi","LagranYue(拉格朗・月)","Marisa（F雨　魔理沙）","Minty Spire (QoL Compilation)","READ ME - Guardian Mod","Remilia（蕾米莉亚）","Replay The Spire","Shop Mod","StSLib","The Animator","The Bladedancer","The Bug Knight","The Cursed","The Disciple","The Hierophant","The Necromancer","The Servant 0.9.4","Youmu（魂魄妖梦）","[GremlinLeader]The Maniac"],"gold_per_floor":[118,138,138,151,76,101,116,134,134,164,177,252,282,362,374,484,496,525,556,581,607,233,246,246,259,284,302,319,354,382,394,394,498,498,515,534,553,553,553,583,599,624,624,643,22,34,46,65,65,162,162,177,191,208,208,208,208,233,233,257,292,333,373,36,36,36,50,50],"floor_reached":67,"language":"ZHS","playtime":3739,"items_purged":["Strike_R","Strike_R","infinitespire:Pacifist"],"score":773,"play_id":"9278a2e0-ad3d-484b-8767-fad3b0392b26","local_time":"20210204174045","is_ascension_mode":false,"campfire_choices":[{"floor":15,"key":"REST"},{"floor":32,"key":"REST"},{"floor":49,"key":"REST"},{"floor":57,"key":"RECALL"},{"data":"Apotheosis","floor":59,"key":"SMITH"},{"floor":66,"key":"REST"}],"circlet_count":0,"master_deck":["Strike_R","Strike_R","Defend_R","Defend_R","Defend_R","Defend_R","Bash","Uppercut","Bloodletting","Carnage","Shockwave","Rupture","Sword Boomerang","Shrug It Off","Feed+1","Reaper+1","Shrug It Off","Armaments","Shrug It Off","Enlightenment","ReplayTheSpireMod:??????????????????????","conspire:Charge","Bloodletting","Double Tap","Ghostly Armor+1","Intimidate","Inflame","Apotheosis+1","Combust","Rupture+1","Dual Wield","Shrug It Off"],"relics":["Burning Blood","NeowsBlessing","CaptainsWheel","Pear","StoneCalendar","MawBank","Sundial","Snecko Eye","NeowsBlessing","Guide Book","Bronze Scales","Iron Hammer","ReplayTheSpireMod:DimensionalGlitch","Replay:Bottled Steam","Replay:Towering Pillar of Hats","conspire:BottledYoYo","BargainBundle","Replay:Bottled Snecko","Mark of Pain","Ring of Peace","ReplayTheSpireMod:Ring of Addiction","White Beast Statue","hubris:EmptyBottle","hubris:Icosahedron","conspire:TopHat","Replay:Bandana","ReplayTheSpireMod:CursedCoin","Pen Nib","Vajra"],"acts_visited":["Exordium","TheCity","TheBeyond"],"potions_floor_usage":[13,13,50,67,67],"damage_taken":[{"damage":0.0,"enemies":"Jaw Worm","floor":1.0,"turns":1.0},{"damage":0.0,"enemies":"Cultist","floor":2.0,"turns":1.0},{"damage":0.0,"enemies":"Small Slimes","floor":4.0,"turns":2.0},{"damage":40.0,"enemies":"Lagavulin","floor":6.0,"turns":8.0},{"damage":14.0,"enemies":"3 Louse","floor":7.0,"turns":4.0},{"damage":5.0,"enemies":"Looter","floor":8.0,"turns":2.0},{"damage":21,"enemies":"3 Sentries","floor":10,"turns":6},{"damage":1,"enemies":"Red Slaver","floor":11,"turns":4},{"damage":15,"enemies":"Gremlin Nob","floor":13,"turns":5},{"damage":25,"enemies":"Slime Boss","floor":16,"turns":7},{"damage":0,"enemies":"Cultist","floor":18,"turns":1},{"damage":0,"enemies":"2 Louse","floor":19,"turns":2},{"damage":2,"enemies":"conspire:RoseBush","floor":20,"turns":1},{"damage":0,"enemies":"Exordium Wildlife","floor":21,"turns":2},{"damage":0,"enemies":"Large Slime","floor":23,"turns":4},{"damage":0,"enemies":"Looter","floor":25,"turns":4},{"damage":0,"enemies":"2 Fungi Beasts","floor":27,"turns":2},{"damage":20,"enemies":"Lots of Slimes","floor":28,"turns":3},{"damage":49,"enemies":"conspire:MimicChest","floor":29,"turns":9},{"damage":34,"enemies":"Nightmare","floor":30,"turns":8},{"damage":0,"enemies":"3 Louse","floor":31,"turns":4},{"damage":3,"enemies":"Slime Boss","floor":33,"turns":7},{"damage":3,"enemies":"Spheric Guardian","floor":35,"turns":2},{"damage":10,"enemies":"Chosen and Byrds","floor":36,"turns":7},{"damage":19,"enemies":"Snake Plant","floor":37,"turns":4},{"damage":21,"enemies":"Gremlin Leader","floor":40,"turns":5},{"damage":9,"enemies":"Centurion and Healer","floor":41,"turns":5},{"damage":39,"enemies":"conspire:SneckoGhost","floor":42,"turns":8},{"damage":5,"enemies":"Snecko","floor":44,"turns":4},{"damage":0,"enemies":"Cultist and Chosen","floor":46,"turns":4},{"damage":16,"enemies":"Shelled Parasite and Fungi","floor":47,"turns":4},{"damage":8,"enemies":"Centurion and Healer","floor":48,"turns":7},{"damage":23,"enemies":"Champ","floor":50,"turns":8},{"damage":6,"enemies":"Orb Walker","floor":52,"turns":4},{"damage":33,"enemies":"3 Shapes","floor":53,"turns":5},{"damage":42,"enemies":"Spire Growth","floor":54,"turns":6},{"damage":13,"enemies":"Transient","floor":61,"turns":5},{"damage":36,"enemies":"Writhing Mass","floor":62,"turns":6},{"damage":8,"enemies":"Maw","floor":63,"turns":7},{"damage":89,"enemies":"Time Eater","floor":67,"turns":10}],"seed_played":"-136993458681279131","potions_obtained":[{"floor":1.0,"key":"Regen Potion"},{"floor":4.0,"key":"CultistPotion"},{"floor":7.0,"key":"Languid Potion"},{"floor":13,"key":"SkillPotion"},{"floor":16,"key":"Guardian:BlockOnCardUsePotion"},{"floor":39,"key":"CultistPotion"},{"floor":61,"key":"BloodPotion"}],"is_trial":false,"path_per_floor":["M","M","?","M","$","E","M","M","T","E","M","?","E","T","R","B",null,"M","M","M","M","$","M","?","M","T","M","M","?","NM","M","R","B",null,"M","M","M","?","?","E","M","E","T","M","$","M","M","M","R_BF","B",null,"M","M","M","?","?","R","T","R","T","M","M","M","$","?","R","B"],"character_chosen":"IRONCLAD","items_purchased":["Shrug It Off","Guide Book","Enlightenment","Apotheosis","BargainBundle","Replay:Bottled Snecko","ReplayTheSpireMod:CursedCoin","Pen Nib","Vajra","Dual Wield"],"campfire_rested":4,"item_purchase_floors":[22,22,22,45,45,45,64,64,64,64],"current_hp_per_floor":[80,80,80,80,80,46,38,39,49,34,39,28,33,33,60,41,90,90,93,96,99,99,103,77,83,83,94,93,57,36,49,82,92,111,113,108,92,92,92,78,76,41,41,43,43,51,48,49,85,67,127,124,99,63,63,63,63,63,63,63,53,20,17,17,17,54,0,0],"gold":50,"neow_bonus":"THREE_ENEMY_KILL","is_daily":false,"chose_seed":false,"campfire_upgraded":1,"win_rate":0.0,"timestamp":1612431645,"path_taken":["M","M","?","?","$","E","M","M","T","E","M","?","E","?","R","BOSS","M","M","M","M","$","M","?","M","T","M","M","?","NM","M","R","BOSS","M","M","M","?","?","E","M","E","T","M","$","?","M","M","R_BF","BOSS","M","M","M","?","?","R","?","R","T","M","?","M","$","?","R","BOSS"],"items_purchased_type":["Card","Relic","Card","Card","Relic","Relic","Relic","Relic","Relic","Card"],"build_version":"2020-12-22","purchased_purges":3,"victory":false,"max_hp_per_floor":[80,80,80,80,80,80,80,80,90,90,90,90,90,90,90,90,90,90,93,96,99,99,103,103,103,103,103,107,107,107,111,111,111,111,115,115,115,115,115,115,115,115,115,115,115,119,123,123,123,127,127,127,131,131,131,131,131,131,129,129,129,127,127,127,125,125,125,125],"card_choices":[{"not_picked":["Pommel Strike","Disarm"],"picked":"Uppercut","floor":1.0},{"not_picked":["Headbutt","Cleave"],"picked":"Bloodletting","floor":2.0},{"not_picked":["Cleave","Anger"],"picked":"Carnage","floor":4.0},{"not_picked":["Reckless Charge","Seeing Red"],"picked":"Shockwave","floor":6.0},{"not_picked":["Run Through","Warcry"],"picked":"Rupture","floor":7.0},{"not_picked":["Cleave","Combust"],"picked":"Sword Boomerang","floor":8.0},{"not_picked":["Eclipse","Perfected Strike"],"picked":"Shrug It Off","floor":10},{"not_picked":["Replay:Undeath\u0027s Touch","True Grit","Power Through"],"picked":"SKIP","floor":11},{"not_picked":["Replay:Undeath\u0027s Touch","Intimidate"],"picked":"Feed","floor":13},{"not_picked":["Replay:Many Hands","hubris:StunningStrike"],"picked":"Reaper","floor":16},{"not_picked":["Twin Strike","Pommel Strike","True Grit"],"picked":"SKIP","floor":18},{"not_picked":["Iron Wave","Clothesline"],"picked":"Shrug It Off","floor":19},{"not_picked":["Run Through","Warcry","Anger"],"picked":"SKIP","floor":20},{"not_picked":["conspire:Purge","Anger"],"picked":"Armaments","floor":21},{"not_picked":["Perfected Strike","Pommel Strike","Cleave"],"picked":"SKIP","floor":23},{"not_picked":["infinitespire:Menacing","infinitespire:Starlight"],"picked":"ReplayTheSpireMod:??????????????????????","floor":24},{"not_picked":["Pommel Strike","Perfected Strike"],"picked":"conspire:Charge","floor":25},{"not_picked":["Clash","Iron Wave","Anger"],"picked":"SKIP","floor":27},{"not_picked":["True Grit","Twin Strike"],"picked":"Bloodletting","floor":28},{"not_picked":["Juggernaut","Perfected Strike","ReplayTheSpireMod:Strike From Hell"],"picked":"SKIP","floor":30},{"not_picked":["Perfected Strike","True Grit","Replay:Many Hands"],"picked":"SKIP","floor":31},{"not_picked":["Brutality","Berserk"],"picked":"Double Tap","floor":33},{"not_picked":["Perfected Strike","Flex"],"picked":"Ghostly Armor+1","floor":35},{"not_picked":["True Grit","Thunderclap","Replay:Undeath\u0027s Touch+1"],"picked":"SKIP","floor":36},{"not_picked":["Juggernaut","Warcry+1"],"picked":"Intimidate","floor":37},{"not_picked":["Pummel","Armaments","Anger"],"picked":"SKIP","floor":40},{"not_picked":["Warcry","Searing Blow","Pommel Strike+1"],"picked":"SKIP","floor":41},{"not_picked":["Sever Soul","True Grit+1","Abandon"],"picked":"SKIP","floor":42},{"not_picked":["Iron Wave","Shrug It Off"],"picked":"Inflame","floor":44},{"not_picked":["Demonic Infusion","Blood for Blood+1","Anger"],"picked":"SKIP","floor":46},{"not_picked":["Cleave+1","Clothesline+1","Armaments"],"picked":"SKIP","floor":47},{"not_picked":["Iron Wave","Pummel"],"picked":"Combust","floor":48},{"not_picked":["Headbutt+1","Infernal Blade","Pommel Strike+1"],"picked":"SKIP","floor":52},{"not_picked":["Hemokinesis","Perfected Strike+1","Replay:Undeath\u0027s Touch"],"picked":"SKIP","floor":53},{"not_picked":["Perfected Strike+1","Reckless Charge","Iron Wave"],"picked":"SKIP","floor":54},{"not_picked":["Clothesline","Clash+1"],"picked":"Rupture+1","floor":61},{"not_picked":["Perfected Strike+1","True Grit+1","Body Slam"],"picked":"SKIP","floor":62},{"not_picked":["Juggernaut","Armaments+1","Second Wind+1"],"picked":"SKIP","floor":63}],"player_experience":70622,"relics_obtained":[{"floor":6.0,"key":"CaptainsWheel"},{"floor":9.0,"key":"Pear"},{"floor":10,"key":"StoneCalendar"},{"floor":13,"key":"MawBank"},{"floor":14,"key":"Sundial"},{"floor":29,"key":"Bronze Scales"},{"floor":30,"key":"Iron Hammer"},{"floor":40,"key":"Replay:Bottled Steam"},{"floor":42,"key":"Replay:Towering Pillar of Hats"},{"floor":43,"key":"conspire:BottledYoYo"},{"floor":55,"key":"Ring of Peace"},{"floor":55,"key":"ReplayTheSpireMod:Ring of Addiction"},{"floor":55,"key":"White Beast Statue"},{"floor":55,"key":"hubris:EmptyBottle"},{"floor":58,"key":"conspire:TopHat"},{"floor":60,"key":"Replay:Bandana"}],"event_choices":[{"damage_healed":0.0,"max_hp_gain":0.0,"max_hp_loss":0.0,"gold_gain":0.0,"event_name":"The Woman in Blue","player_choice":"Bought 0 Potions","floor":3.0,"gold_loss":0.0,"damage_taken":0.0},{"damage_healed":0,"gold_gain":75,"player_choice":"Gather Gold","damage_taken":11,"max_hp_gain":0,"max_hp_loss":0,"event_name":"World of Goop","floor":12,"gold_loss":0},{"damage_healed":0,"gold_gain":0,"player_choice":"Got Potions","damage_taken":0,"max_hp_gain":0,"max_hp_loss":0,"event_name":"Lab","floor":39,"gold_loss":0},{"damage_healed":0,"gold_gain":0,"cards_transformed":["Strike_R"],"player_choice":"Transformed","damage_taken":0,"max_hp_gain":0,"max_hp_loss":0,"event_name":"Transmorgrifier","floor":65,"gold_loss":0,"cards_obtained":["Shrug It Off"]}],"is_beta":false,"boss_relics":[{"not_picked":["Ectoplasm","Fusion Hammer"],"picked":"Snecko Eye"},{"not_picked":["Black Blood","Runic Cube"],"picked":"ReplayTheSpireMod:DimensionalGlitch"},{"not_picked":["Replay:Wanted Poster","hubris:Backtick"],"picked":"Mark of Pain"}],"items_purged_floors":[5,22,64],"is_endless":false,"potions_floor_spawned":[1,4,7,13,16,19,27,29,31,33,36,42,46,47,53,61,62,63],"killed_by":"Time Eater","ascension_level":0}}