{"host":"6fkscwgr344hcmao","time":1612442031,"event":{"mods":["2.2 Compatiblity","AchievementEnabler","BaseMod","Colored Map","Highlight Path","Minty Spire (QoL Compilation)","Random Character Button","Rare Cards Sparkle"],"gold_per_floor":[364,2,21,41,61,61,77,77,77,77,105,123,123,123,123,254,254,268,282,300,300,7,7,7,7,7,30,30,46,46,69,69,194,194,213,234,122,143,164,164,199,199,199,212,212,230,230,244,244,244,244,244,15,51,51,51],"floor_reached":55,"language":"POL","playtime":4305,"items_purged":["Strike_R"],"score":753,"play_id":"5b25b0bb-32c4-4a8f-8673-9a286ae6839b","local_time":"20210204133351","is_ascension_mode":false,"campfire_choices":[{"data":"Barricade","floor":6.0,"key":"SMITH"},{"floor":10.0,"key":"REST"},{"data":"Body Slam","floor":13.0,"key":"SMITH"},{"floor":15.0,"key":"REST"},{"floor":23.0,"key":"RECALL"},{"data":"Impervious","floor":30.0,"key":"SMITH"},{"data":"Dramatic Entrance","floor":32.0,"key":"SMITH"},{"data":"Entrench","floor":40.0,"key":"SMITH"},{"floor":42.0,"key":"REST"},{"floor":45.0,"key":"REST"},{"data":"Flame Barrier","floor":49.0,"key":"SMITH"},{"data":"Shrug It Off","floor":52.0,"key":"SMITH"}],"circlet_count":0,"master_deck":["Strike_R+1","Strike_R+1","Defend_R","Defend_R","Defend_R","Defend_R","Bash","Body Slam+1","Shrug It Off+1","Iron Wave+1","Warcry","Dramatic Entrance+1","Feed+1","Warcry","Barricade+1","Shrug It Off","Ghostly Armor","Impervious+1","Warcry+1","Flame Barrier+1","Armaments+1","Warcry","Entrench+1"],"relics":["Burning Blood","Orrery","Self Forming Clay","Sundial","Golden Idol","Velvet Choker","TungstenRod","MutagenicStrength","Pen Nib","Empty Cage","PreservedInsect","Whetstone","Torii","Toolbox","Du-Vu Doll"],"acts_visited":["Exordium","TheCity","TheBeyond","TheEnding"],"potions_floor_usage":[55],"damage_taken":[{"damage":5.0,"enemies":"2 Louse","floor":1.0,"turns":4.0},{"damage":0.0,"enemies":"Small Slimes","floor":3.0,"turns":2.0},{"damage":4.0,"enemies":"Cultist","floor":4.0,"turns":7.0},{"damage":2.0,"enemies":"Looter","floor":5.0,"turns":5.0},{"damage":4.0,"enemies":"Large Slime","floor":7.0,"turns":6.0},{"damage":26.0,"enemies":"Lagavulin","floor":11.0,"turns":17.0},{"damage":0.0,"enemies":"Lots of Slimes","floor":12.0,"turns":2.0},{"damage":30.0,"enemies":"The Guardian","floor":16.0,"turns":15.0},{"damage":14.0,"enemies":"Spheric Guardian","floor":18.0,"turns":8.0},{"damage":0.0,"enemies":"Shell Parasite","floor":19.0,"turns":10.0},{"damage":15.0,"enemies":"Snecko","floor":20.0,"turns":10.0},{"damage":24.0,"enemies":"Cultist and Chosen","floor":27.0,"turns":11.0},{"damage":3.0,"enemies":"3 Cultists","floor":29.0,"turns":6.0},{"damage":0.0,"enemies":"Sentry and Sphere","floor":31.0,"turns":5.0},{"damage":11.0,"enemies":"Automaton","floor":33.0,"turns":17.0},{"damage":2.0,"enemies":"3 Shapes","floor":35.0,"turns":5.0},{"damage":17.0,"enemies":"Orb Walker","floor":36.0,"turns":7.0},{"damage":11.0,"enemies":"Writhing Mass","floor":38.0,"turns":7.0},{"damage":1.0,"enemies":"Sphere and 2 Shapes","floor":39.0,"turns":7.0},{"damage":74.0,"enemies":"Giant Head","floor":41.0,"turns":14.0},{"damage":12.0,"enemies":"3 Darklings","floor":44.0,"turns":12.0},{"damage":12.0,"enemies":"4 Shapes","floor":46.0,"turns":7.0},{"damage":15.0,"enemies":"Jaw Worm Horde","floor":48.0,"turns":6.0},{"damage":35.0,"enemies":"Awakened One","floor":50.0,"turns":11.0},{"damage":48.0,"enemies":"Shield and Spear","floor":54.0,"turns":14.0},{"damage":99,"enemies":"The Heart","floor":55,"turns":9}],"seed_played":"-2895176330159446637","potions_obtained":[{"floor":4.0,"key":"DistilledChaos"},{"floor":5.0,"key":"DistilledChaos"},{"floor":16.0,"key":"SkillPotion"},{"floor":18.0,"key":"EssenceOfSteel"},{"floor":29.0,"key":"Weak Potion"},{"floor":35.0,"key":"Explosive Potion"},{"floor":36.0,"key":"HeartOfIron"},{"floor":39.0,"key":"LiquidMemories"},{"floor":44.0,"key":"PowerPotion"}],"is_trial":false,"path_per_floor":["M","$","M","M","M","R","M","?","T","R","E","M","R","?","R","B",null,"M","M","M","?","$","R","?","T","T","M","$","M","R","M","R","B",null,"M","M","?","M","M","R","E","R","T","M","R","M","?","M","R","B",null,"R","$","E","B"],"character_chosen":"IRONCLAD","items_purchased":["Orrery","Dramatic Entrance","Feed","Warcry","TungstenRod","Toolbox"],"campfire_rested":4,"item_purchase_floors":[2,2,2,2,22,53],"current_hp_per_floor":[57,57,63,68,72,72,74,57,57,81,65,75,75,53,80,60,95,91,101,96,96,96,96,96,96,96,78,78,81,81,91,91,90,115,119,112,112,107,116,116,48,86,86,80,118,116,116,111,111,86,139,139,139,97,0,0],"gold":51,"neow_bonus":"TWO_FIFTY_GOLD","is_daily":false,"chose_seed":false,"campfire_upgraded":7,"win_rate":0.0,"timestamp":1612442031,"path_taken":["M","$","M","M","M","R","M","?","T","R","E","M","R","?","R","BOSS","M","M","M","?","?","R","?","?","T","M","$","M","R","M","R","BOSS","M","M","?","M","M","R","E","R","T","M","R","?","?","?","R","BOSS","R","$","E","BOSS"],"items_purchased_type":["Relic","Card","Card","Card","Relic","Relic"],"build_version":"2020-12-22","purchased_purges":1,"victory":false,"max_hp_per_floor":[80,80,80,83,83,83,83,83,83,83,87,91,91,91,91,95,95,99,103,107,107,107,107,107,107,107,107,107,107,107,111,111,115,115,119,123,123,123,127,127,127,127,127,127,127,131,131,135,135,139,139,139,139,139,139,139],"card_choices":[{"not_picked":["Clothesline","Sever Soul","Wild Strike"],"picked":"SKIP","floor":1.0},{"not_picked":["Clothesline","Sword Boomerang"],"picked":"Body Slam","floor":2.0},{"not_picked":["Rupture","Twin Strike"],"picked":"Shrug It Off","floor":2.0},{"not_picked":["Twin Strike","Cleave"],"picked":"Iron Wave","floor":2.0},{"not_picked":["Dropkick","Sentinel"],"picked":"Warcry","floor":2.0},{"not_picked":["Pummel","Wild Strike"],"picked":"Barricade","floor":3.0},{"not_picked":["Havoc","Flex"],"picked":"Shrug It Off","floor":4.0},{"not_picked":["Iron Wave","Wild Strike","Twin Strike"],"picked":"SKIP","floor":5.0},{"not_picked":["Twin Strike","Perfected Strike","Cleave"],"picked":"SKIP","floor":7.0},{"not_picked":["Combust","Fire Breathing","Clothesline"],"picked":"SKIP","floor":11.0},{"not_picked":["Double Tap","Pommel Strike"],"picked":"Ghostly Armor","floor":12.0},{"not_picked":["Fiend Fire","Corruption"],"picked":"Impervious","floor":16.0},{"not_picked":["Sword Boomerang","Shockwave+1"],"picked":"Warcry+1","floor":18.0},{"not_picked":["Pommel Strike+1","Body Slam","Twin Strike+1"],"picked":"SKIP","floor":19.0},{"not_picked":["Uppercut","Evolve","Sword Boomerang"],"picked":"SKIP","floor":20.0},{"not_picked":["Anger+1","Cleave+1","Spot Weakness"],"picked":"SKIP","floor":27.0},{"not_picked":["Perfected Strike","Feel No Pain"],"picked":"Flame Barrier","floor":29.0},{"not_picked":["Body Slam","Iron Wave"],"picked":"Armaments+1","floor":31.0},{"not_picked":["Shrug It Off+1","Twin Strike+1","Headbutt"],"picked":"SKIP","floor":35.0},{"not_picked":["Sever Soul+1","Feel No Pain"],"picked":"Warcry","floor":36.0},{"not_picked":["Combust+1","Clothesline","Heavy Blade"],"picked":"SKIP","floor":38.0},{"not_picked":["Heavy Blade","Burning Pact"],"picked":"Entrench","floor":39.0},{"not_picked":["Rupture+1","Sentinel+1","Flex+1"],"picked":"SKIP","floor":41.0},{"not_picked":["Anger+1","Sever Soul+1","Havoc+1"],"picked":"SKIP","floor":44.0},{"not_picked":["Rampage+1","Body Slam","Pummel+1"],"picked":"SKIP","floor":46.0},{"not_picked":["Thunderclap","Feel No Pain","True Grit+1"],"picked":"SKIP","floor":48.0},{"not_picked":["Whirlwind+1","Pummel","Perfected Strike+1"],"picked":"SKIP","floor":54.0}],"player_experience":222230,"relics_obtained":[{"floor":9.0,"key":"Self Forming Clay"},{"floor":11.0,"key":"Sundial"},{"floor":26.0,"key":"Pen Nib"},{"floor":41.0,"key":"Whetstone"},{"floor":43.0,"key":"Torii"},{"floor":54.0,"key":"Du-Vu Doll"}],"event_choices":[{"damage_healed":0.0,"max_hp_gain":0.0,"max_hp_loss":0.0,"gold_gain":0.0,"event_name":"Shining Light","player_choice":"Entered Light","floor":8.0,"gold_loss":0.0,"damage_taken":17.0,"cards_upgraded":["Strike_R","Feed"]},{"damage_healed":0.0,"max_hp_gain":0.0,"max_hp_loss":0.0,"gold_gain":0.0,"event_name":"Golden Idol","player_choice":"Take Damage","floor":14.0,"gold_loss":0.0,"damage_taken":22.0,"relics_obtained":["Golden Idol"]},{"damage_healed":0.0,"max_hp_gain":0.0,"max_hp_loss":0.0,"gold_gain":0.0,"event_name":"Match and Keep!","player_choice":"0 cards matched","floor":21.0,"gold_loss":0.0,"damage_taken":0.0,"cards_obtained":[]},{"damage_healed":0.0,"max_hp_gain":0.0,"max_hp_loss":0.0,"gold_gain":0.0,"event_name":"Drug Dealer","player_choice":"Inject Mutagens","floor":24.0,"gold_loss":0.0,"damage_taken":0.0,"relics_obtained":["MutagenicStrength"]},{"damage_healed":0.0,"max_hp_gain":0.0,"max_hp_loss":0.0,"gold_gain":0.0,"event_name":"WeMeetAgain","player_choice":"Paid Gold","floor":37.0,"gold_loss":112.0,"damage_taken":0.0,"relics_obtained":["PreservedInsect"]},{"damage_healed":0.0,"max_hp_gain":0.0,"max_hp_loss":0.0,"gold_gain":0.0,"event_name":"SecretPortal","player_choice":"Ignored","floor":47.0,"gold_loss":0.0,"damage_taken":0.0}],"is_beta":false,"boss_relics":[{"not_picked":["Mark of Pain","Fusion Hammer"],"picked":"Velvet Choker"},{"not_picked":["Busted Crown","Calling Bell"],"picked":"Empty Cage"}],"items_purged_floors":[53],"is_endless":false,"potions_floor_spawned":[4,5,16,18,29,35,36,39,44],"killed_by":"The Heart","ascension_level":0}}