{"host":"zsnmfqgcm92hlreo","time":1612411366,"event":{"mods":["AchievementEnabler","Act Like it!","BaseMod","Bestiary","Block Reminder","Colored Map","Colored Powertips","Hermit","Jorbs\u0027s Wanderer Trilogy","Minty Spire (QoL Compilation)","Permanent Neow","Quick Restart","Relic Stats","StSLib","Weighted Paths"],"gold_per_floor":[14,26,26,44,44,87,87,122,146,146,146],"floor_reached":10,"language":"ENG","playtime":277,"items_purged":[],"score":152,"play_id":"ddef691a-be0c-4162-9cc3-f8cabb018315","local_time":"20210203220246","is_ascension_mode":true,"campfire_choices":[{"data":"Immolate","floor":7.0,"key":"SMITH"}],"circlet_count":0,"master_deck":["AscendersBane","Strike_R","Strike_R","Strike_R","Strike_R","Strike_R","Defend_R","Defend_R","Defend_R","Defend_R","Bash","Immolate+1","Bloodletting","Feel No Pain","Twin Strike"],"relics":["Burning Blood","Golden Idol","Ancient Tea Set","Boot","CeramicFish"],"acts_visited":["Exordium"],"potions_floor_usage":[8],"damage_taken":[{"damage":0.0,"enemies":"Small Slimes","floor":1.0,"turns":3.0},{"damage":7.0,"enemies":"2 Louse","floor":2.0,"turns":2.0},{"damage":1.0,"enemies":"Cultist","floor":4.0,"turns":3.0},{"damage":18.0,"enemies":"3 Sentries","floor":6.0,"turns":4.0},{"damage":32,"enemies":"Lagavulin","floor":8,"turns":4},{"damage":31,"enemies":"Gremlin Nob","floor":10,"turns":4}],"seed_played":"-3115170627446282451","potions_obtained":[{"floor":1.0,"key":"ColorlessPotion"},{"floor":2.0,"key":"ColorlessPotion"},{"floor":4.0,"key":"FearPotion"},{"floor":5.0,"key":"SteroidPotion"}],"is_trial":false,"path_per_floor":["M","M","?","M","?","E","R","E","T","E"],"character_chosen":"IRONCLAD","items_purchased":[],"campfire_rested":0,"item_purchase_floors":[],"current_hp_per_floor":[74,73,68,68,68,56,56,30,30,0,0],"gold":146,"neow_bonus":"THREE_RARE_CARDS","is_daily":false,"chose_seed":false,"campfire_upgraded":1,"win_rate":0.0,"timestamp":1612411366,"path_taken":["M","M","?","M","?","E","R","E","T","E"],"items_purchased_type":[],"build_version":"2020-12-22","purchased_purges":0,"victory":false,"max_hp_per_floor":[75,75,68,68,68,68,68,68,68,68,68],"relic_stats":{"counters":[6,20],"Golden Idol":20,"CeramicFish":0,"Boot":[0],"obtain_stats":[{"Golden Idol":3,"CeramicFish":9,"Ancient Tea Set":6,"Boot":8,"Burning Blood":0},{"Golden Idol":2,"CeramicFish":5,"Ancient Tea Set":4,"Boot":5,"Burning Blood":0},{"Golden Idol":5,"CeramicFish":16,"Ancient Tea Set":12,"Boot":16,"Burning Blood":0}],"Burning Blood":25},"card_choices":[{"not_picked":["Offering","Berserk"],"picked":"Immolate","floor":0.0},{"not_picked":["Wild Strike","Entrench"],"picked":"Bloodletting","floor":1.0},{"not_picked":["Power Through","Twin Strike"],"picked":"Feel No Pain","floor":2.0},{"not_picked":["Combust","Second Wind"],"picked":"Twin Strike","floor":4.0},{"not_picked":["Dual Wield","Clash","Perfected Strike"],"picked":"SKIP","floor":6.0},{"not_picked":["Iron Wave","Seeing Red","Entrench"],"picked":"SKIP","floor":8}],"player_experience":1019074,"relics_obtained":[{"floor":6.0,"key":"Ancient Tea Set"},{"floor":8,"key":"Boot"},{"floor":9,"key":"CeramicFish"}],"event_choices":[{"damage_healed":0.0,"max_hp_gain":0.0,"max_hp_loss":7.0,"gold_gain":0.0,"event_name":"Golden Idol","player_choice":"Lose Max HP","floor":3.0,"gold_loss":0.0,"damage_taken":0.0,"relics_obtained":["Golden Idol"]},{"damage_healed":0.0,"max_hp_gain":0.0,"max_hp_loss":0.0,"gold_gain":0.0,"event_name":"Lab","player_choice":"Got Potions","floor":5.0,"gold_loss":0.0,"damage_taken":0.0}],"is_beta":false,"boss_relics":[],"items_purged_floors":[],"is_endless":false,"potions_floor_spawned":[1,2,4],"killed_by":"Gremlin Nob","ascension_level":20}}