{"host":"p8bnstsjdxjza4jm","time":1612454122,"event":{"mods":["BaseMod","Colored Powertips","Marisa£¨Ùöéë¡¡Øª×âÞÞ£©","Minty Spire (QoL Compilation)","Quick Restart","StSLib"],"gold_per_floor":[115,126,142,160,17,43,53,53,53,70,70,82,82,97,97,97,97],"floor_reached":16,"language":"KOR","playtime":1220,"items_purged":["Strike_G"],"score":106,"play_id":"53f11aca-251b-425d-a75a-48bef9429c77","local_time":"20210205005522","is_ascension_mode":false,"campfire_choices":[{"data":"Infinite Blades","floor":8.0,"key":"SMITH"},{"data":"Cloak And Dagger","floor":11,"key":"SMITH"},{"data":"Blade Dance","floor":13,"key":"SMITH"},{"floor":15,"key":"REST"}],"circlet_count":0,"master_deck":["Strike_G","Strike_G","Strike_G","Strike_G","Defend_G","Defend_G","Defend_G","Defend_G","Survivor","Neutralize","Slice","Slice","Backstab","Slice","Infinite Blades+1","Cloak And Dagger+1","Blade Dance+1"],"relics":["Ring of the Snake","Frozen Egg 2","Ice Cream"],"acts_visited":["Exordium"],"potions_floor_usage":[10,14,16],"damage_taken":[{"damage":1.0,"enemies":"Cultist","floor":1.0,"turns":4.0},{"damage":0.0,"enemies":"2 Louse","floor":2.0,"turns":2.0},{"damage":0.0,"enemies":"Jaw Worm","floor":3.0,"turns":2.0},{"damage":0.0,"enemies":"2 Fungi Beasts","floor":4.0,"turns":3.0},{"damage":21.0,"enemies":"Lagavulin","floor":6.0,"turns":5.0},{"damage":11.0,"enemies":"3 Louse","floor":7.0,"turns":3.0},{"damage":1,"enemies":"Gremlin Gang","floor":10,"turns":4},{"damage":5,"enemies":"Looter","floor":12,"turns":2},{"damage":8,"enemies":"Blue Slaver","floor":14,"turns":3},{"damage":54,"enemies":"The Guardian","floor":16,"turns":16}],"seed_played":"-7347587247626548187","potions_obtained":[{"floor":3.0,"key":"CunningPotion"},{"floor":6.0,"key":"SneckoOil"},{"floor":7.0,"key":"Regen Potion"},{"floor":14,"key":"LiquidMemories"}],"is_trial":false,"path_per_floor":["M","M","M","M","$","E","M","R","T","M","R","M","R","M","R","B"],"character_chosen":"THE_SILENT","items_purchased":["Infinite Blades"],"campfire_rested":1,"item_purchase_floors":[5],"current_hp_per_floor":[69,69,69,69,69,48,37,37,37,36,36,31,31,32,53,0,0],"gold":97,"neow_bonus":"TRANSFORM_CARD","is_daily":false,"chose_seed":false,"campfire_upgraded":3,"win_rate":0.0,"timestamp":1612454122,"path_taken":["M","M","?","M","$","E","M","R","T","?","R","M","R","?","R","BOSS"],"items_purchased_type":["Card"],"build_version":"2020-12-22","purchased_purges":1,"victory":false,"max_hp_per_floor":[70,70,70,70,70,70,70,70,70,70,70,70,70,70,70,70,70],"card_choices":[{"not_picked":["Dodge and Roll","Blade Dance"],"picked":"Slice","floor":1.0},{"not_picked":["Backflip","Setup"],"picked":"Backstab","floor":2.0},{"not_picked":["Accuracy","Blade Dance"],"picked":"Slice","floor":3.0},{"not_picked":["Burst","Underhanded Strike","Footwork"],"picked":"SKIP","floor":4.0},{"not_picked":["Escape Plan","Quick Slash","Leg Sweep"],"picked":"SKIP","floor":6.0},{"not_picked":["Bane","Prepared","Dodge and Roll"],"picked":"SKIP","floor":7.0},{"not_picked":["PiercingWail","Underhanded Strike"],"picked":"Cloak And Dagger","floor":10},{"not_picked":["Slice","Sucker Punch"],"picked":"Blade Dance","floor":12},{"not_picked":["Riddle With Holes","Poisoned Stab","Bane"],"picked":"SKIP","floor":14}],"player_experience":89452,"relics_obtained":[{"floor":6.0,"key":"Frozen Egg 2"},{"floor":9.0,"key":"Ice Cream"}],"event_choices":[],"is_beta":false,"boss_relics":[],"items_purged_floors":[5],"is_endless":false,"potions_floor_spawned":[3,6,7,14],"killed_by":"The Guardian","ascension_level":0}}