{"host":"dxldt284mdio0lzg","time":1612463178,"event":{"mods":["AchievementEnabler","BaseMod","Colored Map","Colored Powertips","Minty Spire (QoL Compilation)","SuperFastMode"],"gold_per_floor":[119,119,133,60,235,235,253,253,279,279,354,354,125,142,142,245,245,245,21,21,6,6,6,6,6],"floor_reached":24,"language":"ENG","playtime":786,"items_purged":["Parasite","Doubt"],"score":234,"play_id":"683a2644-5dbd-4c73-a0f0-07aa14b1fe3c","local_time":"20210204192618","is_ascension_mode":false,"campfire_choices":[{"data":"Eruption","floor":6,"key":"SMITH"},{"floor":8,"key":"REST"},{"floor":15,"key":"REST"},{"floor":23,"key":"REST"}],"circlet_count":0,"master_deck":["Strike_P","Strike_P","Strike_P","Defend_P","Defend_P","Defend_P","Eruption+1","Vigilance","Study","EmptyBody+1","Indignation+1","FollowUp+1","EmptyFist+1","BowlingBash+1","Tantrum+1","Halt","Judgement","FollowUp+1","Prostrate","Adaptation","Prostrate+1","Vault"],"relics":["PureWater","Molten Egg 2","Art of War","Lantern","Ectoplasm"],"acts_visited":["Exordium","TheCity"],"potions_floor_usage":[22,22],"damage_taken":[{"damage":20,"enemies":"Cultist","floor":1,"turns":7},{"damage":0,"enemies":"2 Louse","floor":3,"turns":2},{"damage":0,"enemies":"Small Slimes","floor":7,"turns":1},{"damage":4,"enemies":"2 Fungi Beasts","floor":14,"turns":2},{"damage":0,"enemies":"Slime Boss","floor":16,"turns":5},{"damage":29,"enemies":"Chosen","floor":18,"turns":5},{"damage":0,"enemies":"2 Thieves","floor":21,"turns":2},{"damage":24,"enemies":"Snecko","floor":22,"turns":4},{"damage":30,"enemies":"Book of Stabbing","floor":24,"turns":4}],"seed_played":"4122143621768246352","potions_obtained":[{"floor":3,"key":"Explosive Potion"},{"floor":18,"key":"ColorlessPotion"}],"is_trial":false,"path_per_floor":["M","?","M","$","?","R","M","R","T","?","?","?","$","M","R","B",null,"M","$","?","M","M","R","E"],"character_chosen":"WATCHER","items_purchased":["EmptyFist+1","BowlingBash+1","Lantern","Prostrate","Adaptation"],"campfire_rested":3,"item_purchase_floors":[4,4,13,19,19],"current_hp_per_floor":[45,38,38,38,38,38,38,57,57,65,54,41,41,37,55,55,62,33,33,33,33,9,27,0,0],"gold":6,"neow_bonus":"TRANSFORM_TWO_CARDS","is_daily":false,"chose_seed":false,"campfire_upgraded":1,"win_rate":0.0,"timestamp":1612463178,"path_taken":["M","?","M","$","?","R","M","R","T","?","?","?","?","M","R","BOSS","M","$","?","?","M","R","E"],"items_purchased_type":["Card","Card","Relic","Card","Card"],"build_version":"2020-12-22","purchased_purges":2,"victory":false,"max_hp_per_floor":[65,65,65,65,65,65,65,65,65,65,65,65,62,62,62,62,62,62,62,62,62,62,62,62,62],"card_choices":[{"not_picked":["EmptyFist","Meditate"],"picked":"Indignation","floor":1},{"not_picked":["Consecrate+1","Nirvana"],"picked":"FollowUp+1","floor":3},{"not_picked":["PathToVictory","Consecrate+1"],"picked":"Tantrum+1","floor":7},{"not_picked":["Protect","Fasting2"],"picked":"Halt","floor":14},{"not_picked":["Omniscience","Brilliance+1"],"picked":"Judgement","floor":16},{"not_picked":["TalkToTheHand+1","Vengeance"],"picked":"FollowUp+1","floor":18},{"not_picked":["SandsOfTime+1","Nirvana+1"],"picked":"Prostrate+1","floor":21},{"not_picked":["JustLucky+1","Halt"],"picked":"Vault","floor":22}],"player_experience":100015,"relics_obtained":[{"floor":9,"key":"Art of War"}],"event_choices":[{"damage_healed":0,"gold_gain":0,"player_choice":"Success","damage_taken":7,"relics_obtained":["Molten Egg 2"],"max_hp_gain":0,"max_hp_loss":0,"event_name":"Scrap Ooze","floor":2,"gold_loss":0},{"damage_healed":0,"gold_gain":175,"player_choice":"AGREE","damage_taken":0,"max_hp_gain":0,"max_hp_loss":0,"event_name":"Liars Game","floor":5,"gold_loss":0,"cards_obtained":["Doubt"]},{"damage_healed":16,"gold_gain":0,"player_choice":"Healed and dodged fight","damage_taken":0,"max_hp_gain":0,"max_hp_loss":0,"event_name":"Mushrooms","floor":10,"gold_loss":0,"cards_obtained":["Parasite"]},{"damage_healed":0,"gold_gain":75,"player_choice":"Gather Gold","damage_taken":11,"max_hp_gain":0,"max_hp_loss":0,"event_name":"World of Goop","floor":11,"gold_loss":0},{"damage_healed":0,"gold_gain":0,"player_choice":"Entered Light","damage_taken":13,"max_hp_gain":0,"max_hp_loss":0,"event_name":"Shining Light","floor":12,"gold_loss":0,"cards_upgraded":["EmptyBody","Indignation"]},{"damage_healed":0,"gold_gain":0,"player_choice":"Ignored","damage_taken":0,"max_hp_gain":0,"max_hp_loss":0,"event_name":"N\u0027loth","floor":20,"gold_loss":0}],"is_beta":false,"boss_relics":[{"not_picked":["Pandora\u0027s Box","Busted Crown"],"picked":"Ectoplasm"}],"items_purged_floors":[13,19],"is_endless":false,"potions_floor_spawned":[3,18],"killed_by":"Book of Stabbing","ascension_level":0}}