{"host":"52lujqhsyicpcskq","time":1612429321,"event":{"mods":["BaseMod","Colored Map","Minty Spire (QoL Compilation)","Permanent Neow","StSLib","SuperFastMode","everything is the same but u backflip on backflip"],"gold_per_floor":[18,32,32,50,70,70,110,110,110,110,128,146,71,110,110,206,206,229,267,282,282,282],"floor_reached":21,"language":"KOR","playtime":887,"items_purged":["Strike_G"],"score":315,"play_id":"d8095119-b2b0-4f18-bf84-24b44a86fbd0","local_time":"20210204180201","is_ascension_mode":true,"campfire_choices":[{"floor":6,"key":"REST"},{"floor":10,"key":"REST"},{"floor":15,"key":"REST"}],"circlet_count":0,"master_deck":["AscendersBane","Strike_G","Strike_G","Strike_G","Strike_G","Defend_G","Defend_G+1","Defend_G","Defend_G","Defend_G+1","Survivor","Neutralize","Corpse Explosion","Well Laid Plans","Quick Slash","Injury","PiercingWail","Footwork","Storm of Steel","Footwork","Blade Dance","Dagger Spray","Venomology","Dash+1","Footwork","Accuracy+1"],"relics":["Ring of the Snake","Golden Idol","War Paint","Letter Opener","Tough Bandages","SacredBark","Red Mask"],"acts_visited":["Exordium","TheCity"],"potions_floor_usage":[7,14,18,18,19,21],"damage_taken":[{"damage":23,"enemies":"Jaw Worm","floor":1,"turns":6},{"damage":0,"enemies":"2 Louse","floor":2,"turns":2},{"damage":2,"enemies":"Cultist","floor":4,"turns":4},{"damage":14,"enemies":"Red Slaver","floor":5,"turns":5},{"damage":30,"enemies":"Gremlin Nob","floor":7,"turns":5},{"damage":3,"enemies":"Exordium Wildlife","floor":11,"turns":4},{"damage":14,"enemies":"3 Louse","floor":12,"turns":3},{"damage":8,"enemies":"3 Sentries","floor":14,"turns":6},{"damage":31,"enemies":"The Guardian","floor":16,"turns":17},{"damage":5,"enemies":"2 Thieves","floor":18,"turns":4},{"damage":0,"enemies":"Masked Bandits","floor":19,"turns":2},{"damage":15,"enemies":"3 Byrds","floor":20,"turns":6},{"damage":26,"enemies":"Snake Plant","floor":21,"turns":7}],"seed_played":"-2357938113830168039","potions_obtained":[{"floor":1,"key":"Explosive Potion"},{"floor":4,"key":"Ancient Potion"},{"floor":5,"key":"Energy Potion"},{"floor":14,"key":"Dexterity Potion"},{"floor":16,"key":"LiquidMemories"},{"floor":18,"key":"Fire Potion"}],"is_trial":false,"path_per_floor":["M","M","?","M","M","R","E","?","T","R","M","M","$","E","R","B",null,"M","?","M","M"],"character_chosen":"THE_SILENT","items_purchased":[],"campfire_rested":3,"item_purchase_floors":[],"current_hp_per_floor":[40,40,40,38,24,45,15,15,15,36,33,19,19,11,32,1,53,48,48,33,7,7],"gold":282,"neow_bonus":"THREE_RARE_CARDS","is_daily":false,"chose_seed":false,"campfire_upgraded":0,"win_rate":0.0,"timestamp":1612429321,"path_taken":["M","M","?","M","M","R","E","?","T","R","M","M","$","E","R","BOSS","M","?","M","M"],"items_purchased_type":[],"build_version":"2020-12-22","purchased_purges":1,"victory":false,"max_hp_per_floor":[70,70,70,70,70,70,70,70,70,70,70,70,70,70,70,70,70,70,70,70,70,70],"card_choices":[{"not_picked":["Malaise","Night Terror"],"picked":"Corpse Explosion","floor":0},{"not_picked":["Dodge and Roll","Deflect"],"picked":"Well Laid Plans","floor":1},{"not_picked":["Dagger Throw","Reflex"],"picked":"Quick Slash","floor":2},{"not_picked":["Poisoned Stab","Prepared"],"picked":"PiercingWail","floor":4},{"not_picked":["Caltrops","PiercingWail"],"picked":"Footwork","floor":5},{"not_picked":["Predator","Dagger Throw"],"picked":"Storm of Steel","floor":7},{"not_picked":["Blur","Bane"],"picked":"Footwork","floor":11},{"not_picked":["Caltrops","Quick Slash"],"picked":"Blade Dance","floor":12},{"not_picked":["Endless Agony","Caltrops"],"picked":"Dagger Spray","floor":14},{"not_picked":["Tools of the Trade","Corpse Explosion"],"picked":"Venomology","floor":16},{"not_picked":["Heel Hook+1","Quick Slash"],"picked":"Dash+1","floor":18},{"not_picked":["Prepared","Poisoned Stab"],"picked":"Footwork","floor":19},{"not_picked":["Expertise","Deadly Poison"],"picked":"Accuracy+1","floor":20}],"player_experience":753949,"relics_obtained":[{"floor":7,"key":"War Paint"},{"floor":9,"key":"Letter Opener"},{"floor":14,"key":"Tough Bandages"},{"floor":19,"key":"Red Mask"}],"event_choices":[{"damage_healed":0,"gold_gain":0,"player_choice":"Take Wound","damage_taken":0,"relics_obtained":["Golden Idol"],"max_hp_gain":0,"max_hp_loss":0,"event_name":"Golden Idol","floor":3,"gold_loss":0,"cards_obtained":["Injury"]},{"damage_healed":0,"gold_gain":0,"player_choice":"Ignored","damage_taken":0,"max_hp_gain":0,"max_hp_loss":0,"event_name":"Liars Game","floor":8,"gold_loss":0},{"damage_healed":0,"gold_gain":0,"player_choice":"Fought Bandits","damage_taken":0,"max_hp_gain":0,"max_hp_loss":0,"event_name":"Masked Bandits","floor":19,"gold_loss":0}],"is_beta":false,"boss_relics":[{"not_picked":["SlaversCollar","Busted Crown"],"picked":"SacredBark"}],"items_purged_floors":[13],"is_endless":false,"potions_floor_spawned":[1,4,5,14,16,18],"killed_by":"Snake Plant","ascension_level":13}}