{"host":"tpbmol9dayg75a5s","time":1612406963,"event":{"mods":["BaseMod","Bestiary","Block Reminder","Colored Powertips","Dark Map","Downfall","Minty Spire (QoL Compilation)","Relic Stats","Spire Arcade","StSLib"],"gold_per_floor":[99,115,128,128,143,158,158,258,258,283,183,211,111,130,145,246,246,246,76,76,91,102,133,133,133,149,182,182,210,210,210,210,210],"floor_reached":31,"language":"ENG","playtime":2441,"items_purged":[],"score":493,"play_id":"7b70b291-ccd2-4ddc-812b-a3cb5a283c22","local_time":"20210203234923","is_ascension_mode":true,"campfire_choices":[{"floor":1,"key":"RECALL"},{"data":"hexamod:Float","floor":11,"key":"SMITH"},{"floor":13,"key":"REST"},{"data":"hexamod:GiftsFromTheDead","floor":18,"key":"SMITH"},{"data":"hexamod:ThermalTransfer","floor":25,"key":"SMITH"},{"data":"hexamod:RetreatToShadows","floor":28,"key":"SMITH"}],"circlet_count":0,"master_deck":["AscendersBane","hexamod:Sear","hexamod:Float+1","hexamod:Firestarter+1","hexamod:StepThrough+1","hexamod:PhantomCloak+1","hexamod:FirstSeal","hexamod:FastForward+1","hexamod:HeatMetal","hexamod:GiftsFromTheDead+1","hexamod:RainOfEmbers","hexamod:RetreatToShadows+1","hexamod:SixthSeal","hexamod:ThermalTransfer+1","hexamod:CouncilsJustice+1","hexamod:CouncilsJustice","hexamod:CouncilsJustice","Ghostly","Ghostly","Ghostly","hexamod:Hexaguard","hexamod:NightmareStrike","hexamod:Haunt","hexamod:SoulSteal+1","hexamod:GhostflameBarrier+1"],"relics":["hexamod:SpiritBrand","Bottled Tornado","downfall:HeartBlessingRed","Ginger","downfall:HeartBlessingGreen","Empty Cage","Oddly Smooth Stone","Tiny Chest","Nunchaku","hexamod:Sixitude","Question Card"],"acts_visited":["Exordium","TheCity"],"potions_floor_usage":[16,27],"damage_taken":[{"damage":2,"enemies":"Small Slimes","floor":2,"turns":3},{"damage":2,"enemies":"Jaw Worm","floor":3,"turns":3},{"damage":4,"enemies":"2 Louse","floor":5,"turns":2},{"damage":1,"enemies":"Blue Slaver","floor":6,"turns":4},{"damage":26,"enemies":"3 Sentries","floor":12,"turns":9},{"damage":0,"enemies":"Large Slime","floor":14,"turns":5},{"damage":14,"enemies":"3 Louse","floor":15,"turns":4},{"damage":38,"enemies":"DF_ARCHETYPE_STREAMLINE","floor":16,"turns":13},{"damage":4,"enemies":"downfall:FleeingMerchant","floor":19,"turns":4},{"damage":2,"enemies":"Chosen","floor":21,"turns":5},{"damage":5,"enemies":"Shell Parasite","floor":22,"turns":6},{"damage":15,"enemies":"Book of Stabbing","floor":23,"turns":5},{"damage":3,"enemies":"Snake Plant","floor":26,"turns":3},{"damage":0,"enemies":"Gremlin Leader","floor":27,"turns":7},{"damage":27,"enemies":"Slavers","floor":29,"turns":5},{"damage":15,"enemies":"Shelled Parasite and Fungi","floor":31,"turns":1}],"seed_played":"2978798008419594365","potions_obtained":[{"floor":3,"key":"Explosive Potion"},{"floor":6,"key":"SneckoOil"},{"floor":10,"key":"Weak Potion"},{"floor":14,"key":"Slimebound:ThreeZeroPotion"},{"floor":21,"key":"Swift Potion"},{"floor":29,"key":"Dexterity Potion"},{"floor":30,"key":"CultistPotion"}],"is_trial":false,"path_per_floor":["R","M","M","?","M","M","T","?","?","?","R","E","R","M","M","B",null,"R","$","?","M","M","E","T","R","M","E","R","E","?","M"],"character_chosen":"THE_SPIRIT","items_purchased":["Oddly Smooth Stone"],"campfire_rested":1,"item_purchase_floors":[19],"current_hp_per_floor":[63,61,59,52,55,61,61,61,61,61,61,42,63,70,63,25,59,59,55,35,35,35,27,27,27,31,35,35,15,15,0,0,0],"gold":210,"neow_bonus":"TRANSFORM_CARD","is_daily":false,"chose_seed":false,"campfire_upgraded":4,"win_rate":0.0,"timestamp":1612406963,"path_taken":["R","M","M","?","M","M","T","?","?","?","R","E","R","M","M","BOSS","R","$","?","M","M","E","T","R","M","E","R","E","?","M"],"items_purchased_type":["Relic"],"build_version":"2020-12-22","purchased_purges":0,"victory":false,"max_hp_per_floor":[70,70,70,70,70,70,70,70,70,70,70,70,70,70,70,70,70,70,70,35,35,35,35,35,35,35,35,35,35,35,35,35,35],"relic_stats":{"Nunchaku":[2],"counters":[16,79],"Tiny Chest":0,"Ginger":[10],"Question Card":0,"obtain_stats":[{"Nunchaku":24,"downfall:HeartBlessingRed":11,"Oddly Smooth Stone":19,"hexamod:Sixitude":27,"downfall:HeartBlessingGreen":13,"Tiny Chest":23,"Ginger":12,"Bottled Tornado":7,"Empty Cage":17,"Question Card":29,"hexamod:SpiritBrand":0},{"Nunchaku":12,"downfall:HeartBlessingRed":4,"Oddly Smooth Stone":9,"hexamod:Sixitude":14,"downfall:HeartBlessingGreen":5,"Tiny Chest":12,"Ginger":5,"Bottled Tornado":4,"Empty Cage":8,"Question Card":15,"hexamod:SpiritBrand":0},{"Nunchaku":63,"downfall:HeartBlessingRed":12,"Oddly Smooth Stone":47,"hexamod:Sixitude":73,"downfall:HeartBlessingGreen":21,"Tiny Chest":63,"Ginger":21,"Bottled Tornado":12,"Empty Cage":43,"Question Card":78,"hexamod:SpiritBrand":0}]},"card_choices":[{"not_picked":["hexamod:HauntingEcho","hexamod:FastForward"],"picked":"hexamod:StepThrough","floor":2},{"not_picked":["hexamod:NecessarySacrifice","hexamod:Hexaguard"],"picked":"hexamod:PhantomCloak","floor":3},{"not_picked":["hexamod:Hexaguard","hexamod:SwordOfDarkness"],"picked":"hexamod:FastForward","floor":5},{"not_picked":["hexamod:SecondSeal","hexamod:BacktrackSmack"],"picked":"hexamod:HeatMetal","floor":6},{"not_picked":["hexamod:HeatMetal","hexamod:SwordOfDarkness"],"picked":"hexamod:GiftsFromTheDead","floor":12},{"not_picked":["hexamod:GhostOfSpireFuture","hexamod:Hexaguard"],"picked":"hexamod:RainOfEmbers","floor":14},{"not_picked":["hexamod:SwordOfDarkness","hexamod:RainOfEmbers"],"picked":"hexamod:RetreatToShadows","floor":15},{"not_picked":["hexamod:WildfireWeapon","hexamod:GhostflameInferno"],"picked":"hexamod:SixthSeal","floor":16},{"not_picked":["hexamod:SwordOfDarkness","hexamod:NecessarySacrifice"],"picked":"hexamod:ThermalTransfer","floor":19},{"not_picked":["hexamod:SoulSteal","hexamod:FastForward"],"picked":"hexamod:Hexaguard","floor":21},{"not_picked":["hexamod:BurningTouch","hexamod:GhostLash"],"picked":"hexamod:NightmareStrike","floor":22},{"not_picked":["hexamod:FastForward","hexamod:TurnItUp"],"picked":"hexamod:Haunt","floor":23},{"not_picked":["hexamod:RecurringNightmare","hexamod:HauntingEcho"],"picked":"hexamod:SoulSteal+1","floor":26},{"not_picked":["hexamod:GhostShield","hexamod:GhostflameInferno"],"picked":"hexamod:GhostflameBarrier+1","floor":27},{"not_picked":["hexamod:FastForward","hexamod:AdvancingGuard","hexamod:CatchUp"],"picked":"SKIP","floor":29}],"player_experience":1095644,"relics_obtained":[{"floor":7,"key":"Bottled Tornado"},{"floor":12,"key":"Ginger"},{"floor":23,"key":"Tiny Chest"},{"floor":24,"key":"Nunchaku"},{"floor":27,"key":"hexamod:Sixitude"},{"floor":29,"key":"Question Card"}],"event_choices":[{"damage_healed":0,"gold_gain":0,"player_choice":"Grow","damage_taken":0,"max_hp_gain":0,"max_hp_loss":0,"event_name":"Living Wall","floor":9,"gold_loss":0,"cards_upgraded":["hexamod:PhantomCloak"]}],"is_beta":false,"boss_relics":[{"not_picked":["hexamod:IceCube","Busted Crown"],"picked":"Empty Cage"}],"items_purged_floors":[],"is_endless":false,"potions_floor_spawned":[3,6,12,14,21,23,29],"killed_by":"Shelled Parasite and Fungi","ascension_level":11}}