{"host":"54jr43vd79817238","time":1612408618,"event":{"mods":["100% Spire Juice","ATMod(阿瑾Mod)","Act Like it!","Arknights","Aspiration","BaseMod","CapriCore","Dota2Spire","Friendly Minions","Gensokyo","Hallownest","Hermit","Jedi Mod","KomeijiMod","Lobotomy","LobotomyExtend","Marisa（F雨　魔理沙）","Minty Spire (QoL Compilation)","MostiFishMod","Quarter Circle Forward PUNCH!","Reliquary","Replay The Spire","Robot Space Explorer","RumiaBox-露米娅的神秘盒子","Slay the StarCraft II Mod","Spicy Shops","StSLib","TestMod","The Blackbeard","The Dragon Tamer","WarShipGirlsR/战舰少女R mod","Yakumo Yukari mod","Youmu（魂魄妖梦）","Yuyuko","[IsaacMod]以撒尖塔","【遗物卡牌】REMEMod"],"gold_per_floor":[116,116,116,134,153,240,240,240,240,265,265,282,358,358,358,377,377,549,549,592,611,668,668,687,687,713,713,736,770,770,785,507,584,584,708,708,728,739,746,761,858,858,503,503,503,545,198,198,198,223,223,322,322,322,322,16,48,363],"floor_reached":59,"language":"ZHS","playtime":2433,"items_purged":["rmod:strick","rmod:strick","Pain"],"score":1650,"play_id":"c12f7246-07fb-4d47-afe4-490b769744a0","local_time":"20210204111658","is_ascension_mode":true,"campfire_choices":[{"floor":9,"key":"RECALL"},{"floor":15,"key":"REST"},{"data":"jedi:studypoison","floor":17,"key":"SMITH"},{"data":"rmod:abidefaith","floor":25,"key":"SMITH"},{"data":"MostiFishMod:Kaleido","floor":27,"key":"SMITH"},{"data":"rmod:steelsupply","floor":30,"key":"SMITH"},{"data":"rmod:expedition+1","floor":34,"key":"SMITH"},{"data":"MasterReality","floor":42,"key":"SMITH"},{"floor":51,"key":"REST"},{"floor":55,"key":"REST"}],"circlet_count":0,"master_deck":["BettingIsNotGood+1","jedi:studypoison+1","rmod:abidefaith+1","rmod:openingtorpedo","rmod:steelsupply+1","rmod:openingtorpedo","rmod:luckystar+1","rmod:chargemoney+1","rmod:lonelyqueen+1","rmod:lastglory+1","testmod-Collector+1","rmod:acesubmarine+1","MostiFishMod:Kaleido+1","Escape Plan+1","rmod:expedition+2","rmod:tearstotiara+1","MasterReality+1","MostiFishMod:PerfectForm","Madness","Madness","Parasite","Crow Ritual","rmod:mineteam","rmod:fletcher+1","rmod:expeditionaryescort","rmod:windflower","rmod:desperatesituation","rmod:ridicule","rmod:desperatesituation","rmod:supriseattacks","rmod:stealaluminum"],"relics":["rmod:firstchargereward","DaveBox","AT_ATBox","testmod-TestBox","REME_ComplimentaryCards","HushsDoor","NeowsBlessing","SalivaCoin","testmod-MagicalMallet","JellyFishMachine","SynthV:TestCard","Gensokyo:LunaticRedEyes","Divine Protection","AT_SunfireAegis","Molten Egg 2","reliquary:OuijaBoard","REME_LowDesire","reliquary:Buckler","Bronze Scales","aspiration:HummingbirdHeart","Replay:M_StaffOfTheSnake","Smiling Mask","Centennial Puzzle","NitorisBag","Bag of Preparation","GodSword7","qcfpunch:Crimson_Sash","reliquary:Knoch","aspiration:ArtOfWarUpgrade","reliquary:TridentHead","SumBook","reliquary:PorcupineQuills","Orichalcum","BelialBook","aspiration:ChemicalBlood","SynthV:C4","reliquary:Firecrackers"],"acts_visited":["Gensokyo:Gensokyo","TheCity","TheBeyond","TheEnding"],"potions_floor_usage":[6,13,41,46,58,58],"damage_taken":[{"damage":0,"enemies":"Gensokyo:Python","floor":1,"turns":1},{"damage":0,"enemies":"Gensokyo:Gryphon","floor":4,"turns":1},{"damage":1,"enemies":"Gensokyo:3_Fairies","floor":5,"turns":1},{"damage":24,"enemies":"Gensokyo:Aya","floor":6,"turns":6},{"damage":3,"enemies":"Gensokyo:Python_and_Kodama","floor":12,"turns":4},{"damage":36,"enemies":"Gensokyo:Cirno","floor":13,"turns":5},{"damage":0,"enemies":"Gensokyo:Kitsune","floor":16,"turns":2},{"damage":22,"enemies":"Gensokyo:Kokoro","floor":18,"turns":10},{"damage":0,"enemies":"2 Thieves","floor":20,"turns":2},{"damage":0,"enemies":"Chosen","floor":21,"turns":2},{"damage":0,"enemies":"Centurion and Healer","floor":24,"turns":1},{"damage":0,"enemies":"Book of Stabbing","floor":26,"turns":4},{"damage":0,"enemies":"Gremlin Leader","floor":29,"turns":3},{"damage":0,"enemies":"Snake Plant","floor":31,"turns":4},{"damage":6,"enemies":"Slavers","floor":33,"turns":2},{"damage":0,"enemies":"Champ","floor":35,"turns":4},{"damage":0,"enemies":"3 Darklings","floor":37,"turns":1},{"damage":0,"enemies":"Orb Walker","floor":38,"turns":2},{"damage":0,"enemies":"Writhing Mass","floor":40,"turns":4},{"damage":17,"enemies":"Maw","floor":41,"turns":6},{"damage":26,"enemies":"Giant Head","floor":46,"turns":6},{"damage":0,"enemies":"Nemesis","floor":50,"turns":3},{"damage":48,"enemies":"Awakened One","floor":52,"turns":8},{"damage":0,"enemies":"Shield and Spear","floor":57,"turns":2},{"damage":71,"enemies":"The Heart","floor":58,"turns":6}],"seed_played":"8145892970831053654","potions_obtained":[{"floor":4,"key":"jedi:tentaclejuice"},{"floor":5,"key":"Energy Potion"},{"floor":18,"key":"Death Potion"},{"floor":21,"key":"Dota2Spire:HealingSalve"},{"floor":26,"key":"jedi:tentaclejuice"},{"floor":35,"key":"SteroidPotion"},{"floor":50,"key":"Explosive Potion"},{"floor":57,"key":"AttackPotion"},{"floor":58,"key":"SteroidPotion"},{"floor":58,"key":"jedi:StrikingPotion"}],"is_trial":false,"path_per_floor":["M","?","?","M","M","E","PTL","PTL","R","T","T","M","E","?","R","M","R","B",null,"M","M","?","?","M","R","E","R","T","E","R","M","$","E","R","B",null,"M","M","?","M","M","R","$","R","T","E","$","R","?","E","R","B",null,null,"R","$","E","B",null],"character_chosen":"PRAEFECT","items_purchased":["NitorisBag","Bag of Preparation","reliquary:Knoch","Art of War","reliquary:PorcupineQuills","Orichalcum","aspiration:ChemicalBlood","SynthV:C4"],"campfire_rested":3,"item_purchase_floors":[32,32,43,43,47,47,56,56],"current_hp_per_floor":[75,75,75,75,74,50,50,50,50,50,50,67,31,31,53,53,53,41,75,75,75,75,75,75,75,75,75,75,75,75,75,75,75,75,75,75,75,75,66,71,64,64,64,64,64,38,38,38,38,38,49,1,1,39,50,50,50,34],"gold":363,"neow_bonus":"THREE_ENEMY_KILL","is_daily":false,"chose_seed":false,"campfire_upgraded":6,"win_rate":0.0,"timestamp":1612408618,"path_taken":["M","?","?","M","?","E","PTL","PTL","R","?","T","M","E","?","R","M","R","BOSS","M","?","?","?","M","R","E","R","T","E","R","?","$","E","R","BOSS","M","M","?","M","M","R","$","R","T","E","$","R","?","E","R","BOSS","R","$","E","BOSS"],"items_purchased_type":["Relic","Relic","Relic","Relic","Relic","Relic","Relic","Relic"],"build_version":"2020-12-22","purchased_purges":3,"victory":true,"max_hp_per_floor":[75,75,75,75,75,75,75,75,75,75,75,75,75,75,75,75,75,75,75,75,75,75,75,75,75,75,75,75,75,75,75,75,75,75,75,75,75,75,75,75,75,75,75,75,75,75,75,75,75,75,75,75,75,75,75,75,75,75],"card_choices":[{"not_picked":[],"picked":"BettingIsNotGood","floor":0},{"not_picked":["rmod:aviationdawn","rmod:generalist"],"picked":"rmod:abidefaith","floor":1},{"not_picked":["rmod:advancebysurprise","rmod:shuttlebombing","rmod:heivgo","rmod:firesupport"],"picked":"rmod:openingtorpedo","floor":4},{"not_picked":["rmod:firesupport","rmod:intelligenceanalysis","rmod:overbreakdown","rmod:highspeedshooting"],"picked":"rmod:steelsupply","floor":5},{"not_picked":["rmod:circuitoustactics","rmod:overbreakdown","rmod:ridicule","rmod:luckystar"],"picked":"rmod:openingtorpedo","floor":6},{"not_picked":["rmod:aviationdawn","rmod:circuitoustactics","rmod:royalracing","rmod:victimresponsibility"],"picked":"rmod:luckystar+1","floor":12},{"not_picked":["rmod:intelligenceanalysis+1","rmod:smokecover","rmod:fletcherpendant+1","rmod:robin"],"picked":"rmod:chargemoney","floor":13},{"not_picked":["rmod:circuitoustactics","rmod:supportescort","rmod:overbreakdown","rmod:smokecover"],"picked":"rmod:lonelyqueen","floor":16},{"not_picked":["rmod:windflower","rmod:timeschanged+1","rmod:stealaluminum","rmod:u235"],"picked":"rmod:lastglory+1","floor":18},{"not_picked":["rmod:wasp","rmod:supportescort","rmod:ammunitionsupply+1","rmod:highspeedshooting+1","rmod:circuitoustactics"],"picked":"testmod-Collector+1","floor":20},{"not_picked":["rmod:fuelsupply","rmod:capitalist","rmod:garrisonisland+1","rmod:advancebysurprise","rmod:robin","Magnetism"],"picked":"SKIP","floor":21},{"not_picked":["rmod:aluminumsupply","rmod:bulid","rmod:salvage+1","rmod:overbreakdown","testmod-AdversityCounterattack+1"],"picked":"rmod:acesubmarine+1","floor":22},{"not_picked":["Dagger Throw+1","rmod:diamondstrike+1","rmod:selfconfidence+1","Outmaneuver","rmod:firesupport+1","jedi:forcepush"],"picked":"SKIP","floor":24},{"not_picked":["ClearTheMind","rmod:bulid+1","rmod:shuttlebombing+1","rmod:wasp","JustLucky+1"],"picked":"MostiFishMod:Kaleido","floor":26},{"not_picked":["rmod:supportescort+1","rmod:launchingtorpedo+1","JustLucky+1","rmod:spoils+1","testmod-LimitFlipper"],"picked":"Escape Plan+1","floor":29},{"not_picked":["ThirdEye","rmod:fletcherpendant+1","rmod:guardianhero+1","rmod:goodfighter+1","MostiFishMod:Kaleido"],"picked":"rmod:expedition+1","floor":31},{"not_picked":["Glass Knife+1","rmod:ammunitionsupply","rmod:robin+1","rmod:abidefaith","Deep Breath"],"picked":"rmod:tearstotiara+1","floor":33},{"not_picked":["Bullet Time","rmod:auspiciousomen","Wraith Form v2","rmod:fletcher+1","jedi:LeechingStrike"],"picked":"MasterReality","floor":35},{"not_picked":["rmod:supportescort+1","rmod:steelsupply","rmod:fletcherpendant+1","rmod:mineteam+1","rmod:luckystar+1"],"picked":"MostiFishMod:PerfectForm","floor":37},{"not_picked":["rmod:capitalist+1","rmod:aviationdawn+1","rmod:firesupport+1","rmod:punchline","rmod:salvage+1","Mind Blast+1"],"picked":"SKIP","floor":38},{"not_picked":["rmod:victimresponsibility","rmod:combined+1","rmod:secretscript","rmod:highspeedshooting+1","rmod:luckystar+1"],"picked":"Crow Ritual","floor":40},{"not_picked":["rmod:fletcherpendant+1","rmod:advancebysurprise+1","rmod:wasp","rmod:fuelsupply","HandOfGreed+1"],"picked":"rmod:mineteam","floor":41},{"not_picked":["rmod:spoils+1","rmod:steelsupply","rmod:aluminumsupply","rmod:garrisonisland+1","rmod:diaomin","testmod-TreasureHunter+1"],"picked":"SKIP","floor":46},{"not_picked":["rmod:aviationdawn","rmod:generalist+1","rmod:firesupport+1","rmod:circuitoustactics","rmod:unsinkable+1","REME_ShortnessOfBreath"],"picked":"SKIP","floor":50},{"not_picked":["rmod:fuelsupply+1","rmod:shuttlebombing+1","rmod:steelsupply","rmod:guardianhero","rmod:generalist+1","testmod-Reflect"],"picked":"SKIP","floor":57}],"player_experience":286540,"relics_obtained":[{"floor":1,"key":"SynthV:TestCard"},{"floor":6,"key":"Divine Protection"},{"floor":10,"key":"AT_SunfireAegis"},{"floor":11,"key":"Molten Egg 2"},{"floor":13,"key":"reliquary:OuijaBoard"},{"floor":19,"key":"reliquary:Buckler"},{"floor":19,"key":"Bronze Scales"},{"floor":22,"key":"aspiration:HummingbirdHeart"},{"floor":26,"key":"Smiling Mask"},{"floor":29,"key":"Centennial Puzzle"},{"floor":33,"key":"GodSword7"},{"floor":45,"key":"reliquary:TridentHead"},{"floor":46,"key":"SumBook"},{"floor":50,"key":"BelialBook"},{"floor":57,"key":"reliquary:Firecrackers"}],"event_choices":[{"damage_healed":0,"gold_gain":0,"player_choice":"Swap Relic","damage_taken":0,"relics_obtained":["aspiration:Nostalgia"],"max_hp_gain":0,"max_hp_loss":0,"event_name":"给自己的盒子","floor":23,"relics_lost":["aspiration:Nostalgia"],"gold_loss":0},{"damage_healed":0,"gold_gain":0,"player_choice":"Embrace Madness","damage_taken":9,"max_hp_gain":0,"max_hp_loss":0,"event_name":"Winding Halls","floor":39,"gold_loss":0,"cards_obtained":["Madness","Madness"]}],"is_beta":false,"boss_relics":[{"not_picked":["ChewingGum","testmod-StringDisintegrator"],"picked":"REME_LowDesire"},{"not_picked":[]},{"not_picked":["testmod-GoldenSoul","Runic Dome"],"picked":"qcfpunch:Crimson_Sash"},{"not_picked":[]}],"items_purged_floors":[32,43,47],"is_endless":false,"potions_floor_spawned":[4,5,18,21,26,29,35,37,41,50,57],"ascension_level":2}}