{"host":"92wx9z21c4p52du4","time":1612421252,"event":{"mods":["BaseMod","Downfall","Hermit","Minty Spire (QoL Compilation)","Reliquary","StSLib","The Hierophant"],"gold_per_floor":[349,359,375,395,395,412,459,472,472,472,486,586,618,636,647,743,743,743,762,762,781,798,831,858,858,758,778,792,792,792,297,309,408,408,408,458,458,475,493,54,79,79,96,116,266,285,285,316,334,334],"floor_reached":51,"language":"ENG","playtime":4877,"items_purged":["Pride","Decay"],"score":730,"play_id":"66ec2486-1c57-40f3-8c18-5d9f1f041ffd","local_time":"20210204004732","is_ascension_mode":false,"campfire_choices":[{"data":"Slimebound:Split","floor":1,"key":"SMITH"},{"data":"Slimebound:SplitSpecialist","floor":9,"key":"SMITH"},{"data":"Slimebound:MassRepurpose","floor":18,"key":"SMITH"},{"data":"Slimebound:TagTeam","floor":26,"key":"SMITH"},{"data":"Slimebound:LevelUp","floor":35,"key":"SMITH"},{"data":"Slimebound:Darklings","floor":47,"key":"SMITH"}],"circlet_count":0,"master_deck":["Slimebound:Split+1","Slimebound:CorrosiveSpit","Slimebound:SplitSpecialist+1","Slimebound:MegaLick","Slimebound:SlimeTap","Slimebound:Darklings","Slimebound:ServeAndProtect","Slimebound:SplitLeeching","Slimebound:SplitSpecialist","Slimebound:Schlurp","Slimebound:MassRepurpose+1","Slimebound:DouseInSlime","Slimebound:Schlurp","Slimebound:MassFeed","Slimebound:SlimeSlap","Slimebound:Prepare","Slimebound:AcidTongue","Slimebound:LevelUp+1","Slimebound:SplitMire","Slimebound:TagTeam+1","Slimebound:LeechingTouch+1","Slimebound:TongueLash","Slimebound:CheckThePlaybook","Slimebound:DivideAndConquer","Slimebound:ServeAndProtect","Slimebound:Prepare","Slimebound:DisruptingSlam+1","Slimebound:Darklings+1","Slimebound:SlimeSpikes+1","Slimebound:SplitMire","Slimebound:Darklings","Slimebound:DouseInSlime","expansioncontent:QuickStudy","Slimebound:ForwardTackle+1","Slimebound:SlimeBarrage+1","Slimebound:SplitAcid","Slimebound:SamplingLick","Slimebound:LevelUp+1","Slimebound:SplitMire","Slimebound:RejuvenatingLick"],"relics":["Slimebound:AbsorbEndCombat","WarpedTongs","Orichalcum","Happy Flower","Thread and Needle","Pandora\u0027s Box","Art of War","Oddly Smooth Stone","Darkstone Periapt","downfall:HeartBlessingGreen","Kunai","Frozen Egg 2","SlaversCollar","Incense Burner","Strange Spoon","Toy Ornithopter","Omamori","Ancient Tea Set"],"acts_visited":["Exordium","TheCity","TheBeyond"],"potions_floor_usage":[8,13,16,23,23,27,33,33,39,39,49],"damage_taken":[{"damage":6,"enemies":"Jaw Worm","floor":2,"turns":4},{"damage":0,"enemies":"Cultist","floor":3,"turns":3},{"damage":0,"enemies":"Small Slimes","floor":4,"turns":3},{"damage":10,"enemies":"2 Fungi Beasts","floor":6,"turns":3},{"damage":9,"enemies":"Gremlin Gang","floor":8,"turns":3},{"damage":19,"enemies":"Exordium Thugs","floor":11,"turns":4},{"damage":21,"enemies":"Lagavulin","floor":13,"turns":6},{"damage":3,"enemies":"2 Fungi Beasts","floor":14,"turns":5},{"damage":0,"enemies":"Blue Slaver","floor":15,"turns":3},{"damage":19,"enemies":"IC_STATUS_ARCHETYPE","floor":16,"turns":8},{"damage":1,"enemies":"Chosen","floor":19,"turns":4},{"damage":0,"enemies":"Spheric Guardian","floor":21,"turns":5},{"damage":3,"enemies":"Snecko","floor":22,"turns":5},{"damage":4,"enemies":"Book of Stabbing","floor":23,"turns":6},{"damage":10,"enemies":"Chosen and Byrds","floor":27,"turns":5},{"damage":3,"enemies":"Cultist and Chosen","floor":28,"turns":4},{"damage":6,"enemies":"downfall:FleeingMerchant","floor":31,"turns":4},{"damage":0,"enemies":"Shelled Parasite and Fungi","floor":32,"turns":4},{"damage":8,"enemies":"SI_MIRROR_ARCHETYPE","floor":33,"turns":7},{"damage":1,"enemies":"SI_MIRROR_ARCHETYPE","floor":36,"turns":3},{"damage":8,"enemies":"3 Darklings","floor":38,"turns":4},{"damage":4,"enemies":"3 Shapes","floor":39,"turns":3},{"damage":3,"enemies":"downfall:FleeingMerchant","floor":40,"turns":4},{"damage":12,"enemies":"Sphere and 2 Shapes","floor":43,"turns":7},{"damage":14,"enemies":"Transient","floor":44,"turns":5},{"damage":0,"enemies":"downfall:FleeingMerchant","floor":45,"turns":4},{"damage":7,"enemies":"Writhing Mass","floor":46,"turns":4},{"damage":35,"enemies":"Reptomancer","floor":48,"turns":5},{"damage":22,"enemies":"4 Shapes","floor":49,"turns":4},{"damage":12,"enemies":"DF_ARCHETYPE_ORBS","floor":50,"turns":8}],"seed_played":"8001230428498071185","potions_obtained":[{"floor":4,"key":"DuplicationPotion"},{"floor":6,"key":"SneckoOil"},{"floor":11,"key":"FairyPotion"},{"floor":15,"key":"Slimebound:SlimedPotion"},{"floor":16,"key":"Weak Potion"},{"floor":22,"key":"AttackPotion"},{"floor":23,"key":"Explosive Potion"},{"floor":32,"key":"EntropicBrew"},{"floor":38,"key":"Energy Potion"},{"floor":44,"key":"FairyPotion"},{"floor":46,"key":"FearPotion"},{"floor":48,"key":"SkillPotion"},{"floor":49,"key":"EntropicBrew"}],"is_trial":false,"path_per_floor":["R","M","M","M","?","M","T","M","R","?","M","?","E","M","M","B",null,"R","M","?","M","M","E","T","T","R","M","M","?","?","$","M","B",null,"R","?","?","M","M","$","T","?","M","M","$","M","R","E","M","B",null],"character_chosen":"SLIMEBOUND","items_purchased":["Slimebound:Gluttony","Frozen Egg 2","Slimebound:ServeAndProtect","Slimebound:Prepare","Strange Spoon","expansioncontent:QuickStudy","Omamori","Slimebound:SamplingLick"],"campfire_rested":0,"item_purchase_floors":[31,31,31,31,40,40,45,45],"current_hp_per_floor":[65,61,63,65,65,59,59,50,50,32,17,17,19,22,24,13,65,65,68,68,72,71,76,76,76,76,66,72,78,77,73,78,78,80,80,79,79,76,78,77,77,77,73,65,69,70,70,41,30,26],"gold":334,"neow_bonus":"TWO_FIFTY_GOLD","is_daily":false,"chose_seed":false,"campfire_upgraded":6,"win_rate":0.0,"timestamp":1612421252,"path_taken":["R","M","M","M","?","?","T","M","R","?","M","?","E","M","M","BOSS","R","M","?","M","?","E","T","?","R","M","M","?","?","$","M","BOSS","R","?","?","M","M","$","T","?","?","M","?","M","R","E","M","BOSS"],"items_purchased_type":["Card","Relic","Card","Card","Relic","Card","Relic","Card"],"build_version":"2020-12-22","purchased_purges":2,"victory":true,"max_hp_per_floor":[65,65,65,65,65,65,65,65,65,65,65,65,65,65,65,65,65,65,68,68,72,72,76,76,76,76,76,79,85,77,77,80,80,80,80,80,80,80,84,84,84,84,84,84,84,84,84,84,84,84],"card_choices":[{"not_picked":["Slimebound:SplitMire","Slimebound:HauntingLick"],"picked":"Slimebound:SplitSpecialist","floor":2},{"not_picked":["Slimebound:LeechEnergy","Slimebound:LeechingTouch"],"picked":"Slimebound:MegaLick","floor":3},{"not_picked":["Slimebound:RollThrough","Slimebound:DisruptingSlam"],"picked":"Slimebound:SlimeTap","floor":4},{"not_picked":["Slimebound:PressTheAttack","Slimebound:BestDefense","Slimebound:FinishingTackle"],"picked":"SKIP","floor":6},{"not_picked":["Slimebound:Grow","Slimebound:GoopSpray"],"picked":"Slimebound:Darklings","floor":8},{"not_picked":["Slimebound:SplitMire","Slimebound:LivingWall"],"picked":"Slimebound:ServeAndProtect","floor":11},{"not_picked":["Slimebound:LeechEnergy","Slimebound:SplitAcid"],"picked":"Slimebound:SplitLeeching","floor":13},{"not_picked":["Slimebound:SplitLeeching","Slimebound:SamplingLick"],"picked":"Slimebound:SplitSpecialist","floor":14},{"not_picked":["Slimebound:SamplingLick","Slimebound:FinishingTackle"],"picked":"Slimebound:Schlurp","floor":15},{"not_picked":["Slimebound:WasteNot","Slimebound:MassFeed"],"picked":"Slimebound:MassRepurpose","floor":16},{"not_picked":["Slimebound:SlimeTap+1","Slimebound:SamplingLick"],"picked":"Slimebound:LevelUp","floor":19},{"not_picked":["Slimebound:Schlurp","Slimebound:ItLooksTasty","Slimebound:GoopTackle"],"picked":"SKIP","floor":21},{"not_picked":["Slimebound:SlimeSpikes","Slimebound:LivingWall+1"],"picked":"Slimebound:SplitMire","floor":22},{"not_picked":["Slimebound:SplitMire","Slimebound:RainOfGoop"],"picked":"Slimebound:TagTeam","floor":23},{"not_picked":["Slimebound:SplitBruiser","Slimebound:MegaLick"],"picked":"Slimebound:LeechingTouch+1","floor":27},{"not_picked":["Slimebound:HauntingLick","Slimebound:SamplingLick"],"picked":"Slimebound:TongueLash","floor":28},{"not_picked":["Slimebound:LivingWall","Slimebound:SplitSpecialist+1"],"picked":"Slimebound:DivideAndConquer","floor":31},{"not_picked":["Slimebound:RollThrough","Slimebound:ItLooksTasty"],"picked":"Slimebound:DisruptingSlam+1","floor":32},{"not_picked":["Slimebound:MassFeed","Slimebound:SlimeSlap"],"picked":"Slimebound:Darklings","floor":33},{"not_picked":["Slimebound:SplitBruiser","Slimebound:SplitAcid+1"],"picked":"Slimebound:SlimeSpikes+1","floor":36},{"not_picked":["Slimebound:Chomp","Slimebound:SamplingLick+1"],"picked":"Slimebound:SplitMire","floor":38},{"not_picked":["Slimebound:SamplingLick+1","Slimebound:LivingWall+1"],"picked":"Slimebound:Darklings","floor":39},{"not_picked":["Slimebound:LeechEnergy+1","Slimebound:GrowthPunch+1"],"picked":"Slimebound:DouseInSlime","floor":40},{"not_picked":["Slimebound:SplitBruiser+1","Slimebound:ItLooksTasty"],"picked":"Slimebound:ForwardTackle+1","floor":43},{"not_picked":["Slimebound:FinishingTackle+1","Slimebound:ItLooksTasty"],"picked":"Slimebound:SlimeBarrage+1","floor":44},{"not_picked":["Slimebound:LivingWall","Slimebound:LeechingTouch"],"picked":"Slimebound:SplitAcid","floor":45},{"not_picked":["Slimebound:SplitSpecialist+1","Slimebound:LivingWall"],"picked":"Slimebound:LevelUp+1","floor":46},{"not_picked":["Slimebound:CheckThePlaybook","Slimebound:ItLooksTasty"],"picked":"Slimebound:SplitMire","floor":48},{"not_picked":["Slimebound:LivingWall","Slimebound:LeechEnergy"],"picked":"Slimebound:RejuvenatingLick","floor":49}],"player_experience":260348,"relics_obtained":[{"floor":7,"key":"Orichalcum"},{"floor":13,"key":"Thread and Needle"},{"floor":23,"key":"Art of War"},{"floor":24,"key":"Oddly Smooth Stone"},{"floor":25,"key":"Darkstone Periapt"},{"floor":36,"key":"Incense Burner"},{"floor":41,"key":"Toy Ornithopter"},{"floor":48,"key":"Ancient Tea Set"}],"event_choices":[{"damage_healed":0,"gold_gain":0,"player_choice":"Rummage","damage_taken":0,"relics_obtained":["WarpedTongs"],"max_hp_gain":0,"max_hp_loss":0,"event_name":"Accursed Blacksmith","floor":5,"gold_loss":0,"cards_obtained":["Pain"]},{"damage_healed":0,"gold_gain":0,"player_choice":"Success","damage_taken":18,"relics_obtained":["Happy Flower"],"max_hp_gain":0,"max_hp_loss":0,"event_name":"Scrap Ooze","floor":10,"gold_loss":0},{"damage_healed":0,"gold_gain":0,"player_choice":"Stole Relic","damage_taken":0,"relics_obtained":["Kunai"],"max_hp_gain":0,"max_hp_loss":0,"event_name":"Addict","floor":29,"gold_loss":0,"cards_obtained":["Pride"]},{"cards_removed":["Slimebound:Gluttony"],"damage_healed":0,"gold_gain":0,"player_choice":"Removed Power","damage_taken":0,"max_hp_gain":0,"max_hp_loss":0,"event_name":"Falling","floor":37,"gold_loss":0}],"is_beta":false,"boss_relics":[{"not_picked":["Slimebound:AbsorbEndCombatUpgraded","reliquary:WritOfMandamus"],"picked":"Pandora\u0027s Box"},{"not_picked":["Runic Dome","Snecko Eye"],"picked":"SlaversCollar"}],"items_purged_floors":[31,40],"is_endless":false,"potions_floor_spawned":[4,6,11,15,16,22,23,32,38,44,46,48,49],"ascension_level":0}}