{"host":"svsgd28wab078f8l","time":1612450914,"event":{"mods":["100% Spire Juice","Act Like it!","Arknights","BaseMod","Decade(王小明)","Gensokyo","Marked Mod","Minty Spire (QoL Compilation)","MostiFishMod","Remilia（蕾米莉亚）","StSLib","noobMod","【遗物卡牌】REMEMod"],"gold_per_floor":[119,119,119,119,133,133,164,176,176,207,219,10,23,23,23,418,418,437,437,199,199,199,229,229,629,629,487,520,531,549,549,549,650,650,664,676,693,72,72,100,100,426,426,326,326,336,336,349,349,349,349,349,3,35,35],"floor_reached":56,"language":"ZHS","playtime":5168,"items_purged":["Decade_Attack","Decade_Attack"],"score":1676,"play_id":"d64359e8-d786-471d-9c10-d7472aab2c8f","local_time":"20210204230152","is_ascension_mode":false,"campfire_choices":[{"data":"RideBooker_Skill_3","floor":6,"key":"SMITH"},{"data":"KamenRide","floor":15,"key":"SMITH"},{"floor":24,"key":"RECALL"},{"data":"PrometheusPower","floor":32,"key":"SMITH"},{"data":"MostiFishMod:InterfaceCompatibility","floor":41,"key":"SMITH"},{"data":"FormRide","floor":45,"key":"SMITH"},{"data":"Gensokyo:ShootingStar","floor":49,"key":"SMITH"},{"data":"RideBooker_Skill_2","floor":52,"key":"SMITH"}],"circlet_count":0,"master_deck":["Decade_Attack+1","Decade_Attack+1","KamenRide+1","Decade_SpecialSkill+1","Decade_Defend","Decade_Defend","Decade_Defend","Decade_Defend","MostiFishMod:InterfaceCompatibility+1","RideBooker_Skill_3+1","Blade_Mach","RideBooker_Skill_1+1","Kabuto_ClockUp+1","Kuuga_Rising+1","PrometheusPower+1","FormRideFlame+9","Kiva_Swallow+1","RideBooker_Skill_2+1","FormRide+1","Gensokyo:MissMary+1","Gensokyo:ShootingStar+1","DecadeViolentEmotion+1","Hibiki_FEVER+1","AttackRide+1","Kiva_Swallow+1","AttackRide+1","MostiFishMod:MusicBox+1","Blade_Mach+1"],"relics":["Decadriver","TOEIDeficitBill","ice","REME_ComplimentaryCards","DaveBox","Ice Cream","Jackal-EndForJourney","SynthV:TestCard","Happy Flower","Mango","Whetstone","ImprovedEquipment","Anchor","BrkXgEgg","xbg","Gremlin Horn","Gensokyo:ConquerorOfFear","MetatronsCube","Gensokyo:RedStar","MealTicket","Thread and Needle","WingedGreaves","REME_HourglassOfDeath","Torii","Philosopher\u0027s Stone","SynthV","REME_CardOfGreed","OrangePellets","Matryoshka","Bird Faced Urn","Letter Opener","Sundial","War Paint","Frozen Egg 2","DianDianMeat","Bronze Scales","White Beast Statue"],"acts_visited":["Gensokyo:Gensokyo","Gensokyo:Gensokyoer","Gensokyo:Gensokyoest","TheEnding"],"potions_floor_usage":[],"damage_taken":[{"damage":1,"enemies":"Gensokyo:Gryphon","floor":1,"turns":3},{"damage":0,"enemies":"Gensokyo:Python","floor":5,"turns":2},{"damage":14,"enemies":"Gensokyo:Aya","floor":7,"turns":3},{"damage":0,"enemies":"Gensokyo:3_Fairies","floor":8,"turns":3},{"damage":0,"enemies":"Gensokyo:Mamizou","floor":10,"turns":3},{"damage":4,"enemies":"Gensokyo:CorruptedTreant","floor":11,"turns":3},{"damage":0,"enemies":"Gensokyo:3_Kodama","floor":13,"turns":4},{"damage":0,"enemies":"Gensokyo:Yukari","floor":16,"turns":3},{"damage":0,"enemies":"Gensokyo:CosmicMonolith","floor":18,"turns":2},{"damage":0,"enemies":"Gensokyo:Tenshi","floor":23,"turns":3},{"damage":0,"enemies":"Gensokyo:Tenshi","floor":25,"turns":3},{"damage":0,"enemies":"Gensokyo:Koishi","floor":28,"turns":3},{"damage":0,"enemies":"Gensokyo:AngelMirror","floor":29,"turns":1},{"damage":0,"enemies":"Gensokyo:Wraith","floor":30,"turns":3},{"damage":0,"enemies":"Gensokyo:Kaguya","floor":33,"turns":2},{"damage":0,"enemies":"Gensokyo:3_Boulders","floor":35,"turns":2},{"damage":0,"enemies":"Gensokyo:3_Bats","floor":36,"turns":1},{"damage":0,"enemies":"Gensokyo:Rafflesia","floor":37,"turns":1},{"damage":0,"enemies":"Gensokyo:Doremy","floor":40,"turns":1},{"damage":0,"enemies":"Gensokyo:Marisa","floor":42,"turns":1},{"damage":0,"enemies":"Gensokyo:Sharpion","floor":46,"turns":1},{"damage":0,"enemies":"Gensokyo:4_Bats","floor":48,"turns":1},{"damage":0,"enemies":"Gensokyo:Yuyuko","floor":50,"turns":1},{"damage":0,"enemies":"Shield and Spear","floor":54,"turns":1},{"damage":0,"enemies":"The Heart","floor":55,"turns":3}],"seed_played":"-7174075196692795795","potions_obtained":[{"floor":1,"key":"Energy Potion"},{"floor":10,"key":"ColorlessPotion"},{"floor":13,"key":"Regen Potion"}],"is_trial":false,"path_per_floor":["M","?","?","?","M","R","E","M","T","E","M","COS","M","$","R","B",null,"M","?","COS","?","?","E","R","?","T","$","E","M","M","?","R","B",null,"M","M","M","COS","T","E","R","E","T","$","R","M","?","M","R","B",null,"R","$","E","B",null],"character_chosen":"Decade","items_purchased":["Kiva_Swallow+1","MostiFishMod:MusicBox+1","Bronze Scales"],"campfire_rested":0,"item_purchase_floors":[27,53,53],"current_hp_per_floor":[58,58,58,51,56,56,52,57,57,67,68,68,73,73,73,83,84,84,84,84,84,84,84,84,84,84,84,84,84,84,76,76,76,76,76,76,76,76,76,76,76,76,76,76,76,76,76,76,76,76,76,76,77,79,79],"gold":35,"neow_bonus":"ONE_RARE_RELIC","is_daily":false,"chose_seed":false,"campfire_upgraded":7,"win_rate":0.0,"timestamp":1612450912,"path_taken":["M","?","?","?","M","R","E","M","T","E","M","COS","M","?","R","BOSS","M","?","COS","?","?","E","R","?","T","$","E","M","?","?","R","BOSS","M","?","M","COS","?","E","R","E","T","?","R","?","?","?","R","BOSS","R","$","E","BOSS"],"items_purchased_type":["Card","Card","Relic"],"build_version":"2020-12-22","purchased_purges":2,"victory":true,"max_hp_per_floor":[70,70,70,84,84,84,84,84,84,84,84,84,84,84,84,84,84,84,84,84,84,84,84,84,84,84,84,84,84,84,76,76,76,76,76,76,76,76,76,76,76,76,76,76,76,76,76,76,76,76,76,76,77,79,79],"card_choices":[{"not_picked":["UnarmedAttack8","Decade_Invisible"],"picked":"RideBooker_Skill_3","floor":1},{"not_picked":["UnarmedAttack3","Decade_Dash2"],"picked":"Blade_Mach","floor":1},{"not_picked":["UnarmedAttack7","DragShield","DenO_Rod","Dragreder"],"picked":"RideBooker_Skill_1","floor":7},{"not_picked":["TimeVent+1","DenO_Climax+1","NMDAZYYGL+1","Hibiki_FEVER+1"],"picked":"Kabuto_ClockUp+1","floor":16},{"not_picked":["Hibiki_FEVER+1","UnarmedAttack9+1","Kiva_Swallow+1","FormRideAxel+1"],"picked":"Kuuga_Rising+1","floor":16},{"not_picked":["Blade_Slash","Hibiki_Attack1","DenO_Ax","DragShield"],"picked":"PrometheusPower","floor":18},{"not_picked":["FormRideDogga","Blade_Beat","DenO_Gun+1","UnarmedAttack3+1"],"picked":"FormRideFlame","floor":23},{"not_picked":["PrometheusPower+1","DenO_Ax","UnarmedAttack7","Decade_Dash1"],"picked":"RideBooker_Skill_2","floor":29},{"not_picked":["KamenRideDecade+1","UnarmedAttack7","PhotonAcceleration","Decade_Dash2","RideBooker"],"picked":"SKIP","floor":29},{"not_picked":["DenO_Sword","Kuuga_Rising+1","FormRidePegasus","DenO_Rod"],"picked":"FormRide","floor":30},{"not_picked":["Hibiki_Attack3","Hibiki_Attack1+1","Kiva_Frozen","Blade_Slash","Decade_Defend3+1"],"picked":"SKIP","floor":30},{"not_picked":["Gensokyo:Doppelganger","Gensokyo:Apocalypse","Gensokyo:TurboGranny","Gensokyo:SpontaneousHumanCombustion"],"picked":"Gensokyo:MissMary","floor":31},{"not_picked":[],"picked":"Gensokyo:ShootingStar","floor":33},{"not_picked":["FormRideAxel+1","Hibiki_FEVER+1","Kiva_Eat+1","Kuuga_Rising+1"],"picked":"DecadeViolentEmotion+1","floor":33},{"not_picked":["TimeVent+1","Kabuto_ClockUp+1","DenO_Climax+1","Kuuga_Rising+1"],"picked":"Hibiki_FEVER+1","floor":33},{"not_picked":["KamenRideKiva","Dragreder+1","FormRide","Hibiki_Attack2+1"],"picked":"AttackRide+1","floor":37},{"not_picked":["DenO_Rod+1","Decade_Dash2","UnarmedAttack3","MirrorWorld+1"],"picked":"Kiva_Swallow+1","floor":46},{"not_picked":["DenO_Ax+1","RideBooker_Skill_1","KamenRideBlade+1","Decade_Illusion+1"],"picked":"AttackRide+1","floor":46},{"not_picked":["Blade_Kick","RideBooker_Skill_1","DragClaw","Hibiki_Attack1"],"picked":"Blade_Mach+1","floor":54}],"player_experience":201928,"relics_obtained":[{"floor":1,"key":"SynthV:TestCard"},{"floor":7,"key":"Whetstone"},{"floor":9,"key":"ImprovedEquipment"},{"floor":10,"key":"Anchor"},{"floor":23,"key":"Gensokyo:ConquerorOfFear"},{"floor":23,"key":"MealTicket"},{"floor":25,"key":"Thread and Needle"},{"floor":25,"key":"WingedGreaves"},{"floor":28,"key":"REME_HourglassOfDeath"},{"floor":39,"key":"Matryoshka"},{"floor":40,"key":"Bird Faced Urn"},{"floor":42,"key":"Letter Opener"},{"floor":43,"key":"Sundial"},{"floor":43,"key":"War Paint"},{"floor":54,"key":"White Beast Statue"}],"event_choices":[],"is_beta":false,"boss_relics":[{"not_picked":["Busted Crown","REME_ChargedStone"],"picked":"xbg"},{"not_picked":["REME_DemonsWealth","SlaversCollar"],"picked":"Philosopher\u0027s Stone"}],"items_purged_floors":[27,44],"is_endless":false,"potions_floor_spawned":[1,10,13,16,18,28,29,30,35,37,46],"ascension_level":0}}