{"host":"e1pm3b7xpcm97e5w","time":1612482683,"event":{"mods":["BaseMod","Better Skull","Googly Eyes","Minty Spire (QoL Compilation)","Relic Stats","Shop Mod","Spicy Shops","StSLib"],"gold_per_floor":[112,212,230,242,256,256,297,297,322,322,362,362,362,380,380,509,509,528,468,1,24,48,82,96,131,131,131,166,202,202,218,218,342,342,360,380,396,396,419,455,518,536,588,627,647,685,685,584,584,584,584,584,68,101,101],"floor_reached":56,"language":"ENG","playtime":3889,"items_purged":["Parasite"],"score":1952,"play_id":"ba6c5d06-f862-444f-8aae-33f3ff416e50","local_time":"20210204185123","is_ascension_mode":true,"campfire_choices":[{"data":"Defragment","floor":8.0,"key":"SMITH"},{"floor":10.0,"key":"REST"},{"data":"Creative AI","floor":13.0,"key":"SMITH"},{"floor":15.0,"key":"REST"},{"data":"Seek","floor":27.0,"key":"SMITH"},{"data":"Machine Learning","floor":32.0,"key":"SMITH"},{"floor":47.0,"key":"RECALL"},{"floor":49.0,"key":"REST"},{"data":"Chill","floor":52.0,"key":"SMITH"}],"circlet_count":0,"master_deck":["AscendersBane","Strike_B","Strike_B+1","Defend_B","Defend_B","Defend_B+1","Defend_B","Zap","Dualcast","Creative AI+1","Hologram","Streamline","Coolheaded","Coolheaded","Defragment+1","Go for the Eyes","Cold Snap","Seek+1","Redo+1","Chill+1","Self Repair","Reinforced Body","Machine Learning+1","Capacitor","Coolheaded","Doom and Gloom","Echo Form","Conserve Battery+1","Hologram+1","Capacitor","Defragment"],"relics":["Cracked Core","Golden Idol","Vajra","Bag of Marbles","Ancient Tea Set","Inserter","OrangePellets","Mummified Hand","Shuriken","Cables","Blue Candle","TungstenRod","Red Mask","Busted Crown","Centennial Puzzle","Du-Vu Doll","Sundial","Singing Bowl","Juzu Bracelet","Bottled Tornado","Bronze Scales","Turnip"],"acts_visited":["Exordium","TheCity","TheBeyond","TheEnding"],"potions_floor_usage":[],"damage_taken":[{"damage":2.0,"enemies":"2 Louse","floor":1.0,"turns":2.0},{"damage":1.0,"enemies":"Cultist","floor":3.0,"turns":3.0},{"damage":0.0,"enemies":"Jaw Worm","floor":4.0,"turns":3.0},{"damage":13.0,"enemies":"Red Slaver","floor":5.0,"turns":3.0},{"damage":15.0,"enemies":"3 Sentries","floor":7.0,"turns":8.0},{"damage":16.0,"enemies":"Lagavulin","floor":11.0,"turns":7.0},{"damage":0.0,"enemies":"Exordium Wildlife","floor":14.0,"turns":2.0},{"damage":23.0,"enemies":"Slime Boss","floor":16.0,"turns":10.0},{"damage":11.0,"enemies":"Shell Parasite","floor":18.0,"turns":9.0},{"damage":1.0,"enemies":"Spheric Guardian","floor":21.0,"turns":4.0},{"damage":6.0,"enemies":"Snecko","floor":22.0,"turns":7.0},{"damage":10.0,"enemies":"Book of Stabbing","floor":23.0,"turns":6.0},{"damage":16.0,"enemies":"Snake Plant","floor":24.0,"turns":4.0},{"damage":3.0,"enemies":"Slavers","floor":25.0,"turns":5.0},{"damage":0.0,"enemies":"Book of Stabbing","floor":28.0,"turns":6.0},{"damage":20.0,"enemies":"Masked Bandits","floor":29.0,"turns":6.0},{"damage":21.0,"enemies":"3 Cultists","floor":31.0,"turns":5.0},{"damage":0.0,"enemies":"Automaton","floor":33.0,"turns":11.0},{"damage":6.0,"enemies":"3 Darklings","floor":35.0,"turns":6.0},{"damage":0.0,"enemies":"Orb Walker","floor":36.0,"turns":4.0},{"damage":8.0,"enemies":"Writhing Mass","floor":37.0,"turns":8.0},{"damage":9.0,"enemies":"Transient","floor":39.0,"turns":5.0},{"damage":15.0,"enemies":"Reptomancer","floor":40.0,"turns":9.0},{"damage":0.0,"enemies":"Mind Bloom Boss Battle","floor":41.0,"turns":4.0},{"damage":0.0,"enemies":"Sphere and 2 Shapes","floor":42.0,"turns":9.0},{"damage":1.0,"enemies":"Giant Head","floor":44.0,"turns":8.0},{"damage":9.0,"enemies":"Jaw Worm Horde","floor":45.0,"turns":5.0},{"damage":48.0,"enemies":"Reptomancer","floor":46.0,"turns":13.0},{"damage":30.0,"enemies":"Awakened One","floor":50.0,"turns":16.0},{"damage":29,"enemies":"Shield and Spear","floor":54,"turns":10},{"damage":26,"enemies":"The Heart","floor":55,"turns":12}],"seed_played":"389257478842375989","potions_obtained":[{"floor":4.0,"key":"LiquidMemories"},{"floor":5.0,"key":"DistilledChaos"},{"floor":11.0,"key":"DistilledChaos"},{"floor":16.0,"key":"DistilledChaos"},{"floor":23.0,"key":"ColorlessPotion"},{"floor":24.0,"key":"AttackPotion"},{"floor":29.0,"key":"SpeedPotion"},{"floor":31.0,"key":"SkillPotion"},{"floor":39.0,"key":"AttackPotion"},{"floor":44.0,"key":"FocusPotion"}],"is_trial":false,"path_per_floor":["M","?","M","M","M","?","E","R","T","R","E","?","R","M","R","B",null,"M","?","$","M","M","E","M","E","T","R","E","?","?","M","R","B",null,"M","M","M","?","M","E","?","M","T","E","M","E","R","?","R","B",null,"R","$","E","B",null],"character_chosen":"DEFECT","items_purchased":["OrangePellets","Mummified Hand","Self Repair","Reinforced Body","Bottled Tornado","Defragment","Bronze Scales"],"campfire_rested":3,"item_purchase_floors":[20,20,20,20,53,53,53],"current_hp_per_floor":[66,66,65,65,52,52,37,37,37,57,41,27,27,27,47,24,58,47,47,47,53,54,51,42,46,46,46,53,33,66,52,52,59,64,65,66,65,63,61,53,60,63,63,63,63,24,24,24,43,13,52,52,52,39,20],"gold":101,"neow_bonus":"ONE_RANDOM_RARE_CARD","is_daily":false,"chose_seed":false,"campfire_upgraded":5,"win_rate":0.0,"timestamp":1612482683,"path_taken":["M","?","M","?","M","?","E","R","T","R","E","?","R","M","R","BOSS","M","?","$","?","M","E","M","E","T","R","E","?","?","?","R","BOSS","M","M","M","?","M","E","?","M","T","E","M","E","R","?","R","BOSS","R","$","E","BOSS"],"items_purchased_type":["Relic","Relic","Card","Card","Relic","Card","Relic"],"build_version":"2020-12-22","purchased_purges":1,"victory":true,"max_hp_per_floor":[75,75,75,75,75,69,69,69,69,69,69,69,69,69,69,69,69,69,69,66,66,66,66,66,66,66,66,66,66,66,66,66,66,66,66,66,66,63,63,63,63,63,63,63,63,65,65,65,65,65,65,65,65,67,67],"relic_stats":{"Inserter":[70],"Singing Bowl":4,"counters":[31,210],"Golden Idol":237,"Blue Candle":[0],"Juzu Bracelet":0,"Cables":[125,32,81,12,0],"OrangePellets":[26],"Centennial Puzzle":[18],"Busted Crown":22,"Mummified Hand":[307],"Shuriken":[31],"Sundial":[10],"Bronze Scales":[210],"Turnip":[2],"obtain_stats":[{"Inserter":17,"Singing Bowl":46,"Golden Idol":6,"Blue Candle":26,"Vajra":7,"Juzu Bracelet":48,"Bottled Tornado":53,"Ancient Tea Set":11,"Cables":25,"Du-Vu Doll":41,"OrangePellets":20,"Centennial Puzzle":40,"Busted Crown":34,"Mummified Hand":20,"Shuriken":23,"Sundial":44,"Bronze Scales":53,"Turnip":54,"Bag of Marbles":9,"Red Mask":29,"Cracked Core":0,"TungstenRod":28},{"Inserter":8,"Singing Bowl":28,"Golden Idol":4,"Blue Candle":14,"Vajra":5,"Juzu Bracelet":28,"Bottled Tornado":29,"Ancient Tea Set":6,"Cables":14,"Du-Vu Doll":24,"OrangePellets":9,"Centennial Puzzle":23,"Busted Crown":18,"Mummified Hand":9,"Shuriken":12,"Sundial":26,"Bronze Scales":29,"Turnip":30,"Bag of Marbles":5,"Red Mask":16,"Cracked Core":0,"TungstenRod":15},{"Inserter":38,"Singing Bowl":172,"Golden Idol":11,"Blue Candle":73,"Vajra":19,"Juzu Bracelet":172,"Bottled Tornado":188,"Ancient Tea Set":26,"Cables":73,"Du-Vu Doll":137,"OrangePellets":47,"Centennial Puzzle":133,"Busted Crown":101,"Mummified Hand":47,"Shuriken":64,"Sundial":154,"Bronze Scales":188,"Turnip":198,"Bag of Marbles":19,"Red Mask":85,"Cracked Core":0,"TungstenRod":79}],"TungstenRod":61},"card_choices":[{"not_picked":["Compile Driver","Steam"],"picked":"Hologram","floor":1.0},{"not_picked":["Rebound","Reprogram"],"picked":"Streamline","floor":3.0},{"not_picked":["Sweeping Beam","All For One"],"picked":"Coolheaded","floor":4.0},{"not_picked":["Aggregate","Storm"],"picked":"Coolheaded","floor":5.0},{"not_picked":["Heatsinks","Storm"],"picked":"Defragment","floor":7.0},{"not_picked":["Beam Cell","BootSequence"],"picked":"Go for the Eyes","floor":11.0},{"not_picked":["Sweeping Beam","Gash"],"picked":"Cold Snap","floor":14.0},{"not_picked":["Rainbow","All For One"],"picked":"Seek","floor":16.0},{"not_picked":["Ball Lightning","Hologram"],"picked":"Redo+1","floor":18.0},{"not_picked":["Melter","Steam Power+1","Turbo"],"picked":"SKIP","floor":21.0},{"not_picked":["Go for the Eyes+1","Redo","Rip and Tear+1"],"picked":"SKIP","floor":22.0},{"not_picked":["Turbo","Rebound+1","Reprogram"],"picked":"SKIP","floor":23.0},{"not_picked":["Streamline","Doom and Gloom"],"picked":"Machine Learning","floor":24.0},{"not_picked":["Go for the Eyes","Sunder","Cold Snap"],"picked":"SKIP","floor":25.0},{"not_picked":["Self Repair","Streamline"],"picked":"Capacitor","floor":28.0},{"not_picked":["Stack+1","Leap+1"],"picked":"Coolheaded","floor":29.0},{"not_picked":["Genetic Algorithm+1","Turbo"],"picked":"Doom and Gloom","floor":31.0},{"not_picked":["Buffer","Machine Learning"],"picked":"Echo Form","floor":33.0},{"not_picked":["Hologram"],"picked":"SKIP","floor":35.0},{"not_picked":["Ball Lightning+1"],"picked":"SKIP","floor":36.0},{"not_picked":["Beam Cell"],"picked":"SKIP","floor":37.0},{"not_picked":[],"picked":"Conserve Battery+1","floor":39.0},{"not_picked":["All For One"],"picked":"SKIP","floor":40.0},{"not_picked":[],"picked":"Hologram+1","floor":42.0},{"not_picked":[],"picked":"Capacitor","floor":44.0},{"not_picked":["Lockon+1"],"picked":"SKIP","floor":45.0},{"not_picked":["Leap+1"],"picked":"Singing Bowl","floor":46.0},{"not_picked":["Compile Driver"],"picked":"Singing Bowl","floor":54}],"player_experience":699192,"relics_obtained":[{"floor":7.0,"key":"Vajra"},{"floor":9.0,"key":"Bag of Marbles"},{"floor":11.0,"key":"Ancient Tea Set"},{"floor":23.0,"key":"Shuriken"},{"floor":25.0,"key":"Cables"},{"floor":26.0,"key":"Blue Candle"},{"floor":28.0,"key":"TungstenRod"},{"floor":29.0,"key":"Red Mask"},{"floor":40.0,"key":"Centennial Puzzle"},{"floor":41.0,"key":"Du-Vu Doll"},{"floor":44.0,"key":"Sundial"},{"floor":46.0,"key":"Singing Bowl"},{"floor":54,"key":"Turnip"}],"event_choices":[{"damage_healed":0.0,"max_hp_gain":0.0,"max_hp_loss":0.0,"gold_gain":100.0,"event_name":"Golden Shrine","player_choice":"Pray","floor":2.0,"gold_loss":0.0,"damage_taken":0.0},{"damage_healed":0.0,"max_hp_gain":0.0,"max_hp_loss":6.0,"gold_gain":0.0,"event_name":"Golden Idol","player_choice":"Lose Max HP","floor":6.0,"gold_loss":0.0,"damage_taken":0.0,"relics_obtained":["Golden Idol"]},{"damage_healed":0.0,"max_hp_gain":0.0,"max_hp_loss":0.0,"gold_gain":0.0,"event_name":"Shining Light","player_choice":"Entered Light","floor":12.0,"gold_loss":0.0,"damage_taken":14.0,"cards_upgraded":["Strike_B","Defend_B"]},{"damage_healed":0.0,"max_hp_gain":0.0,"max_hp_loss":0.0,"gold_gain":0.0,"cards_transformed":["Strike_B","Strike_B"],"event_name":"Designer","player_choice":"Transformed Cards","floor":19.0,"gold_loss":60.0,"damage_taken":0.0,"cards_obtained":["Melter","Chill"]},{"damage_healed":0.0,"max_hp_gain":0.0,"max_hp_loss":0.0,"gold_gain":0.0,"event_name":"Masked Bandits","player_choice":"Fought Bandits","floor":29.0,"gold_loss":0.0,"damage_taken":0.0},{"cards_removed":["Melter"],"damage_healed":33.0,"max_hp_gain":0.0,"max_hp_loss":0.0,"gold_gain":0.0,"event_name":"Bonfire Elementals","player_choice":"Offered Uncommon","floor":30.0,"gold_loss":0.0,"damage_taken":0.0},{"damage_healed":0.0,"max_hp_gain":0.0,"max_hp_loss":3.0,"gold_gain":0.0,"event_name":"Winding Halls","player_choice":"Max HP","floor":38.0,"gold_loss":0.0,"damage_taken":0.0},{"damage_healed":0.0,"max_hp_gain":0.0,"max_hp_loss":0.0,"gold_gain":0.0,"event_name":"MindBloom","player_choice":"Fight","floor":41.0,"gold_loss":0.0,"damage_taken":0.0},{"damage_healed":0.0,"max_hp_gain":0.0,"max_hp_loss":0.0,"gold_gain":0.0,"event_name":"WeMeetAgain","player_choice":"Paid Gold","floor":48.0,"gold_loss":101.0,"damage_taken":0.0,"relics_obtained":["Juzu Bracelet"]}],"is_beta":false,"boss_relics":[{"not_picked":["Velvet Choker","Coffee Dripper"],"picked":"Inserter"},{"not_picked":["Fusion Hammer","Empty Cage"],"picked":"Busted Crown"}],"items_purged_floors":[20],"is_endless":false,"potions_floor_spawned":[4,5,11,16,23,24,29,31,35,39,44,45],"ascension_level":11}}