{"host":"mi9s3oixpfie23oh","time":1612434832,"event":{"mods":["AchievementEnabler","BaseMod","DeckTracker","Minty Spire (QoL Compilation)","Permanent Neow","Quick Restart","StSLib"],"gold_per_floor":[111,126,139,139,139,139,164,164,164,164,164,189,232,78,78,173,236,249,58,58,58,58,99,99,120,120,155,155,178,198,51,51,51,51],"floor_reached":33,"language":"ENG","playtime":2046,"items_purged":[],"score":520,"play_id":"317579d0-5c92-4b48-a4ab-014333398c12","local_time":"20210204123352","is_ascension_mode":true,"campfire_choices":[{"data":"Dagger Spray","floor":6.0,"key":"SMITH"},{"data":"Neutralize","floor":8.0,"key":"SMITH"},{"data":"Dodge and Roll","floor":11.0,"key":"SMITH"},{"data":"Phantasmal Killer","floor":15.0,"key":"SMITH"},{"floor":24.0,"key":"REST"},{"data":"Cloak And Dagger","floor":28.0,"key":"SMITH"},{"data":"Footwork","floor":32,"key":"SMITH"}],"circlet_count":0,"master_deck":["AscendersBane","Defend_G","Defend_G","Defend_G","Defend_G","Defend_G","Survivor","Neutralize+1","Dodge and Roll+1","Blur","Dagger Spray+1","Injury","Die Die Die","Backflip","Leg Sweep+1","PiercingWail","PiercingWail","Phantasmal Killer+1","Adrenaline","Prepared","Blade Dance","Cloak And Dagger+1","Dramatic Entrance","Bite","Bite","Bite","Bite","Bite","Infinite Blades","Deflect","Terror+1","Backflip+1","Footwork+1"],"relics":["Ring of the Snake","Pen Nib","Golden Idol","Darkstone Periapt","Nunchaku","Orrery","Tiny House","Akabeko","Ninja Scroll","Ornamental Fan","Oddly Smooth Stone"],"acts_visited":["Exordium","TheCity"],"potions_floor_usage":[33,33,33],"damage_taken":[{"damage":1.0,"enemies":"2 Louse","floor":1.0,"turns":3.0},{"damage":3.0,"enemies":"Jaw Worm","floor":2.0,"turns":7.0},{"damage":1.0,"enemies":"Cultist","floor":3.0,"turns":6.0},{"damage":1.0,"enemies":"3 Louse","floor":7.0,"turns":3.0},{"damage":2.0,"enemies":"Exordium Wildlife","floor":12.0,"turns":5.0},{"damage":16.0,"enemies":"Lagavulin","floor":13.0,"turns":5.0},{"damage":17.0,"enemies":"Slime Boss","floor":16.0,"turns":10.0},{"damage":10.0,"enemies":"Chosen","floor":18.0,"turns":11.0},{"damage":31.0,"enemies":"Book of Stabbing","floor":23.0,"turns":7.0},{"damage":8.0,"enemies":"3 Byrds","floor":25.0,"turns":6.0},{"damage":4.0,"enemies":"Slavers","floor":27.0,"turns":6.0},{"damage":0.0,"enemies":"Cultist and Chosen","floor":29.0,"turns":4.0},{"damage":9.0,"enemies":"Snecko","floor":30.0,"turns":5.0},{"damage":68,"enemies":"Champ","floor":33,"turns":17}],"seed_played":"2917222892999516906","potions_obtained":[{"floor":1.0,"key":"PowerPotion"},{"floor":7.0,"key":"Fire Potion"},{"floor":17.0,"key":"EntropicBrew"}],"is_trial":false,"path_per_floor":["M","M","M","?","?","R","M","R","T","?","R","M","E","$","R","B",null,"M","$","?","?","?","E","R","M","T","E","R","M","M","$","R","B"],"character_chosen":"THE_SILENT","items_purchased":["Orrery","Cloak And Dagger","Dramatic Entrance","Energy Potion","Oddly Smooth Stone"],"campfire_rested":1,"item_purchase_floors":[14,19,19,19,31],"current_hp_per_floor":[58,55,54,54,54,54,53,53,53,66,66,64,48,48,48,31,62,52,52,49,49,49,29,43,45,45,49,49,49,42,42,42,0,0],"gold":51,"neow_bonus":"RANDOM_COMMON_RELIC","is_daily":false,"chose_seed":false,"campfire_upgraded":6,"win_rate":0.0,"timestamp":1612434832,"path_taken":["M","M","M","?","?","R","?","R","T","?","R","M","E","$","R","BOSS","M","$","?","?","?","E","R","M","T","E","R","M","?","$","R","BOSS"],"items_purchased_type":["Relic","Card","Card","Potion","Relic"],"build_version":"2020-12-22","purchased_purges":0,"victory":false,"max_hp_per_floor":[66,66,66,66,66,66,66,66,66,66,66,66,66,66,66,66,71,71,71,49,49,49,49,49,49,49,49,49,49,49,49,49,49,49],"card_choices":[{"not_picked":["Choke","Quick Slash"],"picked":"Dodge and Roll","floor":1.0},{"not_picked":["Bane","Sucker Punch"],"picked":"Blur","floor":2.0},{"not_picked":["Acrobatics","Accuracy"],"picked":"Dagger Spray","floor":3.0},{"not_picked":["Backflip","Dagger Spray"],"picked":"Die Die Die","floor":7.0},{"not_picked":["Acrobatics","Distraction"],"picked":"Backflip","floor":12.0},{"not_picked":["Dodge and Roll","Backflip"],"picked":"Leg Sweep","floor":13.0},{"not_picked":["Dagger Throw","Underhanded Strike"],"picked":"PiercingWail","floor":14.0},{"not_picked":["Quick Slash","Sucker Punch"],"picked":"PiercingWail","floor":14.0},{"not_picked":["Quick Slash","Masterful Stab"],"picked":"Phantasmal Killer","floor":14.0},{"not_picked":["Envenom","Phantasmal Killer"],"picked":"Adrenaline","floor":16.0},{"not_picked":["Underhanded Strike","Slice"],"picked":"Prepared","floor":17.0},{"not_picked":["Backstab","Acrobatics"],"picked":"Blade Dance","floor":18.0},{"not_picked":["Catalyst","Sucker Punch","Concentrate"],"picked":"SKIP","floor":23.0},{"not_picked":["Slice","Choke"],"picked":"Deflect","floor":25.0},{"not_picked":["Endless Agony","Leg Sweep"],"picked":"Terror+1","floor":27.0},{"not_picked":["Bouncing Flask","Underhanded Strike"],"picked":"Backflip+1","floor":29.0},{"not_picked":["Infinite Blades","Bouncing Flask"],"picked":"Footwork","floor":30}],"player_experience":266854,"relics_obtained":[{"floor":9.0,"key":"Darkstone Periapt"},{"floor":13.0,"key":"Nunchaku"},{"floor":23.0,"key":"Akabeko"},{"floor":26.0,"key":"Ninja Scroll"},{"floor":27.0,"key":"Ornamental Fan"}],"event_choices":[{"damage_healed":0.0,"max_hp_gain":0.0,"max_hp_loss":0.0,"gold_gain":0.0,"event_name":"Golden Idol","player_choice":"Take Wound","floor":4.0,"gold_loss":0.0,"damage_taken":0.0,"relics_obtained":["Golden Idol"],"cards_obtained":["Injury"]},{"damage_healed":0.0,"max_hp_gain":0.0,"max_hp_loss":0.0,"gold_gain":0.0,"event_name":"Liars Game","player_choice":"Ignored","floor":5.0,"gold_loss":0.0,"damage_taken":0.0},{"damage_healed":13.0,"max_hp_gain":0.0,"max_hp_loss":0.0,"gold_gain":0.0,"event_name":"Wheel of Change","player_choice":"Full Heal","floor":10.0,"gold_loss":0.0,"damage_taken":0.0},{"damage_healed":0.0,"max_hp_gain":0.0,"max_hp_loss":22.0,"gold_gain":0.0,"event_name":"Vampires","player_choice":"Became a vampire","floor":20.0,"gold_loss":0.0,"damage_taken":0.0,"cards_obtained":["Bite","Bite","Bite","Bite","Bite"]},{"damage_healed":0.0,"max_hp_gain":0.0,"max_hp_loss":0.0,"gold_gain":0.0,"event_name":"The Library","player_choice":"Read","floor":22.0,"gold_loss":0.0,"damage_taken":0.0,"cards_obtained":["Infinite Blades"]}],"is_beta":false,"boss_relics":[{"not_picked":["Velvet Choker","Snecko Eye"],"picked":"Tiny House"}],"items_purged_floors":[],"is_endless":false,"potions_floor_spawned":[1,7,23,27,30],"killed_by":"Champ","ascension_level":15}}