{"host":"q8ewzd1tf4mqkgtb","time":1612418938,"event":{"mods":["BaseMod","Hermit","Marisa????????","Minty Spire (QoL Compilation)","Relic Stats","StSLib","The Cursed","The Servant 0.9.4"],"gold_per_floor":[119,129,143,143,156,156,181,199,272,290,290,96,125,143,143,221,221,236,254,266,276,302,335,335,335,335,363,363,388,388,407,407,479,479,498,144,19,39,39,65,65,94,94,113,113,113,144,154,154,154,154,154,104,135,135,135],"floor_reached":55,"language":"ENG","playtime":10186,"items_purged":["Regret","Strike_R","Strike_R","Anger"],"score":1856,"play_id":"59e8379d-5af5-4171-b84b-cd114f192215","local_time":"20210204000858","is_ascension_mode":true,"campfire_choices":[{"data":"Bash","floor":6.0,"key":"SMITH"},{"data":"Whirlwind","floor":15.0,"key":"SMITH"},{"data":"Feel No Pain","floor":24,"key":"SMITH"},{"data":"Barricade","floor":32,"key":"SMITH"},{"data":"Dark Embrace","floor":41,"key":"SMITH"},{"data":"Metallicize","floor":46,"key":"SMITH"},{"floor":49,"key":"RECALL"},{"data":"Body Slam","floor":52,"key":"SMITH"}],"circlet_count":0,"master_deck":["AscendersBane","Defend_R","Defend_R","Defend_R","Defend_R","Bash+1","Whirlwind+1","True Grit","Double Tap","Metallicize+1","Power Through+1","Feel No Pain+1","Warcry+1","Metallicize","Ghostly Armor+1","Barricade+1","Demon Form+1","Second Wind+1","Barricade+1","True Grit+1","Offering+1","Warcry+1","Shrug It Off+1","Exhume+1","Body Slam+1","Feel No Pain+1","Bloodletting+1","Entrench+1","Dark Embrace+1","Second Wind+1","Bandage Up+1","Burning Pact+1","Offering+1","Entrench+1"],"relics":["Burning Blood","Centennial Puzzle","Toxic Egg 2","Pocketwatch","Art of War","Astrolabe","Red Mask","Anchor","Prayer Wheel","PreservedInsect","White Beast Statue","Juzu Bracelet","SlaversCollar","Toy Ornithopter","Mummified Hand","Oddly Smooth Stone","Smiling Mask","Vajra"],"acts_visited":["Exordium","TheCity","TheBeyond","TheEnding"],"potions_floor_usage":[22,47,55,55],"damage_taken":[{"damage":24.0,"enemies":"Jaw Worm","floor":1.0,"turns":5.0},{"damage":1.0,"enemies":"Cultist","floor":2.0,"turns":3.0},{"damage":0.0,"enemies":"Small Slimes","floor":3.0,"turns":2.0},{"damage":14.0,"enemies":"Exordium Wildlife","floor":5.0,"turns":4.0},{"damage":8.0,"enemies":"Gremlin Nob","floor":7.0,"turns":3.0},{"damage":1.0,"enemies":"2 Fungi Beasts","floor":8.0,"turns":2.0},{"damage":6.0,"enemies":"Blue Slaver","floor":10.0,"turns":3.0},{"damage":10.0,"enemies":"3 Sentries","floor":13.0,"turns":7.0},{"damage":8.0,"enemies":"Exordium Thugs","floor":14.0,"turns":4.0},{"damage":34,"enemies":"Slime Boss","floor":16,"turns":11},{"damage":0,"enemies":"Shell Parasite","floor":18,"turns":9},{"damage":0,"enemies":"Spheric Guardian","floor":19,"turns":9},{"damage":16,"enemies":"Shelled Parasite and Fungi","floor":20,"turns":10},{"damage":0,"enemies":"Centurion and Healer","floor":21,"turns":9},{"damage":0,"enemies":"Masked Bandits","floor":22,"turns":2},{"damage":11,"enemies":"Gremlin Leader","floor":23,"turns":12},{"damage":12,"enemies":"Book of Stabbing","floor":27,"turns":7},{"damage":16,"enemies":"Gremlin Leader","floor":29,"turns":6},{"damage":6,"enemies":"Chosen and Byrds","floor":31,"turns":11},{"damage":6,"enemies":"Champ","floor":33,"turns":11},{"damage":12,"enemies":"3 Darklings","floor":35,"turns":8},{"damage":6,"enemies":"Orb Walker","floor":38,"turns":6},{"damage":6,"enemies":"Nemesis","floor":40,"turns":15},{"damage":0,"enemies":"Giant Head","floor":42,"turns":6},{"damage":6,"enemies":"4 Shapes","floor":44,"turns":6},{"damage":26,"enemies":"Reptomancer","floor":47,"turns":7},{"damage":3,"enemies":"3 Darklings","floor":48,"turns":11},{"damage":11,"enemies":"Donu and Deca","floor":50,"turns":7},{"damage":10,"enemies":"Shield and Spear","floor":54,"turns":9},{"damage":102,"enemies":"The Heart","floor":55,"turns":18}],"seed_played":"-6170157666704339595","potions_obtained":[{"floor":3.0,"key":"Regen Potion"},{"floor":4.0,"key":"FairyPotion"},{"floor":4.0,"key":"SteroidPotion"},{"floor":8.0,"key":"FearPotion"},{"floor":10.0,"key":"PowerPotion"},{"floor":16,"key":"ElixirPotion"},{"floor":20,"key":"SteroidPotion"},{"floor":27,"key":"SmokeBomb"},{"floor":29,"key":"Strength Potion"},{"floor":31,"key":"Swift Potion"},{"floor":35,"key":"PowerPotion"},{"floor":38,"key":"Energy Potion"},{"floor":47,"key":"FearPotion"},{"floor":48,"key":"ElixirPotion"}],"is_trial":false,"path_per_floor":["M","M","M","?","M","R","E","M","T","M","?","$","E","M","R","B",null,"M","M","M","M","?","E","R","?","T","E","?","E","?","M","R","B",null,"M","$","$","M","?","E","R","E","T","M","?","R","E","M","R","B",null,"R","$","E","B"],"character_chosen":"IRONCLAD","items_purchased":["Feel No Pain","Warcry+1","Entrench+1","Dark Embrace","GamblersBrew"],"campfire_rested":0,"item_purchase_floors":[12,12,36,36,36],"current_hp_per_floor":[57,62,68,68,60,60,58,63,63,63,63,63,59,57,57,29,69,75,81,71,77,82,77,77,77,77,71,71,61,49,49,49,49,74,68,68,68,68,58,70,70,82,82,82,82,82,68,82,82,82,82,82,82,82,0,0],"gold":135,"neow_bonus":"TEN_PERCENT_HP_BONUS","is_daily":false,"chose_seed":false,"campfire_upgraded":7,"win_rate":0.0,"timestamp":1612418938,"path_taken":["M","M","M","?","?","R","E","M","T","M","?","$","E","M","R","BOSS","M","M","M","M","?","E","R","?","T","E","?","E","?","M","R","BOSS","M","?","$","M","?","E","R","E","T","M","?","R","E","M","R","BOSS","R","$","E","BOSS"],"items_purchased_type":["Card","Card","Card","Card","Potion"],"build_version":"2020-12-22","purchased_purges":4,"victory":false,"max_hp_per_floor":[82,82,82,82,82,82,82,82,82,82,82,82,82,82,82,82,82,82,82,82,82,82,82,82,82,82,82,82,82,82,82,82,82,82,82,82,82,82,82,82,82,82,82,82,82,82,82,82,82,82,82,82,82,82,82,82],"relic_stats":{"counters":[30,223],"Astrolabe":["Demon Form","Second Wind","Barricade"],"PreservedInsect":380,"Juzu Bracelet":1,"Smiling Mask":100,"Burning Blood":152,"Centennial Puzzle":[58],"Mummified Hand":[44],"Prayer Wheel":5,"Art of War":[119],"obtain_stats":[{"Astrolabe":17,"Oddly Smooth Stone":45,"Vajra":54,"PreservedInsect":27,"Juzu Bracelet":29,"Smiling Mask":47,"Burning Blood":0,"White Beast Statue":28,"SlaversCollar":34,"Centennial Puzzle":7,"Anchor":23,"Mummified Hand":42,"Prayer Wheel":26,"Art of War":13,"Red Mask":22,"Toxic Egg 2":9,"Toy Ornithopter":40,"Pocketwatch":11},{"Astrolabe":10,"Oddly Smooth Stone":25,"Vajra":29,"PreservedInsect":17,"Juzu Bracelet":18,"Smiling Mask":26,"Burning Blood":0,"White Beast Statue":17,"SlaversCollar":20,"Centennial Puzzle":5,"Anchor":16,"Mummified Hand":24,"Prayer Wheel":16,"Art of War":8,"Red Mask":15,"Toxic Egg 2":6,"Toy Ornithopter":23,"Pocketwatch":7},{"Astrolabe":44,"Oddly Smooth Stone":171,"Vajra":205,"PreservedInsect":102,"Juzu Bracelet":108,"Smiling Mask":178,"Burning Blood":0,"White Beast Statue":102,"SlaversCollar":130,"Centennial Puzzle":17,"Anchor":95,"Mummified Hand":165,"Prayer Wheel":95,"Art of War":29,"Red Mask":83,"Toxic Egg 2":19,"Toy Ornithopter":159,"Pocketwatch":22}],"Toy Ornithopter":10,"Pocketwatch":[269]},"card_choices":[{"not_picked":["Sword Boomerang","Combust"],"picked":"Anger","floor":1.0},{"not_picked":["Headbutt","Body Slam"],"picked":"Whirlwind","floor":2.0},{"not_picked":["Armaments","Shrug It Off"],"picked":"True Grit","floor":3.0},{"not_picked":["Headbutt","Blood for Blood","True Grit"],"picked":"SKIP","floor":5.0},{"not_picked":["Clash","Bludgeon"],"picked":"Double Tap","floor":7.0},{"not_picked":["Flex","Heavy Blade"],"picked":"Metallicize","floor":8.0},{"not_picked":["Wild Strike","Heavy Blade"],"picked":"Power Through+1","floor":10.0},{"not_picked":["Cleave","Whirlwind"],"picked":"Metallicize","floor":13.0},{"not_picked":["Whirlwind","Wild Strike"],"picked":"Ghostly Armor+1","floor":14.0},{"not_picked":["Immolate","Berserk"],"picked":"Barricade","floor":16},{"not_picked":["Sever Soul","Armaments+1","Perfected Strike"],"picked":"SKIP","floor":18},{"not_picked":["Sever Soul","Armaments+1","Perfected Strike"],"picked":"SKIP","floor":18},{"not_picked":["Clash","Spot Weakness+1"],"picked":"True Grit+1","floor":19},{"not_picked":["Bloodletting+1","Perfected Strike"],"picked":"Offering+1","floor":20},{"not_picked":["Sentinel+1","Havoc+1"],"picked":"Warcry+1","floor":21},{"not_picked":["True Grit+1","Sword Boomerang"],"picked":"Shrug It Off+1","floor":22},{"not_picked":["Searing Blow","Shrug It Off+1"],"picked":"Exhume+1","floor":23},{"not_picked":["Clash","Heavy Blade","Headbutt"],"picked":"SKIP","floor":27},{"not_picked":["Wild Strike","Flame Barrier+1","Spot Weakness+1"],"picked":"SKIP","floor":29},{"not_picked":["Pommel Strike","Flex+1"],"picked":"Feel No Pain+1","floor":31},{"not_picked":["Iron Wave","Shrug It Off+1","Reckless Charge+1"],"picked":"SKIP","floor":31},{"not_picked":["Flame Barrier+1","Twin Strike+1"],"picked":"Bloodletting+1","floor":35},{"not_picked":["Uppercut","Metallicize","Rupture"],"picked":"SKIP","floor":35},{"not_picked":["Headbutt+1","True Grit+1"],"picked":"Second Wind+1","floor":38},{"not_picked":["Headbutt","Anger+1","Intimidate+1"],"picked":"SKIP","floor":38},{"not_picked":["Apotheosis+1","Flash of Steel"],"picked":"Bandage Up+1","floor":39},{"not_picked":["Shrug It Off+1","Brutality","Wild Strike"],"picked":"SKIP","floor":40},{"not_picked":["Wild Strike+1","Fire Breathing","Metallicize"],"picked":"SKIP","floor":42},{"not_picked":["Anger","Shrug It Off+1"],"picked":"Burning Pact+1","floor":44},{"not_picked":["Armaments+1","Clothesline+1","Sever Soul"],"picked":"SKIP","floor":44},{"not_picked":["Clothesline","Infernal Blade+1","Clash"],"picked":"SKIP","floor":47},{"not_picked":["Havoc+1","Whirlwind"],"picked":"Offering+1","floor":48},{"not_picked":["Shrug It Off+1","Dark Embrace"],"picked":"Entrench+1","floor":48},{"not_picked":["Dropkick","Thunderclap","Clash"],"picked":"SKIP","floor":54}],"player_experience":494717,"relics_obtained":[{"floor":7.0,"key":"Centennial Puzzle"},{"floor":9.0,"key":"Toxic Egg 2"},{"floor":13.0,"key":"Art of War"},{"floor":22,"key":"Red Mask"},{"floor":23,"key":"Anchor"},{"floor":26,"key":"Prayer Wheel"},{"floor":27,"key":"PreservedInsect"},{"floor":29,"key":"Juzu Bracelet"},{"floor":40,"key":"Toy Ornithopter"},{"floor":42,"key":"Mummified Hand"},{"floor":45,"key":"Oddly Smooth Stone"},{"floor":47,"key":"Smiling Mask"},{"floor":54,"key":"Vajra"}],"event_choices":[{"damage_healed":0.0,"max_hp_gain":0.0,"max_hp_loss":0.0,"gold_gain":0.0,"event_name":"Lab","player_choice":"Got Potions","floor":4.0,"gold_loss":0.0,"damage_taken":0.0},{"damage_healed":0.0,"max_hp_gain":0.0,"max_hp_loss":0.0,"gold_gain":0.0,"event_name":"Big Fish","player_choice":"Box","floor":11.0,"gold_loss":0.0,"damage_taken":0.0,"relics_obtained":["Pocketwatch"],"cards_obtained":["Regret"]},{"damage_healed":0,"gold_gain":0,"player_choice":"Fought Bandits","damage_taken":0,"max_hp_gain":0,"max_hp_loss":0,"event_name":"Masked Bandits","floor":22,"gold_loss":0},{"damage_healed":0,"gold_gain":0,"player_choice":"Read","damage_taken":0,"max_hp_gain":0,"max_hp_loss":0,"event_name":"The Library","floor":25,"gold_loss":0,"cards_obtained":["Body Slam"]},{"damage_healed":0,"gold_gain":0,"player_choice":"Gave Potion","damage_taken":0,"relics_obtained":["White Beast Statue"],"max_hp_gain":0,"max_hp_loss":0,"event_name":"WeMeetAgain","floor":28,"gold_loss":0},{"damage_healed":0,"gold_gain":0,"player_choice":"Damaged","damage_taken":12,"max_hp_gain":0,"max_hp_loss":0,"event_name":"Wheel of Change","floor":30,"gold_loss":0},{"damage_healed":0,"gold_gain":0,"player_choice":"Memory 3","damage_taken":10,"max_hp_gain":0,"max_hp_loss":0,"event_name":"SensoryStone","floor":39,"gold_loss":0},{"damage_healed":0,"gold_gain":0,"player_choice":"Relic","damage_taken":0,"max_hp_gain":0,"max_hp_loss":0,"event_name":"Wheel of Change","floor":45,"gold_loss":0}],"is_beta":false,"boss_relics":[{"not_picked":["Tiny House","Philosopher\u0027s Stone"],"picked":"Astrolabe"},{"not_picked":["Velvet Choker","SacredBark"],"picked":"SlaversCollar"}],"items_purged_floors":[12,36,37,53],"is_endless":false,"potions_floor_spawned":[3,5,8,10,13,14,16,18,20,27,29,31,33,35,38,40,42,44,47,48,54],"killed_by":"The Heart","ascension_level":19}}