{"host":"phy652c7lim9lcu2","time":1612416995,"event":{"mods":["BaseMod","BetterRewards","Colored Powertips","Downfall","Googly Eyes","Hubris","Minty Spire (QoL Compilation)","Relic Stats","Spicy Shops","StSLib","everything is the same but u backflip on backflip"],"gold_per_floor":[115,132,149,149,4,4,39,54,54,54,68,83,83,140,140,240,240,254,56,76,119,219,219,264,298,347,347,382,144,200,249,249,375,375,422,422,469,13,29,59,59,89,115,115,158,15,35,69,69,99,99,99,43,72,72],"floor_reached":56,"language":"ENG","playtime":3216,"items_purged":["Strike_P","Defend_P","Strike_P","Defend_P","Defend_P+1"],"score":2289,"play_id":"66252237-9344-4214-bd08-14eb31cc9682","local_time":"20210204153635","is_ascension_mode":true,"campfire_choices":[{"data":"BowlingBash","floor":6.0,"key":"SMITH"},{"floor":10.0,"key":"RECALL"},{"data":"Wish","floor":15.0,"key":"SMITH"},{"data":"Protect","floor":23.0,"key":"SMITH"},{"floor":27.0,"key":"REST"},{"floor":32.0,"key":"REST"},{"floor":41.0,"key":"REST"},{"data":"MentalFortress","floor":49.0,"key":"SMITH"},{"data":"Devotion","floor":52.0,"key":"SMITH"}],"circlet_count":0,"master_deck":["Strike_P+1","Strike_P+1","Defend_P+1","Eruption+1","Vigilance+1","Devotion+1","BowlingBash+1","Sanctity+1","CutThroughFate+1","SpiritShield+1","Protect+1","SandsOfTime+1","Wish+1","Protect+1","Devotion+1","EmptyBody+1","Prostrate+1","FearNoEvil+1","TalkToTheHand+1","SandsOfTime+1","Establishment+1","Perseverance+1","MentalFortress+1","Devotion+1","WheelKick","CutThroughFate+1","ThirdEye+1"],"relics":["HolyWater","Orrery","hubris:Towel","ClockworkSouvenir","Lizard Tail","TeardropLocket","The Courier","VioletLotus","Meat on the Bone","Pocketwatch","Pen Nib","Blood Vial","Nunchaku","hubris:CrystalStatue","hubris:ToyBattleship","Potion Belt","hubris:SlimyHat","Orichalcum","CloakClasp","Dead Branch"],"acts_visited":["Exordium","TheCity","TheBeyond","TheEnding"],"potions_floor_usage":[55,55,55],"damage_taken":[{"damage":0.0,"enemies":"Small Slimes","floor":1.0,"turns":3.0},{"damage":0.0,"enemies":"2 Louse","floor":2.0,"turns":2.0},{"damage":0.0,"enemies":"Cultist","floor":3.0,"turns":2.0},{"damage":30.0,"enemies":"Gremlin Nob","floor":7.0,"turns":5.0},{"damage":0.0,"enemies":"Looter","floor":8.0,"turns":4.0},{"damage":4.0,"enemies":"Large Slime","floor":11.0,"turns":5.0},{"damage":0.0,"enemies":"Gremlin Gang","floor":12.0,"turns":3.0},{"damage":0.0,"enemies":"3 Sentries","floor":14.0,"turns":4.0},{"damage":6.0,"enemies":"Hexaghost","floor":16.0,"turns":7.0},{"damage":9.0,"enemies":"2 Thieves","floor":18.0,"turns":4.0},{"damage":0.0,"enemies":"Spheric Guardian","floor":20.0,"turns":5.0},{"damage":0.0,"enemies":"Cultist and Chosen","floor":21.0,"turns":5.0},{"damage":4.0,"enemies":"Chosen and Byrds","floor":24.0,"turns":11.0},{"damage":16.0,"enemies":"Slavers","floor":25.0,"turns":4.0},{"damage":44.0,"enemies":"Gremlin Leader","floor":28.0,"turns":7.0},{"damage":0.0,"enemies":"Slavers","floor":30.0,"turns":19.0},{"damage":0.0,"enemies":"Shelled Parasite and Fungi","floor":31.0,"turns":7.0},{"damage":0.0,"enemies":"Champ","floor":33.0,"turns":9.0},{"damage":9.0,"enemies":"Orb Walker","floor":35.0,"turns":4.0},{"damage":0.0,"enemies":"3 Shapes","floor":37.0,"turns":6.0},{"damage":0.0,"enemies":"Writhing Mass","floor":39.0,"turns":4.0},{"damage":0.0,"enemies":"Giant Head","floor":40.0,"turns":6.0},{"damage":0.0,"enemies":"Nemesis","floor":42.0,"turns":3.0},{"damage":13.0,"enemies":"4 Shapes","floor":45.0,"turns":4.0},{"damage":0.0,"enemies":"Jaw Worm Horde","floor":47.0,"turns":4.0},{"damage":4.0,"enemies":"Reptomancer","floor":48.0,"turns":5.0},{"damage":15.0,"enemies":"Donu and Deca","floor":50.0,"turns":7.0},{"damage":18.0,"enemies":"Shield and Spear","floor":54.0,"turns":4.0},{"damage":13,"enemies":"The Heart","floor":55,"turns":7}],"seed_played":"222252796556106746","potions_obtained":[{"floor":2.0,"key":"BottledMiracle"},{"floor":11.0,"key":"DistilledChaos"},{"floor":12.0,"key":"DistilledChaos"},{"floor":16.0,"key":"LiquidBronze"},{"floor":18.0,"key":"sneckomod:MuddlingPotion"},{"floor":24.0,"key":"SmokeBomb"},{"floor":28.0,"key":"Block Potion"},{"floor":31.0,"key":"EssenceOfSteel"},{"floor":35.0,"key":"PowerPotion"},{"floor":37.0,"key":"LiquidMemories"},{"floor":47.0,"key":"AttackPotion"},{"floor":54.0,"key":"Weak Potion"}],"is_trial":false,"path_per_floor":["M","M","M","?","$","R","E","M","T","R","M","M","$","?","R","B",null,"M","$","M","M","?","R","M","E","T","R","E","$","E","M","R","B",null,"M","?","M","$","M","E","R","E","T","?","M","$","M","E","R","B",null,"R","$","E","B",null],"character_chosen":"WATCHER","items_purchased":["Devotion","Orrery","ClockworkSouvenir","Prostrate","Pen Nib","Nunchaku","hubris:CrystalStatue","Weak Potion","Dexterity Potion","SpeedPotion","CloakClasp","Dexterity Potion"],"campfire_rested":3,"item_purchase_floors":[0,0,5,19,29,38,38,46,46,46,53,53],"current_hp_per_floor":[65,65,65,65,65,65,35,35,35,35,31,31,31,31,31,25,60,51,51,51,51,51,51,47,31,31,52,20,20,32,46,67,69,71,63,63,65,65,67,69,72,72,72,72,59,59,61,59,59,46,66,66,66,50,39],"gold":72,"neow_bonus":"","is_daily":false,"chose_seed":false,"campfire_upgraded":5,"win_rate":0.0,"timestamp":1612416995,"path_taken":["M","M","M","?","$","R","E","M","T","R","M","M","$","?","R","BOSS","M","$","M","M","?","R","?","E","T","R","E","$","E","M","R","BOSS","M","?","M","$","M","E","R","E","T","?","?","$","M","E","R","BOSS","R","$","E","BOSS"],"items_purchased_type":["Card","Relic","Relic","Card","Relic","Relic","Relic","Potion","Potion","Potion","Relic","Potion"],"build_version":"2020-12-22","purchased_purges":5,"victory":true,"max_hp_per_floor":[72,72,72,72,72,72,72,72,72,72,72,72,72,72,72,72,72,72,72,72,72,72,72,72,72,72,72,72,72,72,72,72,72,72,72,72,72,72,72,72,72,72,72,72,72,72,72,72,72,72,72,72,72,72,72],"relic_stats":{"Blood Vial":21,"Lizard Tail":0,"Nunchaku":[29],"counters":[112,504],"Dead Branch":[6],"VioletLotus":[43],"Pen Nib":[30],"CloakClasp":[38],"Orichalcum":[0],"obtain_stats":[{"Tiny House":34,"hubris:CrystalStatue":38,"Gremlin Horn":17,"CeramicFish":31,"Runic Capacitor":0,"Whetstone":54,"Sling":14,"Boot":25,"hubris:TerracottaHorce":17,"Blood Vial":30,"Centennial Puzzle":8,"Lizard Tail":7,"Strawberry":6,"MealTicket":26,"downfall:ExtraCursedKey":13,"VioletLotus":17,"Kunai":53,"Toxic Egg 2":11,"hubris:TinFlute":7,"Pear":24,"Happy Flower":27,"hubris:DuctTape":47,"Astrolabe":17,"Blue Candle":36,"Dead Branch":54,"Oddly Smooth Stone":0,"Pen Nib":26,"Letter Opener":41,"Akabeko":14,"Shuriken":45,"hubris:PeanutButter":9,"hubris:ToyBattleship":30,"Meat on the Bone":25,"Pocketwatch":28,"Juzu Bracelet":6,"hubris:SlimyHat":43,"CloakClasp":53,"TeardropLocket":9,"hubris:EmptyBottle":12,"Smiling Mask":14,"Ancient Tea Set":0,"ClockworkSouvenir":19,"Nunchaku":26,"Gambling Chip":21,"Tiny Chest":17,"Red Mask":0,"Chemical X":0,"Cracked Core":0,"Potion Belt":42,"PreservedInsect":0,"The Courier":14,"Orichalcum":0,"hubris:Towel":22,"Calling Bell":17,"Peace Pipe":0,"Strange Spoon":36,"CaptainsWheel":11,"Orrery":0,"HolyWater":34,"Turnip":17,"Bag of Marbles":23,"Membership Card":4,"hubris:CrackedHourglass":17,"PureWater":0,"TungstenRod":0,"Toy Ornithopter":11},{"Tiny House":47,"hubris:CrystalStatue":103,"Gremlin Horn":41,"CeramicFish":46,"Runic Capacitor":5,"Whetstone":57,"Sling":71,"Boot":78,"hubris:TerracottaHorce":72,"Blood Vial":99,"Centennial Puzzle":22,"Lizard Tail":87,"Strawberry":20,"MealTicket":78,"downfall:ExtraCursedKey":12,"VioletLotus":92,"Kunai":56,"Toxic Egg 2":24,"hubris:TinFlute":36,"Pear":44,"Happy Flower":45,"hubris:DuctTape":54,"Astrolabe":14,"Blue Candle":48,"Dead Branch":111,"Oddly Smooth Stone":32,"Pen Nib":31,"Letter Opener":52,"Akabeko":40,"Shuriken":53,"hubris:PeanutButter":11,"hubris:ToyBattleship":45,"Meat on the Bone":97,"Pocketwatch":98,"Juzu Bracelet":10,"hubris:SlimyHat":106,"CloakClasp":110,"TeardropLocket":88,"hubris:EmptyBottle":24,"Smiling Mask":12,"Ancient Tea Set":32,"ClockworkSouvenir":42,"Nunchaku":44,"Gambling Chip":29,"Tiny Chest":41,"Red Mask":0,"Chemical X":0,"Cracked Core":0,"Potion Belt":106,"PreservedInsect":0,"The Courier":91,"Orichalcum":14,"hubris:Towel":29,"Calling Bell":41,"Peace Pipe":58,"Strange Spoon":48,"CaptainsWheel":70,"Orrery":83,"HolyWater":101,"Turnip":41,"Bag of Marbles":76,"Membership Card":8,"hubris:CrackedHourglass":27,"PureWater":0,"TungstenRod":0,"Toy Ornithopter":37},{"Tiny House":200,"hubris:CrystalStatue":460,"Gremlin Horn":169,"CeramicFish":191,"Runic Capacitor":13,"Whetstone":252,"Sling":306,"Boot":329,"hubris:TerracottaHorce":312,"Blood Vial":434,"Centennial Puzzle":80,"Lizard Tail":356,"Strawberry":73,"MealTicket":329,"downfall:ExtraCursedKey":43,"VioletLotus":379,"Kunai":247,"Toxic Egg 2":86,"hubris:TinFlute":151,"Pear":181,"Happy Flower":183,"hubris:DuctTape":234,"Astrolabe":56,"Blue Candle":203,"Dead Branch":497,"Oddly Smooth Stone":131,"Pen Nib":122,"Letter Opener":222,"Akabeko":165,"Shuriken":229,"hubris:PeanutButter":38,"hubris:ToyBattleship":183,"Meat on the Bone":408,"Pocketwatch":415,"Juzu Bracelet":34,"hubris:SlimyHat":473,"CloakClasp":493,"TeardropLocket":360,"hubris:EmptyBottle":86,"Smiling Mask":43,"Ancient Tea Set":131,"ClockworkSouvenir":172,"Nunchaku":181,"Gambling Chip":115,"Tiny Chest":169,"Red Mask":0,"Chemical X":0,"Cracked Core":0,"Potion Belt":473,"PreservedInsect":0,"The Courier":372,"Orichalcum":56,"hubris:Towel":115,"Calling Bell":169,"Peace Pipe":261,"Strange Spoon":203,"CaptainsWheel":303,"Orrery":344,"HolyWater":450,"Turnip":169,"Bag of Marbles":323,"Membership Card":24,"hubris:CrackedHourglass":107,"PureWater":0,"TungstenRod":0,"Toy Ornithopter":156}],"Meat on the Bone":36,"Pocketwatch":[82]},"card_choices":[{"not_picked":["SashWhip","ForeignInfluence"],"picked":"BowlingBash","floor":0.0},{"not_picked":["Evaluate","TalkToTheHand"],"picked":"LessonLearned","floor":0.0},{"not_picked":["CarveReality","Tantrum"],"picked":"Sanctity","floor":1.0},{"not_picked":["Fasting2","WaveOfTheHand"],"picked":"CutThroughFate","floor":2.0},{"not_picked":["Indignation","InnerPeace","Evaluate"],"picked":"SKIP","floor":3.0},{"not_picked":["FlyingSleeves","Collect"],"picked":"SpiritShield","floor":7.0},{"not_picked":["Vengeance","PathToVictory"],"picked":"Protect","floor":8.0},{"not_picked":["Crescendo","EmptyMind"],"picked":"SandsOfTime","floor":11.0},{"not_picked":["Meditate","SashWhip"],"picked":"Wish","floor":12.0},{"not_picked":["PathToVictory","DeceiveReality"],"picked":"Protect","floor":14.0},{"not_picked":["Vault","Omniscience"],"picked":"Devotion","floor":16.0},{"not_picked":["Prostrate","Tantrum"],"picked":"EmptyBody","floor":18.0},{"not_picked":["Protect","FlurryOfBlows"],"picked":"FearNoEvil","floor":20.0},{"not_picked":["CarveReality","Crescendo","FollowUp"],"picked":"SKIP","floor":21.0},{"not_picked":["Omniscience","Halt"],"picked":"TalkToTheHand+1","floor":24.0},{"not_picked":["CrushJoints+1","Consecrate","SashWhip"],"picked":"SKIP","floor":25.0},{"not_picked":["CutThroughFate","WreathOfFlame+1","Evaluate"],"picked":"SKIP","floor":28.0},{"not_picked":["BowlingBash","Sanctity"],"picked":"SandsOfTime","floor":30.0},{"not_picked":["Protect","SashWhip","Evaluate"],"picked":"SKIP","floor":31.0},{"not_picked":["Vault","Wish"],"picked":"Establishment","floor":33.0},{"not_picked":["Collect+1","Consecrate","Weave+1"],"picked":"SKIP","floor":35.0},{"not_picked":["WreathOfFlame","ClearTheMind","Pray"],"picked":"SKIP","floor":37.0},{"not_picked":["FlurryOfBlows","DeceiveReality","FlyingSleeves+1"],"picked":"SKIP","floor":39.0},{"not_picked":["LessonLearned","FollowUp+1","WreathOfFlame"],"picked":"SKIP","floor":40.0},{"not_picked":["Halt","FollowUp+1"],"picked":"MentalFortress","floor":42.0},{"not_picked":["Vengeance+1","CrushJoints+1"],"picked":"WheelKick","floor":45.0},{"not_picked":["FlyingSleeves+1","Halt+1"],"picked":"CutThroughFate+1","floor":47.0},{"not_picked":["FollowUp","ClearTheMind+1"],"picked":"ThirdEye+1","floor":48.0},{"not_picked":["FlurryOfBlows+1","DeceiveReality","Consecrate"],"picked":"SKIP","floor":54.0}],"player_experience":298249,"relics_obtained":[{"floor":7.0,"key":"Lizard Tail"},{"floor":9.0,"key":"TeardropLocket"},{"floor":14.0,"key":"The Courier"},{"floor":25.0,"key":"Meat on the Bone"},{"floor":28.0,"key":"Pocketwatch"},{"floor":30.0,"key":"Blood Vial"},{"floor":40.0,"key":"hubris:ToyBattleship"},{"floor":42.0,"key":"Potion Belt"},{"floor":43.0,"key":"hubris:SlimyHat"},{"floor":48.0,"key":"Orichalcum"},{"floor":54.0,"key":"Dead Branch"}],"event_choices":[{"damage_healed":0.0,"max_hp_gain":0.0,"max_hp_loss":0.0,"gold_gain":30.0,"event_name":"Dead Adventurer","player_choice":"Searched \u00273\u0027 times","floor":14.0,"gold_loss":0.0,"damage_taken":0.0},{"damage_healed":0.0,"max_hp_gain":0.0,"max_hp_loss":0.0,"gold_gain":100.0,"event_name":"Golden Shrine","player_choice":"Pray","floor":22.0,"gold_loss":0.0,"damage_taken":0.0},{"damage_healed":0.0,"max_hp_gain":0.0,"max_hp_loss":0.0,"gold_gain":0.0,"cards_transformed":["LessonLearned"],"event_name":"Transmorgrifier","player_choice":"Transformed","floor":44.0,"gold_loss":0.0,"damage_taken":0.0,"cards_obtained":["Devotion"]}],"is_beta":false,"boss_relics":[{"not_picked":["Black Star","Astrolabe"],"picked":"VioletLotus"},{"not_picked":["SacredBark","Empty Cage"],"picked":"HolyWater"}],"items_purged_floors":[0,19,19,29,38],"is_endless":false,"potions_floor_spawned":[2,11,12,16,18,24,28,31,35,37,47,54],"ascension_level":9}}