{"host":"syozzdlzcqop4jia","time":1612473193,"event":{"mods":["BaseMod","Colored Map","Colored Powertips","Minty Spire (QoL Compilation)","Quick Restart"],"gold_per_floor":[116,126,1,16,30,30,30,54,81,81,99,99,133,151,151,253,253,273,273,292,142,157,157,177,101,148,3,15,15,15,46,46,46,46],"floor_reached":33,"language":"ENG","playtime":1604,"items_purged":["Defend_B"],"score":280,"play_id":"7c56ea39-e8ad-49b3-aeee-f1d5c5620090","local_time":"20210204221313","is_ascension_mode":true,"campfire_choices":[{"data":"Ball Lightning","floor":6,"key":"SMITH"},{"data":"Doom and Gloom","floor":10,"key":"SMITH"},{"floor":12,"key":"REST"},{"floor":15,"key":"REST"},{"floor":23,"key":"REST"},{"floor":30,"key":"REST"},{"floor":32,"key":"REST"}],"circlet_count":0,"master_deck":["Strike_B","Strike_B","Strike_B","Strike_B","Defend_B","Defend_B","Defend_B","Zap","Dualcast","Doom and Gloom+1","Streamline","Steam","Ball Lightning+1","Fusion","Melter","Biased Cognition","Glacier","Core Surge","Defragment","Thunder Strike","Streamline"],"relics":["Cracked Core","Omamori","Bag of Marbles","Orichalcum","Philosopher\u0027s Stone","Happy Flower","Akabeko","Lantern","WingedGreaves","Regal Pillow"],"acts_visited":["Exordium","TheCity"],"potions_floor_usage":[33],"damage_taken":[{"damage":1,"enemies":"Cultist","floor":1,"turns":3},{"damage":7,"enemies":"2 Louse","floor":2,"turns":2},{"damage":11,"enemies":"Jaw Worm","floor":4,"turns":2},{"damage":4,"enemies":"Looter","floor":5,"turns":2},{"damage":24,"enemies":"Exordium Thugs","floor":11,"turns":3},{"damage":26,"enemies":"Gremlin Nob","floor":13,"turns":4},{"damage":3,"enemies":"Blue Slaver","floor":14,"turns":3},{"damage":16,"enemies":"Slime Boss","floor":16,"turns":8},{"damage":19,"enemies":"Chosen","floor":18,"turns":5},{"damage":0,"enemies":"Shell Parasite","floor":20,"turns":3},{"damage":38,"enemies":"Shelled Parasite and Fungi","floor":22,"turns":4},{"damage":9,"enemies":"3 Cultists","floor":24,"turns":3},{"damage":0,"enemies":"Snecko","floor":28,"turns":2},{"damage":39,"enemies":"Book of Stabbing","floor":31,"turns":4},{"damage":76,"enemies":"Champ","floor":33,"turns":7}],"seed_played":"-7848822211164713533","potions_obtained":[{"floor":1,"key":"Energy Potion"},{"floor":5,"key":"SneckoOil"},{"floor":13,"key":"AttackPotion"},{"floor":22,"key":"Explosive Potion"}],"is_trial":false,"path_per_floor":["M","M","$","M","M","R","?","T","T","R","M","R","E","M","R","B",null,"M","?","M","$","M","R","M","$","T","$","M","T","R","E","R","B"],"character_chosen":"DEFECT","items_purchased":["Steam","Core Surge","Thunder Strike","Lantern"],"campfire_rested":5,"item_purchase_floors":[3,21,25,27],"current_hp_per_floor":[81,74,74,63,59,59,82,82,82,82,58,82,56,53,77,61,82,63,63,63,63,25,49,40,40,40,40,40,40,64,25,64,0,0],"gold":46,"neow_bonus":"TEN_PERCENT_HP_BONUS","is_daily":false,"chose_seed":false,"campfire_upgraded":2,"win_rate":0.0,"timestamp":1612473193,"path_taken":["M","?","$","?","M","R","?","?","T","R","M","R","E","M","R","BOSS","M","?","M","$","M","R","M","$","T","?","M","?","R","E","R","BOSS"],"items_purchased_type":["Card","Card","Card","Relic"],"build_version":"2020-12-22","purchased_purges":1,"victory":false,"max_hp_per_floor":[82,82,82,82,82,82,82,82,82,82,82,82,82,82,82,82,82,82,82,82,82,82,82,82,82,82,82,82,82,82,82,82,82,82],"card_choices":[{"not_picked":["Loop","Sweeping Beam"],"picked":"Doom and Gloom","floor":1},{"not_picked":["Go for the Eyes","Sweeping Beam"],"picked":"Streamline","floor":2},{"not_picked":["Compile Driver","Leap","Hologram"],"picked":"SKIP","floor":4},{"not_picked":["Hologram","Reprogram"],"picked":"Ball Lightning","floor":5},{"not_picked":["Rip and Tear","Force Field"],"picked":"Fusion","floor":11},{"not_picked":["Tempest","Multi-Cast"],"picked":"Melter","floor":13},{"not_picked":["Turbo","Rebound","Leap"],"picked":"SKIP","floor":14},{"not_picked":["Seek","Hyperbeam"],"picked":"Biased Cognition","floor":16},{"not_picked":["Rebound","Heatsinks"],"picked":"Glacier","floor":18},{"not_picked":["Beam Cell","Sweeping Beam","Hello World"],"picked":"SKIP","floor":20},{"not_picked":["Go for the Eyes","Cold Snap"],"picked":"Defragment","floor":22},{"not_picked":["Hologram","Turbo","Steam"],"picked":"SKIP","floor":24},{"not_picked":["Gash","Sweeping Beam","Fusion"],"picked":"SKIP","floor":28},{"not_picked":["Steam","Tempest+1"],"picked":"Streamline","floor":31}],"player_experience":550651,"relics_obtained":[{"floor":8,"key":"Omamori"},{"floor":9,"key":"Bag of Marbles"},{"floor":13,"key":"Orichalcum"},{"floor":26,"key":"Akabeko"},{"floor":29,"key":"WingedGreaves"},{"floor":31,"key":"Regal Pillow"}],"event_choices":[{"damage_healed":27,"gold_gain":0,"player_choice":"Banana","damage_taken":0,"max_hp_gain":0,"max_hp_loss":0,"event_name":"Big Fish","floor":7,"gold_loss":0},{"damage_healed":0,"gold_gain":0,"player_choice":"Opened","damage_taken":0,"relics_obtained":["Happy Flower"],"max_hp_gain":0,"max_hp_loss":0,"event_name":"The Mausoleum","floor":19,"gold_loss":0,"cards_obtained":["Writhe"]}],"is_beta":false,"boss_relics":[{"not_picked":["Black Star","FrozenCore"],"picked":"Philosopher\u0027s Stone"}],"items_purged_floors":[3],"is_endless":false,"potions_floor_spawned":[1,5,13,14,20,22,28],"killed_by":"Champ","ascension_level":1}}