{"host":"egecq8lksgzqg7v3","time":1612457936,"event":{"mods":["AchievementEnabler","Alarm Clock","BaseMod","Bestiary","Better Third Choice","Colored Map","Downfall","Hermit","Minty Spire (QoL Compilation)","StSLib","Synergy Search"],"gold_per_floor":[113,131,143,155,135,167,185,212,212,222,239,259,278,292,292,393,393,404,11,26,46,46,46,64,64,64,74,74,74,74,2,2,2,2],"floor_reached":33,"language":"ENG","playtime":5380,"items_purged":[],"score":315,"play_id":"b62884e1-90f1-4f91-8e43-7f5fcaa462e5","local_time":"20210204115856","is_ascension_mode":false,"campfire_choices":[{"floor":15,"key":"REST"},{"data":"hermit:Maintenance","floor":23,"key":"SMITH"},{"data":"hermit:CalledShot","floor":25,"key":"SMITH"},{"data":"hermit:Combo","floor":28,"key":"SMITH"},{"data":"hermit:FlashPowder","floor":30,"key":"SMITH"},{"data":"hermit:Brawl","floor":32,"key":"SMITH"}],"circlet_count":0,"master_deck":["hermit:Strike_Hermit","hermit:Strike_Hermit","hermit:Strike_Hermit","hermit:Strike_Hermit","hermit:Defend_Hermit","hermit:Defend_Hermit","hermit:Defend_Hermit","hermit:Defend_Hermit","hermit:Snapshot","hermit:Covet","hermit:HighCaliber","hermit:Feint","hermit:HighCaliber","hermit:WideOpen","hermit:FlashPowder+1","hermit:TakeAim","hermit:Gambit","hermit:Brawl+1","hermit:Coalescence","hermit:Misfire","hermit:EyeOfTheStorm","hermit:Snipe","hermit:RoundhouseKick","hermit:Maintenance+1","hermit:CalledShot+1","Trip","hermit:Vantage","hermit:BigShot","hermit:Combo+1","hermit:GoldenBullet+1","hermit:Quickdraw","hermit:LowProfile","Shame","hermit:Glare","hermit:Snipe"],"relics":["hermit:Momento","Orichalcum","MealTicket","Ice Cream","Coffee Dripper","Strawberry","Frozen Egg 2","Thread and Needle"],"acts_visited":["Exordium","TheCity"],"potions_floor_usage":[16,16,20,21,33],"damage_taken":[{"damage":0.0,"enemies":"2 Louse","floor":1.0,"turns":2.0},{"damage":1.0,"enemies":"Cultist","floor":2.0,"turns":3.0},{"damage":0.0,"enemies":"Small Slimes","floor":3.0,"turns":2.0},{"damage":9.0,"enemies":"Blue Slaver","floor":4.0,"turns":3.0},{"damage":45.0,"enemies":"Lagavulin","floor":6.0,"turns":7.0},{"damage":0.0,"enemies":"3 Louse","floor":7.0,"turns":4.0},{"damage":32.0,"enemies":"Gremlin Nob","floor":8.0,"turns":4.0},{"damage":6.0,"enemies":"Lots of Slimes","floor":10.0,"turns":2.0},{"damage":5,"enemies":"Exordium Wildlife","floor":11,"turns":5},{"damage":4,"enemies":"Exordium Thugs","floor":12,"turns":3},{"damage":6,"enemies":"Blue Slaver","floor":13,"turns":3},{"damage":0,"enemies":"Large Slime","floor":14,"turns":5},{"damage":3,"enemies":"The Guardian","floor":16,"turns":12},{"damage":37,"enemies":"3 Byrds","floor":18,"turns":6},{"damage":17,"enemies":"2 Thieves","floor":20,"turns":4},{"damage":24,"enemies":"Shelled Parasite and Fungi","floor":21,"turns":5},{"damage":2,"enemies":"Snecko","floor":24,"turns":4},{"damage":10,"enemies":"Snake Plant","floor":27,"turns":4},{"damage":38,"enemies":"Champ","floor":33,"turns":11}],"seed_played":"3247002900495398386","potions_obtained":[{"floor":1.0,"key":"FairyPotion"},{"floor":5.0,"key":"ColorlessPotion"},{"floor":6.0,"key":"champ:CounterPotion"},{"floor":8.0,"key":"SteroidPotion"},{"floor":11,"key":"SpeedPotion"},{"floor":13,"key":"Block Potion"},{"floor":18,"key":"Dexterity Potion"},{"floor":20,"key":"Fruit Juice"},{"floor":24,"key":"hexamod:SoulburnPotion"}],"is_trial":false,"path_per_floor":["M","M","M","M","?","E","M","E","T","M","M","M","M","M","R","B",null,"M","$","M","M","?","R","M","R","T","M","R","?","R","$","R","B"],"character_chosen":"HERMIT","items_purchased":["Strawberry","hermit:CalledShot","Trip","hermit:Vantage","hermit:BigShot","hermit:Glare","hermit:Snipe"],"campfire_rested":1,"item_purchase_floors":[19,19,19,19,19,31,31],"current_hp_per_floor":[82,81,81,72,72,27,27,24,24,18,13,9,3,3,27,24,82,45,67,55,31,31,31,29,29,29,19,19,19,19,34,34,0,0],"gold":2,"neow_bonus":"TEN_PERCENT_HP_BONUS","is_daily":false,"chose_seed":false,"campfire_upgraded":5,"win_rate":0.0,"timestamp":1612457936,"path_taken":["M","M","M","M","?","E","M","E","T","M","M","M","M","M","R","BOSS","M","$","?","M","?","R","M","R","T","?","R","?","R","$","R","BOSS"],"items_purchased_type":["Relic","Card","Card","Card","Card","Card","Card"],"build_version":"2020-12-22","purchased_purges":0,"victory":false,"max_hp_per_floor":[82,82,82,82,82,82,82,82,82,82,82,82,82,82,82,82,82,82,89,94,94,94,94,94,94,94,94,94,94,94,94,94,94,94],"card_choices":[{"not_picked":["hermit:GhostlyPresence","hermit:Vantage"],"picked":"hermit:HighCaliber","floor":1.0},{"not_picked":["hermit:Malice","hermit:TakeCover"],"picked":"hermit:Feint","floor":2.0},{"not_picked":["hermit:NoHoldsBarred","hermit:SprayPray"],"picked":"hermit:HighCaliber","floor":3.0},{"not_picked":["hermit:Deadeye","hermit:FullyLoaded"],"picked":"hermit:WideOpen","floor":4.0},{"not_picked":["hermit:BodyArmor","hermit:Malice"],"picked":"hermit:FlashPowder","floor":6.0},{"not_picked":["hermit:Feint","hermit:ItchyTrigger"],"picked":"hermit:TakeAim","floor":7.0},{"not_picked":["hermit:Showdown","hermit:TakeCover"],"picked":"hermit:Gambit","floor":8.0},{"not_picked":["hermit:Vantage","hermit:TakeAim"],"picked":"hermit:Brawl","floor":10.0},{"not_picked":["hermit:WideOpen","hermit:HoleUp"],"picked":"hermit:Coalescence","floor":11},{"not_picked":["hermit:DeadMansHand","hermit:Brawl"],"picked":"hermit:Misfire","floor":12},{"not_picked":["hermit:WideOpen","hermit:Roughhouse"],"picked":"hermit:EyeOfTheStorm","floor":13},{"not_picked":["hermit:LowProfile","hermit:TrackingShot"],"picked":"hermit:Snipe","floor":14},{"not_picked":["hermit:HighNoon","hermit:Adapt"],"picked":"hermit:RoundhouseKick","floor":16},{"not_picked":["hermit:TrackingShot","hermit:Ricochet"],"picked":"hermit:Maintenance","floor":18},{"not_picked":["hermit:HoleUp","hermit:DeadMansHand"],"picked":"hermit:Combo","floor":20},{"not_picked":["hermit:Scavenge","hermit:Grudge"],"picked":"hermit:GoldenBullet+1","floor":21},{"not_picked":["hermit:TrackingShot","hermit:Malice"],"picked":"hermit:Quickdraw","floor":24},{"not_picked":["hermit:SprayPray+1","hermit:HighCaliber"],"picked":"hermit:LowProfile","floor":27}],"player_experience":242990,"relics_obtained":[{"floor":6.0,"key":"Orichalcum"},{"floor":8.0,"key":"MealTicket"},{"floor":9.0,"key":"Ice Cream"},{"floor":26,"key":"Frozen Egg 2"}],"event_choices":[{"damage_healed":0.0,"max_hp_gain":0.0,"max_hp_loss":0.0,"gold_gain":0.0,"event_name":"The Woman in Blue","player_choice":"Bought 1 Potion","floor":5.0,"gold_loss":0.0,"damage_taken":0.0},{"damage_healed":0,"gold_gain":0,"player_choice":"Ignored","damage_taken":0,"max_hp_gain":0,"max_hp_loss":0,"event_name":"NoteForYourself","floor":22,"gold_loss":0},{"damage_healed":0,"gold_gain":0,"player_choice":"Stole Relic","damage_taken":0,"relics_obtained":["Thread and Needle"],"max_hp_gain":0,"max_hp_loss":0,"event_name":"Addict","floor":29,"gold_loss":0,"cards_obtained":["Shame"]}],"is_beta":false,"boss_relics":[{"not_picked":["Sozu","Philosopher\u0027s Stone"],"picked":"Coffee Dripper"}],"items_purged_floors":[],"is_endless":false,"potions_floor_spawned":[1,6,8,11,13,18,20,24],"killed_by":"Champ","ascension_level":0}}