{"host":"d9m9v0h6vo0edadb","time":1612456774,"event":{"mods":["BaseMod","Hermit","Keyboard Shortcuts","Minty Spire (QoL Compilation)","StSLib","SuperFastMode","The Cursed"],"gold_per_floor":[113,133,151,76,89,89,122,122,122,122,150,150,176,76,76,154,154,166,41,41,54,104,104,134,134,161,161,172,190,190,202,202,202,202],"floor_reached":33,"language":"KOR","playtime":593,"items_purged":["Strike_R","Strike_R","Anger+1"],"score":646,"play_id":"3610eb6e-f48c-4058-b07b-07c97c3ae172","local_time":"20210205013934","is_ascension_mode":true,"campfire_choices":[{"data":"Bash","floor":6.0,"key":"SMITH"},{"floor":8.0,"key":"REST"},{"data":"Dual Wield","floor":10.0,"key":"SMITH"},{"data":"True Grit","floor":15.0,"key":"SMITH"},{"floor":23.0,"key":"REST"},{"data":"Offering","floor":27.0,"key":"SMITH"},{"floor":30,"key":"REST"},{"data":"Pommel Strike","floor":32,"key":"SMITH"}],"circlet_count":0,"master_deck":["AscendersBane","Strike_R","Defend_R+1","Defend_R","Defend_R+1","Bash+1","Offering+1","Pommel Strike+1","Dropkick","Dual Wield+1","True Grit+1","Offering","Blood for Blood+1","Sever Soul+1","Decay"],"relics":["Burning Blood","Bag of Preparation","Strawberry","Odd Mushroom","White Beast Statue","Astrolabe","War Paint"],"acts_visited":["Exordium","TheCity"],"potions_floor_usage":[29,33,33],"damage_taken":[{"damage":13.0,"enemies":"Jaw Worm","floor":1.0,"turns":3.0},{"damage":0.0,"enemies":"2 Louse","floor":2.0,"turns":3.0},{"damage":13.0,"enemies":"Small Slimes","floor":3.0,"turns":2.0},{"damage":11.0,"enemies":"Gremlin Gang","floor":5.0,"turns":4.0},{"damage":31.0,"enemies":"Lagavulin","floor":7.0,"turns":5.0},{"damage":10.0,"enemies":"The Mushroom Lair","floor":11.0,"turns":3.0},{"damage":6.0,"enemies":"Gremlin Nob","floor":13.0,"turns":2.0},{"damage":26.0,"enemies":"Hexaghost","floor":16.0,"turns":3.0},{"damage":39.0,"enemies":"Spheric Guardian","floor":18.0,"turns":4.0},{"damage":33.0,"enemies":"3 Byrds","floor":21.0,"turns":4.0},{"damage":18.0,"enemies":"Book of Stabbing","floor":24.0,"turns":3.0},{"damage":45.0,"enemies":"Sentry and Sphere","floor":28.0,"turns":4.0},{"damage":12,"enemies":"Shelled Parasite and Fungi","floor":29,"turns":2},{"damage":14,"enemies":"3 Cultists","floor":31,"turns":3},{"damage":12,"enemies":"Automaton","floor":33,"turns":2}],"seed_played":"-7081649320349873146","potions_obtained":[{"floor":1.0,"key":"Strength Potion"},{"floor":5.0,"key":"HeartOfIron"},{"floor":7.0,"key":"DistilledChaos"},{"floor":11.0,"key":"PowerPotion"},{"floor":16.0,"key":"BloodPotion"},{"floor":18.0,"key":"Regen Potion"},{"floor":24.0,"key":"Block Potion"},{"floor":28.0,"key":"DistilledChaos"},{"floor":29,"key":"PowerPotion"}],"is_trial":false,"path_per_floor":["M","M","M","$","M","R","E","R","T","R","?","?","E","$","R","B",null,"M","$","?","M","?","R","E","?","T","R","M","M","R","M","R","B"],"character_chosen":"IRONCLAD","items_purchased":[],"campfire_rested":3,"item_purchase_floors":[],"current_hp_per_floor":[61,67,60,60,55,55,30,52,59,59,55,55,55,55,55,35,70,53,53,69,42,42,66,54,54,54,54,15,9,33,25,25,18,18],"gold":202,"neow_bonus":"ONE_RANDOM_RARE_CARD","is_daily":false,"chose_seed":false,"campfire_upgraded":5,"win_rate":0.0,"timestamp":1612456774,"path_taken":["M","M","M","$","M","R","E","R","T","R","?","?","E","$","R","BOSS","M","$","?","M","?","R","E","?","T","R","M","M","R","?","R","BOSS"],"items_purchased_type":[],"build_version":"2020-12-22","purchased_purges":3,"victory":false,"max_hp_per_floor":[75,75,75,75,75,75,75,75,82,82,82,82,82,82,82,82,82,82,82,82,82,82,82,82,82,82,82,82,82,82,82,82,82,82],"card_choices":[{"not_picked":["Disarm","Havoc"],"picked":"Pommel Strike","floor":1.0},{"not_picked":["Second Wind","Hemokinesis"],"picked":"Dropkick","floor":2.0},{"not_picked":["Sword Boomerang","Feel No Pain","Clothesline"],"picked":"SKIP","floor":3.0},{"not_picked":["Cleave","Clash"],"picked":"Dual Wield","floor":5.0},{"not_picked":["Reckless Charge","Thunderclap","Whirlwind"],"picked":"SKIP","floor":7.0},{"not_picked":["Shrug It Off","Reaper"],"picked":"True Grit","floor":13.0},{"not_picked":["Brutality","Immolate"],"picked":"Offering","floor":16.0},{"not_picked":["Sword Boomerang","Infernal Blade","Rupture"],"picked":"SKIP","floor":18.0},{"not_picked":["Sword Boomerang","Heavy Blade","Twin Strike"],"picked":"SKIP","floor":21.0},{"not_picked":["Intimidate","Twin Strike","Cleave"],"picked":"SKIP","floor":24.0},{"not_picked":["Dropkick","Clash","Dual Wield"],"picked":"SKIP","floor":28.0},{"not_picked":["Fire Breathing+1","Sentinel","Shrug It Off"],"picked":"SKIP","floor":29},{"not_picked":["Sword Boomerang+1","Havoc","Twin Strike"],"picked":"SKIP","floor":31}],"player_experience":1004241,"relics_obtained":[{"floor":7.0,"key":"Bag of Preparation"},{"floor":9.0,"key":"Strawberry"},{"floor":11.0,"key":"Odd Mushroom"},{"floor":13.0,"key":"White Beast Statue"},{"floor":24.0,"key":"War Paint"}],"event_choices":[{"damage_healed":0.0,"max_hp_gain":0.0,"max_hp_loss":0.0,"gold_gain":0.0,"event_name":"Mushrooms","player_choice":"Fought Mushrooms","floor":11.0,"gold_loss":0.0,"damage_taken":0.0},{"damage_healed":0.0,"max_hp_gain":0.0,"max_hp_loss":0.0,"gold_gain":0.0,"event_name":"Liars Game","player_choice":"Ignored","floor":12.0,"gold_loss":0.0,"damage_taken":0.0},{"damage_healed":16.0,"max_hp_gain":0.0,"max_hp_loss":0.0,"gold_gain":0.0,"event_name":"The Library","player_choice":"Heal","floor":20.0,"gold_loss":0.0,"damage_taken":0.0},{"damage_healed":0.0,"max_hp_gain":0.0,"max_hp_loss":0.0,"gold_gain":50.0,"event_name":"Nest","player_choice":"Stole From Cult","floor":22.0,"gold_loss":0.0,"damage_taken":0.0},{"damage_healed":0.0,"max_hp_gain":0.0,"max_hp_loss":0.0,"gold_gain":0.0,"event_name":"Wheel of Change","player_choice":"Cursed","floor":25.0,"gold_loss":0.0,"damage_taken":0.0,"cards_obtained":["Decay"]}],"is_beta":false,"boss_relics":[{"not_picked":["Coffee Dripper","SacredBark"],"picked":"Astrolabe"}],"items_purged_floors":[4,14,19],"is_endless":false,"potions_floor_spawned":[1,5,7,11,13,16,18,21,24,28,29,31],"killed_by":"Automaton","ascension_level":20}}