{"host":"mai03x2ekbjy4059","time":1612464905,"event":{"mods":["2.2 Compatiblity","BaseMod","Colored Map","DeckTracker","Keyboard Shortcuts","Minty Spire (QoL Compilation)","Permanent Neow","Quick Restart","SuperFastMode","everything is the same but u backflip on backflip"],"gold_per_floor":[369,369,385,398,413,442,203,230,254,254,287,187,212,228,228,333,333,351,226,246,345,362,389,415,108,108,141,159,159,192,212,212,315,315,330,330,330,380,398,430,442,473,473,488,519,519,538,550,550,550,550,550,50,80,80],"floor_reached":56,"language":"KOR","playtime":1872,"items_purged":["Strike_G","Defend_G","Strike_G","Strike_G"],"score":1662,"play_id":"bf059601-ec07-405a-80d1-81d96f03d217","local_time":"20210205035505","is_ascension_mode":true,"campfire_choices":[{"data":"Cloak And Dagger","floor":10.0,"key":"SMITH"},{"data":"A Thousand Cuts","floor":15.0,"key":"SMITH"},{"data":"Footwork","floor":29.0,"key":"SMITH"},{"data":"Footwork","floor":32.0,"key":"SMITH"},{"floor":49.0,"key":"RECALL"},{"data":"Finisher","floor":52,"key":"SMITH"}],"circlet_count":0,"master_deck":["Strike_G","Strike_G","Defend_G","Defend_G+1","Survivor","Neutralize","Slice","Footwork+1","Cloak And Dagger+1","Finisher+1","A Thousand Cuts+1","Blur+1","Backflip+1","Cloak And Dagger+1","Deflect","Footwork+1","Escape Plan+1","Adrenaline","Footwork+1","Blur","Footwork+1","Impatience","Flash of Steel","Good Instincts","Infinite Blades+1","Accuracy+1","Slice+1"],"relics":["Ring of the Snake","Toy Ornithopter","Centennial Puzzle","Bag of Marbles","MealTicket","Bronze Scales","Black Star","Regal Pillow","Nunchaku","Red Mask","PreservedInsect","Happy Flower","Pen Nib","Ninja Scroll","HornCleat","WristBlade","Bird Faced Urn","Snake Skull","Frozen Egg 2","Pantograph","Omamori","Blood Vial","Unceasing Top","Art of War","Vajra","Bag of Preparation","HandDrill","Ginger","War Paint"],"acts_visited":["Exordium","TheCity","TheBeyond","TheEnding"],"potions_floor_usage":[55,55,55],"damage_taken":[{"damage":0.0,"enemies":"Small Slimes","floor":1.0,"turns":4.0},{"damage":0.0,"enemies":"Cultist","floor":3.0,"turns":4.0},{"damage":4.0,"enemies":"2 Louse","floor":4.0,"turns":4.0},{"damage":2.0,"enemies":"Looter","floor":5.0,"turns":4.0},{"damage":24.0,"enemies":"Gremlin Nob","floor":6.0,"turns":4.0},{"damage":2.0,"enemies":"Lagavulin","floor":8.0,"turns":5.0},{"damage":4.0,"enemies":"Gremlin Nob","floor":11.0,"turns":4.0},{"damage":21.0,"enemies":"Lagavulin","floor":13.0,"turns":5.0},{"damage":0.0,"enemies":"Blue Slaver","floor":14.0,"turns":3.0},{"damage":15.0,"enemies":"Slime Boss","floor":16.0,"turns":6.0},{"damage":5.0,"enemies":"Spheric Guardian","floor":18.0,"turns":5.0},{"damage":11.0,"enemies":"2 Thieves","floor":20.0,"turns":3.0},{"damage":3.0,"enemies":"Centurion and Healer","floor":22.0,"turns":7.0},{"damage":10.0,"enemies":"Gremlin Leader","floor":23.0,"turns":8.0},{"damage":2.0,"enemies":"Masked Bandits","floor":24.0,"turns":2.0},{"damage":9.0,"enemies":"Slavers","floor":27.0,"turns":4.0},{"damage":0.0,"enemies":"Chosen and Byrds","floor":28.0,"turns":4.0},{"damage":0.0,"enemies":"Book of Stabbing","floor":30.0,"turns":3.0},{"damage":0.0,"enemies":"Cultist and Chosen","floor":31.0,"turns":4.0},{"damage":0.0,"enemies":"Collector","floor":33.0,"turns":12.0},{"damage":0.0,"enemies":"3 Shapes","floor":35.0,"turns":1.0},{"damage":0.0,"enemies":"Mind Bloom Boss Battle","floor":38.0,"turns":3.0},{"damage":0.0,"enemies":"Orb Walker","floor":39.0,"turns":1.0},{"damage":0.0,"enemies":"Reptomancer","floor":40.0,"turns":5.0},{"damage":0.0,"enemies":"Sphere and 2 Shapes","floor":41.0,"turns":3.0},{"damage":0.0,"enemies":"Giant Head","floor":42.0,"turns":8.0},{"damage":0.0,"enemies":"Writhing Mass","floor":44.0,"turns":6.0},{"damage":11.0,"enemies":"Reptomancer","floor":45.0,"turns":4.0},{"damage":0.0,"enemies":"Jaw Worm Horde","floor":47.0,"turns":3.0},{"damage":0.0,"enemies":"Spire Growth","floor":48.0,"turns":4.0},{"damage":0,"enemies":"Awakened One","floor":50,"turns":13},{"damage":0,"enemies":"Shield and Spear","floor":54,"turns":4},{"damage":37,"enemies":"The Heart","floor":55,"turns":11}],"seed_played":"5826277378187245289","potions_obtained":[{"floor":4.0,"key":"Dexterity Potion"},{"floor":5.0,"key":"Strength Potion"},{"floor":6.0,"key":"BlessingOfTheForge"},{"floor":11.0,"key":"Weak Potion"},{"floor":14.0,"key":"SteroidPotion"},{"floor":16.0,"key":"Block Potion"},{"floor":20.0,"key":"Swift Potion"},{"floor":23.0,"key":"Weak Potion"},{"floor":30.0,"key":"Dexterity Potion"},{"floor":39.0,"key":"EssenceOfSteel"},{"floor":45.0,"key":"Dexterity Potion"}],"is_trial":false,"path_per_floor":["M","?","M","M","M","E","$","E","T","R","E","$","E","M","R","B",null,"M","$","M","?","M","E","?","$","T","E","M","R","E","M","R","B",null,"M","?","?","?","M","E","M","E","T","M","E","?","M","M","R","B",null,"R","$","E","B",null],"character_chosen":"THE_SILENT","items_purchased":["Footwork","Cloak And Dagger","Finisher","PreservedInsect","Accuracy+1","Vajra","Bag of Preparation","HandDrill"],"campfire_rested":0,"item_purchase_floors":[7,7,7,25,53,53,53,53],"current_hp_per_floor":[49,49,49,45,43,19,19,22,22,22,18,33,12,12,12,2,70,65,70,59,59,61,51,49,64,64,55,55,55,55,55,55,55,70,70,70,66,66,66,66,66,66,66,66,57,47,57,66,66,66,66,66,66,66,35],"gold":80,"neow_bonus":"TWO_FIFTY_GOLD","is_daily":false,"chose_seed":false,"campfire_upgraded":5,"win_rate":0.0,"timestamp":1612464905,"path_taken":["M","?","M","?","M","E","$","E","T","R","E","?","E","M","R","BOSS","M","$","M","?","M","E","?","$","T","E","M","R","E","M","R","BOSS","M","?","?","?","?","E","M","E","T","M","E","?","M","M","R","BOSS","R","$","E","BOSS"],"items_purchased_type":["Card","Card","Card","Relic","Card","Relic","Relic","Relic"],"build_version":"2020-12-22","purchased_purges":4,"victory":true,"max_hp_per_floor":[70,70,70,70,70,70,70,70,70,70,70,70,70,70,70,70,70,70,70,70,70,70,70,70,70,70,70,70,70,70,70,70,70,70,70,70,66,66,66,66,66,66,66,66,66,66,66,66,66,66,66,66,66,66,66],"card_choices":[{"not_picked":["Prepared","Choke","Catalyst"],"picked":"SKIP","floor":1.0},{"not_picked":["Flying Knee","Distraction","Underhanded Strike"],"picked":"SKIP","floor":3.0},{"not_picked":["Outmaneuver","Riddle With Holes","PiercingWail"],"picked":"SKIP","floor":4.0},{"not_picked":["Riddle With Holes","Quick Slash"],"picked":"Slice","floor":5.0},{"not_picked":["Phantasmal Killer","Prepared","Predator"],"picked":"SKIP","floor":6.0},{"not_picked":["Setup","Deadly Poison","Prepared"],"picked":"SKIP","floor":8.0},{"not_picked":["Sucker Punch","Endless Agony","Quick Slash"],"picked":"SKIP","floor":11.0},{"not_picked":["Acrobatics","Bane"],"picked":"A Thousand Cuts","floor":13.0},{"not_picked":["Sucker Punch","Dagger Spray"],"picked":"Blur","floor":14.0},{"not_picked":["Deadly Poison","Crippling Poison+1","PiercingWail+1"],"picked":"SKIP","floor":18.0},{"not_picked":["Tactician+1","Acrobatics"],"picked":"Backflip+1","floor":20.0},{"not_picked":["Backflip","Reflex","Dodge and Roll+1"],"picked":"SKIP","floor":22.0},{"not_picked":["Noxious Fumes","Prepared"],"picked":"Cloak And Dagger+1","floor":23.0},{"not_picked":["Leg Sweep","Heel Hook"],"picked":"Deflect","floor":27.0},{"not_picked":["Cloak And Dagger","Outmaneuver","Backflip+1"],"picked":"SKIP","floor":28.0},{"not_picked":["Backflip","Corpse Explosion"],"picked":"Footwork","floor":30.0},{"not_picked":["Bane","Prepared"],"picked":"Escape Plan+1","floor":31.0},{"not_picked":["Doppelganger","Bullet Time"],"picked":"Adrenaline","floor":33.0},{"not_picked":["Dagger Spray+1","Tactician+1"],"picked":"Footwork+1","floor":35.0},{"not_picked":["Underhanded Strike","Acrobatics","Sucker Punch"],"picked":"SKIP","floor":39.0},{"not_picked":["Dagger Throw+1","Slice+1"],"picked":"Blur","floor":40.0},{"not_picked":["Calculated Gamble+1","Crippling Poison+1"],"picked":"Footwork+1","floor":41.0},{"not_picked":["Deflect","Dagger Throw+1","Underhanded Strike+1"],"picked":"SKIP","floor":42.0},{"not_picked":["Eviscerate+1","Sucker Punch+1","Flying Knee"],"picked":"SKIP","floor":44.0},{"not_picked":["Bane","Leg Sweep","Storm of Steel"],"picked":"SKIP","floor":45.0},{"not_picked":["Blind","Panacea"],"picked":"Impatience","floor":46.0},{"not_picked":["Chrysalis","Forethought"],"picked":"Flash of Steel","floor":46.0},{"not_picked":["Violence","Deep Breath"],"picked":"Good Instincts","floor":46.0},{"not_picked":["Bane+1","Catalyst"],"picked":"Infinite Blades+1","floor":47.0},{"not_picked":["Cloak And Dagger+1","Acrobatics+1","Riddle With Holes"],"picked":"SKIP","floor":48.0},{"not_picked":["Reflex+1","Skewer+1"],"picked":"Slice+1","floor":54}],"player_experience":1168445,"relics_obtained":[{"floor":6.0,"key":"Toy Ornithopter"},{"floor":8.0,"key":"Centennial Puzzle"},{"floor":9.0,"key":"Bag of Marbles"},{"floor":11.0,"key":"MealTicket"},{"floor":13.0,"key":"Bronze Scales"},{"floor":23.0,"key":"Regal Pillow"},{"floor":23.0,"key":"Nunchaku"},{"floor":24.0,"key":"Red Mask"},{"floor":27.0,"key":"Happy Flower"},{"floor":27.0,"key":"Pen Nib"},{"floor":30.0,"key":"Ninja Scroll"},{"floor":30.0,"key":"HornCleat"},{"floor":38.0,"key":"Bird Faced Urn"},{"floor":40.0,"key":"Snake Skull"},{"floor":40.0,"key":"Frozen Egg 2"},{"floor":42.0,"key":"Pantograph"},{"floor":42.0,"key":"Omamori"},{"floor":43.0,"key":"Blood Vial"},{"floor":45.0,"key":"Unceasing Top"},{"floor":45.0,"key":"Art of War"},{"floor":54,"key":"Ginger"},{"floor":54,"key":"War Paint"}],"event_choices":[{"cards_removed":["Defend_G"],"damage_healed":0.0,"max_hp_gain":0.0,"max_hp_loss":0.0,"gold_gain":0.0,"event_name":"Bonfire Elementals","player_choice":"Offered Basic","floor":2.0,"gold_loss":0.0,"damage_taken":0.0},{"damage_healed":0.0,"max_hp_gain":0.0,"max_hp_loss":0.0,"gold_gain":99.0,"event_name":"Nest","player_choice":"Stole From Cult","floor":21.0,"gold_loss":0.0,"damage_taken":0.0},{"damage_healed":0.0,"max_hp_gain":0.0,"max_hp_loss":0.0,"gold_gain":0.0,"event_name":"Masked Bandits","player_choice":"Fought Bandits","floor":24.0,"gold_loss":0.0,"damage_taken":0.0},{"cards_removed":["Defend_G"],"damage_healed":0.0,"max_hp_gain":0.0,"max_hp_loss":0.0,"gold_gain":0.0,"event_name":"Falling","player_choice":"Removed Skill","floor":36.0,"gold_loss":0.0,"damage_taken":0.0},{"damage_healed":0.0,"max_hp_gain":0.0,"max_hp_loss":4.0,"gold_gain":0.0,"event_name":"Winding Halls","player_choice":"Max HP","floor":37.0,"gold_loss":0.0,"damage_taken":0.0},{"damage_healed":0.0,"max_hp_gain":0.0,"max_hp_loss":0.0,"gold_gain":0.0,"event_name":"MindBloom","player_choice":"Fight","floor":38.0,"gold_loss":0.0,"damage_taken":0.0},{"damage_healed":0.0,"max_hp_gain":0.0,"max_hp_loss":0.0,"gold_gain":0.0,"event_name":"SensoryStone","player_choice":"Memory 3","floor":46.0,"gold_loss":0.0,"damage_taken":10.0}],"is_beta":false,"boss_relics":[{"not_picked":["Calling Bell","Ectoplasm"],"picked":"Black Star"},{"not_picked":["Coffee Dripper","SlaversCollar"],"picked":"WristBlade"}],"items_purged_floors":[7,12,19,25],"is_endless":false,"potions_floor_spawned":[4,5,6,11,14,16,20,23,24,30,33,35,39,45,47,48,54],"ascension_level":1}}