{"host":"z5bn7jsck728mmiq","time":1612428112,"event":{"mods":["BaseMod","Bestiary","DeckTracker","Hermit","Marisa????????","Minty Spire (QoL Compilation)","Permanent Neow","StSLib","The Disciple","The Gatherer","The Hierophant","The Servant 0.9.4","Trackpad","Wide Potions"],"gold_per_floor":[12,31,31,9,74,74,74,74,74,85,98,98,128,147,147,247,247,265,284,294,209,209,209,209],"floor_reached":23,"language":"ENG","playtime":717,"items_purged":[],"score":191,"play_id":"0a01f292-eadc-42ce-b7ac-1159ca25709c","local_time":"20210204004152","is_ascension_mode":false,"campfire_choices":[{"data":"hermit:GoldenBullet","floor":6,"key":"SMITH"},{"data":"hermit:Snipe","floor":12,"key":"SMITH"},{"floor":15,"key":"REST"}],"circlet_count":0,"master_deck":["hermit:Strike_Hermit","hermit:Strike_Hermit","hermit:Strike_Hermit","hermit:Strike_Hermit","hermit:Defend_Hermit","hermit:Defend_Hermit","hermit:Defend_Hermit","hermit:Defend_Hermit","hermit:Snapshot","hermit:Covet","hermit:EternalForm+1","hermit:Quickdraw","hermit:GoldenBullet+1","hermit:SprayPray","hermit:Headshot","hermit:Snipe+1","hermit:Midnight","hermit:BodyArmor","hermit:HeroicBravado","hermit:ItchyTrigger+1","hermit:CursedWeapon","hermit:Gestalt"],"relics":["hermit:Momento","Calipers","Du-Vu Doll","Ice Cream","hermit:BartenderGlass","trackpad:CultistFigurine"],"acts_visited":["Exordium","TheCity"],"potions_floor_usage":[10,16,20,20,23,23,23],"damage_taken":[{"damage":5,"enemies":"Cultist","floor":1,"turns":4},{"damage":2,"enemies":"Small Slimes","floor":2,"turns":3},{"damage":3,"enemies":"Jaw Worm","floor":10,"turns":3},{"damage":4,"enemies":"Blue Slaver","floor":11,"turns":2},{"damage":21,"enemies":"Lagavulin","floor":13,"turns":5},{"damage":0,"enemies":"Looter","floor":14,"turns":1},{"damage":62,"enemies":"Slime Boss","floor":16,"turns":9},{"damage":1,"enemies":"Spheric Guardian","floor":18,"turns":3},{"damage":12,"enemies":"2 Thieves","floor":19,"turns":3},{"damage":22,"enemies":"Centurion and Healer","floor":20,"turns":4},{"damage":74,"enemies":"Book of Stabbing","floor":23,"turns":6}],"seed_played":"-4129943379887210954","potions_obtained":[{"floor":1,"key":"Strength Potion"},{"floor":8,"key":"SpeedPotion"},{"floor":8,"key":"Fruit Juice"},{"floor":10,"key":"Regen Potion"},{"floor":16,"key":"Energy Potion"},{"floor":19,"key":"LiquidMemories"}],"is_trial":false,"path_per_floor":["M","M","?","$","?","R","T","?","T","M","M","R","E","M","R","B",null,"M","M","M","?","?","E"],"character_chosen":"HERMIT","items_purchased":["hermit:SprayPray"],"campfire_rested":1,"item_purchase_floors":[4],"current_hp_per_floor":[70,68,68,68,68,68,68,68,68,70,66,66,45,45,69,16,80,79,67,45,45,71,0,0],"gold":209,"neow_bonus":"THREE_RARE_CARDS","is_daily":false,"chose_seed":false,"campfire_upgraded":2,"win_rate":0.0,"timestamp":1612428112,"path_taken":["M","?","?","$","?","R","?","?","T","?","M","R","E","M","R","BOSS","M","?","M","?","?","E"],"items_purchased_type":["Card"],"build_version":"2020-12-22","purchased_purges":0,"victory":false,"max_hp_per_floor":[75,75,75,75,75,75,75,75,75,80,80,80,80,80,80,80,80,80,80,80,80,80,80,80],"card_choices":[{"not_picked":["hermit:BlackWind","hermit:Dissolve"],"picked":"hermit:EternalForm","floor":0},{"not_picked":["hermit:Glare","hermit:LowProfile"],"picked":"hermit:Quickdraw","floor":1},{"not_picked":["hermit:Combo","hermit:BigShot"],"picked":"hermit:GoldenBullet","floor":2},{"not_picked":["hermit:LoneWolf","hermit:BodyArmor"],"picked":"hermit:Headshot","floor":10},{"not_picked":["hermit:SprayPray","hermit:Ricochet"],"picked":"hermit:Snipe","floor":11},{"not_picked":["hermit:Gestalt","hermit:Gambit"],"picked":"hermit:Midnight","floor":13},{"not_picked":["hermit:Glare","hermit:LowProfile"],"picked":"hermit:BodyArmor","floor":14},{"not_picked":["hermit:FinalCanter","hermit:Reprieve"],"picked":"hermit:HeroicBravado","floor":16},{"not_picked":["hermit:TrackingShot+1","hermit:Horror"],"picked":"hermit:ItchyTrigger+1","floor":18},{"not_picked":["hermit:Dive","hermit:Grudge"],"picked":"hermit:CursedWeapon","floor":19},{"not_picked":["hermit:SprayPray","hermit:Coalescence+1"],"picked":"hermit:Gestalt","floor":20}],"player_experience":103013,"relics_obtained":[{"floor":7,"key":"Calipers"},{"floor":9,"key":"Du-Vu Doll"},{"floor":13,"key":"Ice Cream"}],"event_choices":[{"damage_healed":0,"gold_gain":0,"player_choice":"Grow","damage_taken":0,"max_hp_gain":0,"max_hp_loss":0,"event_name":"Living Wall","floor":3,"gold_loss":0,"cards_upgraded":["hermit:EternalForm"]},{"damage_healed":0,"gold_gain":65,"player_choice":"Gained Gold","damage_taken":0,"max_hp_gain":0,"max_hp_loss":0,"event_name":"Golden Wing","floor":5,"gold_loss":0},{"damage_healed":0,"gold_gain":0,"player_choice":"Got Potions","damage_taken":0,"max_hp_gain":0,"max_hp_loss":0,"event_name":"Lab","floor":8,"gold_loss":0},{"damage_healed":0,"gold_gain":0,"player_choice":"Obtained Relic","damage_taken":0,"relics_obtained":["trackpad:CultistFigurine"],"max_hp_gain":0,"max_hp_loss":0,"event_name":"Addict","floor":21,"gold_loss":85},{"damage_healed":26,"gold_gain":0,"player_choice":"Heal","damage_taken":0,"max_hp_gain":0,"max_hp_loss":0,"event_name":"The Library","floor":22,"gold_loss":0}],"is_beta":false,"boss_relics":[{"not_picked":["SlaversCollar","Ectoplasm"],"picked":"hermit:BartenderGlass"}],"items_purged_floors":[],"is_endless":false,"potions_floor_spawned":[1,10,16,19],"killed_by":"Book of Stabbing","ascension_level":0}}