{"host":"bsjxazy3oyu2p5p6","time":1612429845,"event":{"mods":["AchievementEnabler","BaseMod","Colored Map","Colored Powertips","Minty Spire (QoL Compilation)"],"gold_per_floor":[114,44,57,68,68,103,103,122,197,197,197,197,212,238,238,343,343,356,281,281,281,21,55,72,72,72,35,135,135,153,173,173,278,278,295,295,313,327,341,341,341,352,352,352,371,389,389,18,18,18,18],"floor_reached":50,"language":"ENG","playtime":3316,"items_purged":[],"score":547,"play_id":"33763220-a05f-4735-a7e9-6939f937abc8","local_time":"20210204021045","is_ascension_mode":false,"campfire_choices":[{"data":"Eruption","floor":7,"key":"SMITH"},{"floor":11,"key":"REST"},{"data":"TalkToTheHand","floor":15,"key":"SMITH"},{"floor":25,"key":"REST"},{"floor":29,"key":"REST"},{"floor":32,"key":"REST"},{"data":"Devotion","floor":44,"key":"SMITH"},{"floor":47,"key":"REST"},{"floor":49,"key":"REST"}],"circlet_count":0,"master_deck":["Strike_P","Strike_P","Strike_P","Strike_P","Defend_P","Defend_P","Defend_P","Eruption+1","Vigilance","BattleHymn","TalkToTheHand+1","EmptyBody","FollowUp","EmptyMind","DeceiveReality","DeusExMachina","Devotion+1","CurseOfTheBell","CarveReality","MentalFortress+1","Halt","Fasting2+1","FlyingSleeves+1","JustLucky+1","Establishment+1","Consecrate","Alpha","Consecrate+1","Halt+1","Parasite","FlyingSleeves+1","Consecrate+1","Consecrate+1","MentalFortress+1","LikeWater+1","FollowUp"],"relics":["HolyWater","Ginger","Shuriken","Vajra","GoldenEye","Calling Bell","Regal Pillow","Mummified Hand","Lizard Tail","Unceasing Top","Frozen Egg 2","Bottled Lightning","White Beast Statue","Bird Faced Urn","Yang","Letter Opener","Meat on the Bone"],"acts_visited":["Exordium","TheCity","TheBeyond"],"potions_floor_usage":[1,6,6,14,14,18,28,33,33,33,35,38,38,39,42,42,46,50,50],"damage_taken":[{"damage":0,"enemies":"2 Louse","floor":1,"turns":1},{"damage":0,"enemies":"Cultist","floor":3,"turns":4},{"damage":2,"enemies":"Small Slimes","floor":4,"turns":2},{"damage":12,"enemies":"Lagavulin","floor":6,"turns":5},{"damage":0,"enemies":"Exordium Thugs","floor":8,"turns":3},{"damage":14,"enemies":"Exordium Wildlife","floor":13,"turns":2},{"damage":0,"enemies":"3 Sentries","floor":14,"turns":2},{"damage":29,"enemies":"Hexaghost","floor":16,"turns":8},{"damage":3,"enemies":"3 Byrds","floor":18,"turns":5},{"damage":25,"enemies":"Book of Stabbing","floor":23,"turns":6},{"damage":0,"enemies":"Shell Parasite","floor":24,"turns":6},{"damage":6,"enemies":"Colosseum Slavers","floor":28,"turns":4},{"damage":27,"enemies":"Colosseum Nobs","floor":28,"turns":5},{"damage":32,"enemies":"Cultist and Chosen","floor":30,"turns":7},{"damage":13,"enemies":"Sentry and Sphere","floor":31,"turns":4},{"damage":9,"enemies":"Collector","floor":33,"turns":8},{"damage":3,"enemies":"3 Darklings","floor":35,"turns":7},{"damage":2,"enemies":"Orb Walker","floor":37,"turns":3},{"damage":0,"enemies":"Transient","floor":38,"turns":5},{"damage":20,"enemies":"Writhing Mass","floor":39,"turns":7},{"damage":0,"enemies":"Spire Growth","floor":42,"turns":4},{"damage":0,"enemies":"Maw","floor":45,"turns":7},{"damage":59,"enemies":"Writhing Mass","floor":46,"turns":5},{"damage":168,"enemies":"Time Eater","floor":50,"turns":8}],"seed_played":"220497519757994761","potions_obtained":[{"floor":0,"key":"CultistPotion"},{"floor":0,"key":"PowerPotion"},{"floor":0,"key":"AttackPotion"},{"floor":1,"key":"Strength Potion"},{"floor":4,"key":"Ambrosia"},{"floor":6,"key":"Swift Potion"},{"floor":16,"key":"Energy Potion"},{"floor":24,"key":"EssenceOfSteel"},{"floor":28,"key":"SpeedPotion"},{"floor":30,"key":"BlessingOfTheForge"},{"floor":31,"key":"Energy Potion"},{"floor":33,"key":"Dexterity Potion"},{"floor":35,"key":"AttackPotion"},{"floor":37,"key":"LiquidMemories"},{"floor":38,"key":"PowerPotion"},{"floor":39,"key":"BottledMiracle"},{"floor":41,"key":"Fire Potion"},{"floor":41,"key":"Ambrosia"},{"floor":42,"key":"FairyPotion"},{"floor":45,"key":"ColorlessPotion"},{"floor":46,"key":"ColorlessPotion"}],"is_trial":false,"path_per_floor":["M","$","M","M","?","E","R","M","T","?","R","?","M","E","R","B",null,"M","?","T","?","$","E","M","R","T","$","?","R","M","M","R","B",null,"M","?","M","M","M","?","?","M","T","R","M","M","R","$","R","B"],"character_chosen":"WATCHER","items_purchased":["BattleHymn","Frozen Egg 2","Fasting2+1","LikeWater+1","FollowUp","Meat on the Bone"],"campfire_rested":6,"item_purchase_floors":[2,22,27,48,48,48],"current_hp_per_floor":[72,72,72,70,70,58,58,58,58,51,72,72,58,58,58,29,72,69,69,69,69,69,44,44,72,72,72,39,72,42,37,72,63,72,72,72,72,72,56,56,56,64,64,64,72,17,53,53,72,0,0],"gold":18,"neow_bonus":"THREE_SMALL_POTIONS","is_daily":false,"chose_seed":false,"campfire_upgraded":3,"win_rate":0.0,"timestamp":1612429845,"path_taken":["M","$","M","M","?","E","R","?","T","?","R","?","M","E","R","BOSS","M","?","?","?","?","E","?","R","T","$","?","R","M","M","R","BOSS","M","?","M","?","M","?","?","M","T","R","M","M","R","$","R","BOSS"],"items_purchased_type":["Card","Relic","Card","Card","Card","Relic"],"build_version":"2020-12-22","purchased_purges":0,"victory":false,"max_hp_per_floor":[72,72,72,72,72,72,72,72,72,72,72,72,72,72,72,72,72,72,72,72,72,72,72,72,72,72,72,72,72,72,72,72,72,72,72,72,72,72,72,72,72,72,72,72,72,72,72,72,72,72,72],"card_choices":[{"not_picked":["Protect","FlyingSleeves"],"picked":"CrushJoints","floor":1},{"not_picked":["Protect","PathToVictory"],"picked":"TalkToTheHand","floor":3},{"not_picked":["ReachHeaven","FlurryOfBlows"],"picked":"EmptyBody","floor":4},{"not_picked":["PathToVictory","Vengeance"],"picked":"FollowUp","floor":6},{"not_picked":["Tantrum","Scrawl"],"picked":"EmptyMind","floor":8},{"not_picked":["BowlingBash","PathToVictory"],"picked":"DeceiveReality","floor":13},{"not_picked":["Ragnarok","Protect"],"picked":"DeusExMachina","floor":14},{"not_picked":["Wish","Ragnarok"],"picked":"Devotion","floor":16},{"not_picked":["FlyingSleeves","BowlingBash+1"],"picked":"CarveReality","floor":18},{"not_picked":["Consecrate","DeusExMachina"],"picked":"MentalFortress+1","floor":23},{"not_picked":["Protect","Crescendo"],"picked":"Halt","floor":24},{"not_picked":["InnerPeace+1","PathToVictory"],"picked":"FlyingSleeves+1","floor":28},{"not_picked":["Vengeance","Halt"],"picked":"JustLucky+1","floor":30},{"not_picked":["Crescendo","DeceiveReality"],"picked":"Evaluate+1","floor":31},{"not_picked":["Scrawl","Blasphemy"],"picked":"Establishment+1","floor":33},{"not_picked":["ThirdEye","CrushJoints+1"],"picked":"Consecrate","floor":35},{"not_picked":["ThirdEye+1","ConjureBlade"],"picked":"Consecrate+1","floor":37},{"not_picked":["Indignation","Meditate+1"],"picked":"Halt+1","floor":38},{"not_picked":["EmptyBody+1","Wireheading+1"],"picked":"FlyingSleeves+1","floor":39},{"not_picked":["SashWhip+1","WreathOfFlame+1"],"picked":"Consecrate+1","floor":42},{"not_picked":["Protect+1","Crescendo+1"],"picked":"Consecrate+1","floor":45},{"not_picked":["SandsOfTime+1","Evaluate+1"],"picked":"MentalFortress+1","floor":46}],"player_experience":500206,"relics_obtained":[{"floor":6,"key":"Ginger"},{"floor":9,"key":"Shuriken"},{"floor":14,"key":"GoldenEye"},{"floor":17,"key":"Regal Pillow"},{"floor":17,"key":"Mummified Hand"},{"floor":17,"key":"Lizard Tail"},{"floor":20,"key":"Unceasing Top"},{"floor":23,"key":"Bottled Lightning"},{"floor":26,"key":"White Beast Statue"},{"floor":28,"key":"Bird Faced Urn"},{"floor":28,"key":"Yang"},{"floor":43,"key":"Letter Opener"}],"event_choices":[{"cards_removed":["Defend_P"],"damage_healed":0,"gold_gain":0,"player_choice":"Card Removal","damage_taken":0,"max_hp_gain":0,"max_hp_loss":0,"event_name":"Wheel of Change","floor":5,"gold_loss":0},{"damage_healed":0,"gold_gain":0,"player_choice":"Success","damage_taken":7,"relics_obtained":["Vajra"],"max_hp_gain":0,"max_hp_loss":0,"event_name":"Scrap Ooze","floor":10,"gold_loss":0},{"damage_healed":0,"gold_gain":0,"player_choice":"Ignored","damage_taken":0,"max_hp_gain":0,"max_hp_loss":0,"event_name":"Purifier","floor":12,"gold_loss":0},{"cards_removed":["CrushJoints"],"damage_healed":0,"gold_gain":0,"player_choice":"Gave Gold","damage_taken":0,"max_hp_gain":0,"max_hp_loss":0,"event_name":"Beggar","floor":19,"gold_loss":75},{"damage_healed":0,"gold_gain":0,"player_choice":"Ignored","damage_taken":0,"max_hp_gain":0,"max_hp_loss":0,"event_name":"Ghosts","floor":21,"gold_loss":0},{"damage_healed":0,"gold_gain":0,"player_choice":"Fight","damage_taken":0,"max_hp_gain":0,"max_hp_loss":0,"event_name":"Colosseum","floor":28,"gold_loss":0},{"damage_healed":0,"gold_gain":0,"player_choice":"Fought Nobs","damage_taken":0,"max_hp_gain":0,"max_hp_loss":0,"event_name":"Colosseum","floor":28,"gold_loss":0},{"damage_healed":0,"gold_gain":0,"cards_transformed":["Evaluate"],"player_choice":"Transformed","damage_taken":0,"max_hp_gain":0,"max_hp_loss":0,"event_name":"Transmorgrifier","floor":36,"gold_loss":0,"cards_obtained":["Alpha"]},{"damage_healed":0,"gold_gain":0,"player_choice":"Ignored","damage_taken":0,"max_hp_gain":0,"max_hp_loss":0,"event_name":"Tomb of Lord Red Mask","floor":40,"gold_loss":0},{"damage_healed":0,"gold_gain":0,"player_choice":"Got Potions","damage_taken":0,"max_hp_gain":0,"max_hp_loss":0,"event_name":"Lab","floor":41,"gold_loss":0}],"is_beta":false,"boss_relics":[{"not_picked":["Philosopher\u0027s Stone","Ectoplasm"],"picked":"Calling Bell"},{"not_picked":["Tiny House","Empty Cage"],"picked":"HolyWater"}],"items_purged_floors":[],"is_endless":false,"potions_floor_spawned":[1,3,4,6,16,24,28,28,30,31,33,35,37,38,39,42,45,46],"killed_by":"Time Eater","ascension_level":0}}