{"host":"Sean","time":1612439005,"event":{"mods":["BaseMod","Block Reminder","Colored Map","Colored Powertips","Highlight Path","Minty Spire (QoL Compilation)","Permanent Neow","Relic Stats"],"gold_per_floor":[361,536,611,627,30,60,60,14,39,39,39,39,67,102,102,229,229,240,275,312,353,67,120,120,158,184,184,235,273,273,288,288,390,390,432,432,448,468,77,77,144,155,181,195,221,221,236,252,252,252],"floor_reached":51,"language":"ENG","playtime":3473,"items_purged":["Doubt","Strike_R"],"score":748,"play_id":"3a2c8435-c114-4600-82dc-ee1999bf9fde","local_time":"20210204114325","is_ascension_mode":false,"campfire_choices":[{"data":"HandOfGreed","floor":7.0,"key":"SMITH"},{"data":"Whirlwind","floor":10.0,"key":"SMITH"},{"data":"Armaments","floor":15.0,"key":"SMITH"},{"data":"Disarm","floor":24.0,"key":"SMITH"},{"data":"Inflame","floor":30.0,"key":"SMITH"},{"data":"Shrug It Off","floor":32.0,"key":"SMITH"},{"data":"Second Wind","floor":40.0,"key":"SMITH"},{"data":"Flame Barrier","floor":49,"key":"SMITH"}],"circlet_count":0,"master_deck":["Strike_R","Strike_R","Strike_R","Defend_R","Defend_R","Defend_R","Defend_R","Bash","Whirlwind+1","Shrug It Off+1","Pommel Strike+1","HandOfGreed+1","Second Wind+1","Wild Strike","Inflame+1","Armaments+1","Corruption","Flame Barrier+1","Warcry","Headbutt+1","Disarm+1","Feel No Pain+1","Clothesline+1","Body Slam+1","Cleave+1","Fiend Fire+1","Shrug It Off","Armaments+1","Disarm+1","Pummel+1","Exhume","Pommel Strike+1","Whirlwind+1"],"relics":["Burning Blood","TungstenRod","Happy Flower","MealTicket","Toy Ornithopter","Snecko Eye","PreservedInsect","StrikeDummy","Omamori","Molten Egg 2","Centennial Puzzle","SacredBark","Chemical X","Anchor","Incense Burner"],"acts_visited":["Exordium","TheCity","TheBeyond"],"potions_floor_usage":[50],"damage_taken":[{"damage":11.0,"enemies":"Jaw Worm","floor":1.0,"turns":2.0},{"damage":8.0,"enemies":"Small Slimes","floor":4.0,"turns":3.0},{"damage":0.0,"enemies":"Cultist","floor":6.0,"turns":2.0},{"damage":19.0,"enemies":"Lagavulin","floor":13.0,"turns":6.0},{"damage":4.0,"enemies":"2 Fungi Beasts","floor":14.0,"turns":3.0},{"damage":16.0,"enemies":"Hexaghost","floor":16.0,"turns":8.0},{"damage":0.0,"enemies":"Spheric Guardian","floor":18.0,"turns":3.0},{"damage":0.0,"enemies":"3 Byrds","floor":19.0,"turns":4.0},{"damage":0.0,"enemies":"Centurion and Healer","floor":20.0,"turns":6.0},{"damage":0.0,"enemies":"Snake Plant","floor":21.0,"turns":3.0},{"damage":19.0,"enemies":"Slavers","floor":23.0,"turns":3.0},{"damage":8.0,"enemies":"3 Cultists","floor":25.0,"turns":6.0},{"damage":4.0,"enemies":"Book of Stabbing","floor":28.0,"turns":5.0},{"damage":1.0,"enemies":"Centurion and Healer","floor":29.0,"turns":5.0},{"damage":2.0,"enemies":"Sentry and Sphere","floor":31.0,"turns":5.0},{"damage":44.0,"enemies":"Automaton","floor":33.0,"turns":9.0},{"damage":27.0,"enemies":"Orb Walker","floor":35.0,"turns":6.0},{"damage":9.0,"enemies":"3 Darklings","floor":37.0,"turns":4.0},{"damage":16.0,"enemies":"Writhing Mass","floor":38.0,"turns":6.0},{"damage":3.0,"enemies":"4 Shapes","floor":41.0,"turns":7.0},{"damage":0.0,"enemies":"Transient","floor":42.0,"turns":5.0},{"damage":10.0,"enemies":"Sphere and 2 Shapes","floor":44.0,"turns":4.0},{"damage":0.0,"enemies":"Giant Head","floor":45.0,"turns":5.0},{"damage":18.0,"enemies":"3 Darklings","floor":47.0,"turns":2.0},{"damage":0,"enemies":"Maw","floor":48,"turns":5},{"damage":27,"enemies":"Time Eater","floor":50,"turns":8}],"seed_played":"-2508067300206053389","potions_obtained":[{"floor":1.0,"key":"FearPotion"},{"floor":4.0,"key":"Weak Potion"},{"floor":6.0,"key":"LiquidBronze"},{"floor":19.0,"key":"Strength Potion"},{"floor":25.0,"key":"ElixirPotion"},{"floor":28.0,"key":"ElixirPotion"},{"floor":29.0,"key":"GamblersBrew"},{"floor":31.0,"key":"DuplicationPotion"},{"floor":37.0,"key":"DistilledChaos"},{"floor":42.0,"key":"SteroidPotion"},{"floor":45.0,"key":"Strength Potion"}],"is_trial":false,"path_per_floor":["M","?","?","M","$","M","R","$","T","R","?","?","E","M","R","B",null,"M","M","M","M","$","E","R","M","T","?","E","M","R","M","R","B",null,"M","?","M","M","$","R","M","M","T","M","E","?","M","M","R","B",null],"character_chosen":"IRONCLAD","items_purchased":["TungstenRod","Pommel Strike","HandOfGreed","Wild Strike","PreservedInsect","Disarm","Chemical X","PowerPotion","Dexterity Potion","Anchor"],"campfire_rested":0,"item_purchase_floors":[5,5,5,8,22,22,39,39,39,39],"current_hp_per_floor":[67,67,60,58,58,64,64,64,64,64,64,55,42,44,44,44,72,72,72,72,72,72,59,59,57,57,57,59,64,64,68,68,39,72,51,51,48,43,58,58,61,67,67,63,68,68,56,62,62,46],"gold":252,"neow_bonus":"TWO_FIFTY_GOLD","is_daily":false,"chose_seed":false,"campfire_upgraded":8,"win_rate":0.0,"timestamp":1612439005,"path_taken":["M","?","?","?","$","M","R","$","T","R","?","?","E","M","R","BOSS","M","M","M","M","$","E","R","M","T","?","E","?","R","M","R","BOSS","M","?","M","M","$","R","M","M","T","M","E","?","M","M","R","BOSS"],"items_purchased_type":["Relic","Card","Card","Card","Relic","Card","Relic","Potion","Potion","Relic"],"build_version":"2020-12-18","purchased_purges":2,"victory":true,"max_hp_per_floor":[72,72,72,72,72,72,72,72,72,72,72,72,72,72,72,72,72,72,72,72,72,72,72,72,72,72,72,72,72,72,72,72,72,72,72,68,68,68,68,68,68,68,68,68,68,68,68,68,68,68],"relic_stats":{"Centennial Puzzle":[30],"Happy Flower":[39],"counters":[26,125],"Snecko Eye":[200,200,193,184],"MealTicket":15,"PreservedInsect":204,"Chemical X":[10],"obtain_stats":[{"Happy Flower":9,"SacredBark":34,"PreservedInsect":22,"Omamori":26,"Incense Burner":45,"Burning Blood":0,"Centennial Puzzle":28,"Anchor":39,"Snecko Eye":17,"MealTicket":12,"Molten Egg 2":27,"Chemical X":39,"StrikeDummy":23,"TungstenRod":5,"Toy Ornithopter":13},{"Happy Flower":3,"SacredBark":16,"PreservedInsect":10,"Omamori":12,"Incense Burner":23,"Burning Blood":0,"Centennial Puzzle":13,"Anchor":19,"Snecko Eye":6,"MealTicket":3,"Molten Egg 2":12,"Chemical X":19,"StrikeDummy":11,"TungstenRod":2,"Toy Ornithopter":4},{"Happy Flower":7,"SacredBark":73,"PreservedInsect":40,"Omamori":49,"Incense Burner":110,"Burning Blood":0,"Centennial Puzzle":54,"Anchor":89,"Snecko Eye":24,"MealTicket":7,"Molten Egg 2":49,"Chemical X":89,"StrikeDummy":43,"TungstenRod":5,"Toy Ornithopter":13}],"Burning Blood":126,"TungstenRod":55,"Toy Ornithopter":34},"card_choices":[{"not_picked":["Dropkick","Anger"],"picked":"Whirlwind","floor":1.0},{"not_picked":["Intimidate","Iron Wave"],"picked":"Shrug It Off","floor":4.0},{"not_picked":["Entrench","Dropkick"],"picked":"Second Wind","floor":6.0},{"not_picked":["Body Slam","Clash"],"picked":"Inflame","floor":13.0},{"not_picked":["Seeing Red","Shockwave"],"picked":"Armaments","floor":14.0},{"not_picked":["Berserk","Bludgeon"],"picked":"Corruption","floor":16.0},{"not_picked":["Bloodletting","Thunderclap","Flex"],"picked":"SKIP","floor":18.0},{"not_picked":["Thunderclap","Feel No Pain"],"picked":"Flame Barrier","floor":19.0},{"not_picked":["Pummel","Heavy Blade+1"],"picked":"Warcry","floor":20.0},{"not_picked":["Sword Boomerang+1","Anger+1"],"picked":"Headbutt+1","floor":21.0},{"not_picked":["Whirlwind+1","Demon Form"],"picked":"Feel No Pain+1","floor":23.0},{"not_picked":["Headbutt","Wild Strike","Sword Boomerang"],"picked":"SKIP","floor":25.0},{"not_picked":["Flex+1","Infernal Blade"],"picked":"Clothesline+1","floor":28.0},{"not_picked":["Hemokinesis+1","Shrug It Off+1"],"picked":"Body Slam+1","floor":29.0},{"not_picked":["Shrug It Off","Evolve"],"picked":"Cleave+1","floor":31.0},{"not_picked":["Offering","Limit Break"],"picked":"Fiend Fire+1","floor":33.0},{"not_picked":["Pommel Strike+1","Reckless Charge+1"],"picked":"Shrug It Off","floor":35.0},{"not_picked":["Body Slam+1","Reckless Charge+1"],"picked":"Armaments+1","floor":37.0},{"not_picked":["Rampage+1","Sword Boomerang+1","Ghostly Armor"],"picked":"SKIP","floor":38.0},{"not_picked":["Searing Blow+1","Armaments"],"picked":"Disarm+1","floor":41.0},{"not_picked":["Evolve","True Grit+1"],"picked":"Pummel+1","floor":42.0},{"not_picked":["Anger+1","Wild Strike+1"],"picked":"Exhume","floor":44.0},{"not_picked":["Cleave+1","Heavy Blade+1","Berserk"],"picked":"SKIP","floor":45.0},{"not_picked":["Flex+1","Power Through"],"picked":"Pommel Strike+1","floor":47.0},{"not_picked":["Sentinel","Flex+1"],"picked":"Whirlwind+1","floor":48}],"player_experience":519789,"relics_obtained":[{"floor":9.0,"key":"Happy Flower"},{"floor":13.0,"key":"Toy Ornithopter"},{"floor":23.0,"key":"StrikeDummy"},{"floor":26.0,"key":"Omamori"},{"floor":28.0,"key":"Centennial Puzzle"},{"floor":45.0,"key":"Incense Burner"}],"event_choices":[{"damage_healed":0.0,"max_hp_gain":0.0,"max_hp_loss":0.0,"gold_gain":175.0,"event_name":"Liars Game","player_choice":"AGREE","floor":2.0,"gold_loss":0.0,"damage_taken":0.0,"cards_obtained":["Doubt"]},{"damage_healed":0.0,"max_hp_gain":0.0,"max_hp_loss":0.0,"gold_gain":75.0,"event_name":"FaceTrader","player_choice":"Touch","floor":3.0,"gold_loss":0.0,"damage_taken":7.0},{"damage_healed":0.0,"max_hp_gain":0.0,"max_hp_loss":0.0,"gold_gain":0.0,"event_name":"Living Wall","player_choice":"Grow","floor":11.0,"gold_loss":0.0,"damage_taken":0.0,"cards_upgraded":["Pommel Strike"]},{"damage_healed":0.0,"max_hp_gain":0.0,"max_hp_loss":0.0,"gold_gain":0.0,"event_name":"Scrap Ooze","player_choice":"Success","floor":12.0,"gold_loss":0.0,"damage_taken":12.0,"relics_obtained":["MealTicket"]},{"damage_healed":0.0,"max_hp_gain":0.0,"max_hp_loss":0.0,"gold_gain":0.0,"event_name":"WeMeetAgain","player_choice":"Gave Potion","floor":27.0,"gold_loss":0.0,"damage_taken":0.0,"relics_obtained":["Molten Egg 2"]},{"damage_healed":0.0,"max_hp_gain":0.0,"max_hp_loss":4.0,"gold_gain":0.0,"event_name":"Winding Halls","player_choice":"Max HP","floor":36.0,"gold_loss":0.0,"damage_taken":0.0},{"cards_removed":["Strike_R"],"damage_healed":0.0,"max_hp_gain":0.0,"max_hp_loss":0.0,"gold_gain":0.0,"event_name":"Bonfire Elementals","player_choice":"Offered Basic","floor":46.0,"gold_loss":0.0,"damage_taken":0.0}],"is_beta":true,"boss_relics":[{"not_picked":["Pandora\u0027s Box","Black Star"],"picked":"Snecko Eye"},{"not_picked":["Empty Cage","Sozu"],"picked":"SacredBark"}],"items_purged_floors":[5,22],"is_endless":false,"potions_floor_spawned":[1,4,6,19,25,28,29,31,37,42,44,45],"ascension_level":0}}