{"host":"56xwnffi6e9z5l58","time":1612436565,"event":{"mods":["Aspiration","BaseMod","Better Match","Better Note","Better Sensory Stone","BetterRewards","Colored Map","Colored Powertips","Conspire","Downfall","GifTheSpireLib","Hermit","Highlight Path","Hubris","Infinite Spire","Key Reminder","Minty Spire (QoL Compilation)","Permanent Neow","Quick Restart","Rare Cards Sparkle","Replay The Spire","StSLib","Stuff the Spire","SuperFastMode","Unceasing Turn Reminder"],"gold_per_floor":[15,15,15,26,42,42,42,77,77,93,93,93,93,120,120,225,225,251,301,301,330,347,386,18,90,90,116,116,116,116,66,66,105,105,209,209,230,230,248,317,0,0,17,17,41,75,75,110,186,223,223,327,327,327],"floor_reached":53,"language":"ENG","playtime":1979,"items_purged":["downfall:Malfunctioning"],"score":745,"play_id":"8da049f6-7864-413a-9e7c-0c2111b425e1","local_time":"20210204190245","is_ascension_mode":false,"campfire_choices":[{"data":"hermit:Headshot","floor":6,"key":"SMITH"},{"data":"hermit:DeadOrAlive","floor":11,"key":"SMITH"},{"data":"hermit:Snapshot","floor":15,"key":"SMITH"},{"floor":28,"key":"REST"},{"data":"hermit:TakeAim","floor":32,"key":"SMITH"},{"floor":34,"key":"DIG"},{"data":"hermit:Magnum","floor":42,"key":"SMITH"},{"data":"hermit:RoundhouseKick","floor":44,"key":"SMITH"},{"data":"hermit:Gestalt","floor":47,"key":"SMITH"},{"floor":51,"key":"REST"}],"circlet_count":0,"master_deck":["hermit:Strike_Hermit","hermit:Defend_Hermit","hermit:Defend_Hermit","hermit:Snapshot+1","hermit:Covet","hermit:Glare","hermit:Quickdraw","hermit:Headshot+1","hermit:LuckOfTheDraw","hermit:DeadOrAlive+1","hermit:Magnum+1","StuffTheSpire:GnomedCurse","CurseOfTheBell","hermit:Horror","hermit:ShadowCloak","hermit:Scavenge+1","hermit:TakeAim+1","hermit:Gestalt+1","hermit:Adapt","hermit:RoundhouseKick+1","hermit:TrackingShot","ReplayTheSpireMod:Splinters","hermit:GhostlyPresence+1","Parasite","hermit:Ricochet+1","hermit:EyeOfTheStorm+1","hermit:FromBeyond","hermit:GoldenBullet+1","hermit:Glare+1","hermit:TakeCover+1"],"relics":["hermit:Momento","Singing Bowl","Garlic","conspire:DeflatedDodgeball","Replay:Ancient Bell","Smiling Mask","Matryoshka","hubris:GlazedTorus","MealTicket","Lizard Tail","conspire:BottledYoYo","StuffTheSpire:Gunfinga","Happy Flower","Blood Vial","Guardian:PocketSentry","bronze:MakeshiftBattery","TungstenRod","Replay:Bottled Flurry","Red Mask","Boot","Bag of Preparation","Astrolabe"],"acts_visited":["Exordium","TheCity","TheBeyond","Exordium"],"potions_floor_usage":[8,25,27,35,52,52,52],"damage_taken":[{"damage":0,"enemies":"Cultist","floor":1,"turns":2},{"damage":3,"enemies":"Jaw Worm","floor":4,"turns":2},{"damage":1,"enemies":"Small Slimes","floor":5,"turns":3},{"damage":8,"enemies":"Gremlin Nob","floor":8,"turns":3},{"damage":1,"enemies":"Exordium Wildlife","floor":10,"turns":3},{"damage":0,"enemies":"Looter","floor":14,"turns":2},{"damage":37,"enemies":"The Guardian","floor":16,"turns":11},{"damage":21,"enemies":"Spheric Guardian","floor":18,"turns":4},{"damage":37,"enemies":"Shell Parasite","floor":21,"turns":7},{"damage":21,"enemies":"Shelled Parasite and Fungi","floor":22,"turns":5},{"damage":35,"enemies":"Nightmare","floor":23,"turns":7},{"damage":9,"enemies":"conspire:Head Lice","floor":25,"turns":7},{"damage":6,"enemies":"Gremlin Leader","floor":27,"turns":6},{"damage":18,"enemies":"Cultist and Chosen","floor":33,"turns":6},{"damage":39,"enemies":"conspire:MysteriousRune","floor":35,"turns":12},{"damage":0,"enemies":"3 Shapes","floor":37,"turns":3},{"damage":23,"enemies":"Orb Walker","floor":39,"turns":4},{"damage":21,"enemies":"Writhing Mass","floor":43,"turns":6},{"damage":11,"enemies":"Spire Growth","floor":46,"turns":5},{"damage":8,"enemies":"Sphere and 2 Shapes","floor":48,"turns":5},{"damage":15,"enemies":"Nemesis","floor":49,"turns":6},{"damage":19,"enemies":"Jaw Worm Horde","floor":50,"turns":4},{"damage":92,"enemies":"Donu and Deca","floor":52,"turns":13}],"seed_played":"-6598050587788781201","potions_obtained":[{"floor":1,"key":"Strength Potion"},{"floor":8,"key":"FairyPotion"},{"floor":23,"key":"infinitespire:BlackPotion"},{"floor":25,"key":"hexamod:SoulburnPotion"},{"floor":27,"key":"Regen Potion"},{"floor":33,"key":"GamblersBrew"},{"floor":37,"key":"Languid Potion"},{"floor":40,"key":"hexamod:SoulburnPotion"},{"floor":40,"key":"Strength Potion"},{"floor":40,"key":"bronze:BurnAndBuffPotion"},{"floor":50,"key":"hermit:Tonic"}],"is_trial":false,"path_per_floor":["M","?","$","M","M","R","$","E","T","M","R","$","T","M","R","B",null,"M","?","?","M","M","NM","$","E","T","E","R","PTL","PTL","$","R","M","R_BF","B",null,"M","T","M","?","?","R","M","R","T","M","R","M","E","M","R","B",null],"character_chosen":"HERMIT","items_purchased":["Lizard Tail","hermit:Gestalt"],"campfire_rested":2,"item_purchase_floors":[24,24],"current_hp_per_floor":[75,75,75,72,71,71,71,63,63,62,62,62,62,64,64,27,83,62,62,62,25,4,2,17,10,10,4,29,29,29,44,44,28,28,6,85,85,85,64,64,64,64,45,45,45,38,38,32,21,6,33,1,93,93],"gold":327,"neow_bonus":"REMOVE_TWO","is_daily":false,"chose_seed":false,"campfire_upgraded":7,"win_rate":0.0,"timestamp":1612436565,"path_taken":["M","?","$","M","?","R","?","E","T","M","R","?","?","M","R","BOSS","M","?","?","M","M","NM","?","E","T","E","R","PTL","PTL","$","R","M","R_BF","BOSS","M","?","M","?","?","R","M","R","T","?","R","M","E","M","R","BOSS"],"items_purchased_type":["Relic","Card"],"build_version":"2020-12-22","purchased_purges":1,"victory":false,"max_hp_per_floor":[75,75,75,75,75,75,75,75,75,75,75,75,75,77,77,77,83,83,83,83,83,83,83,83,85,85,85,85,85,85,85,85,85,85,85,85,85,85,87,87,87,87,87,87,87,89,89,89,91,93,93,93,93,93],"card_choices":[{"not_picked":["hermit:EyeOfTheStorm","hermit:WideOpen"],"picked":"hermit:Glare","floor":1},{"not_picked":["hermit:HighCaliber","hermit:HoleUp","hermit:Quickdraw"],"picked":"SKIP","floor":4},{"not_picked":["hermit:BodyArmor","hermit:Feint"],"picked":"hermit:Headshot","floor":5},{"not_picked":["hermit:Showdown","hermit:TrackingShot"],"picked":"hermit:LuckOfTheDraw","floor":8},{"not_picked":["hermit:Misfire","hermit:CursedWeapon"],"picked":"hermit:DeadOrAlive","floor":10},{"not_picked":["hermit:Headshot","hermit:Cheat","hermit:Midnight"],"picked":"Singing Bowl","floor":14},{"not_picked":["hermit:BlackWind","hermit:OverwhelmingPower"],"picked":"hermit:Magnum","floor":16},{"not_picked":["StuffTheSpire:GnomedCurse","Delirium","Hallucinations"],"picked":"Singing Bowl","floor":17},{"not_picked":["Decay","Delirium","downfall:Malfunctioning"],"picked":"Singing Bowl","floor":17},{"not_picked":["CurseOfTheBell","Delirium","ReplayTheSpireMod:Doomed"],"picked":"Singing Bowl","floor":17},{"not_picked":["hermit:Feint+1","hermit:CalledShot"],"picked":"hermit:Horror","floor":18},{"not_picked":["hermit:Headshot","hermit:Grudge"],"picked":"hermit:ShadowCloak","floor":21},{"not_picked":["hermit:Snipe","hermit:LowProfile"],"picked":"hermit:Scavenge+1","floor":22},{"not_picked":["hermit:ItchyTrigger+1","hermit:Coalescence"],"picked":"hermit:TakeAim","floor":23},{"not_picked":["hermit:CalledShot","hermit:WideOpen","hermit:DeadMansHand"],"picked":"Singing Bowl","floor":25},{"not_picked":["hermit:LowProfile","hermit:Desperado"],"picked":"hermit:Adapt","floor":27},{"not_picked":["hermit:Feint","hermit:Glare+1"],"picked":"hermit:NoHoldsBarred+1","floor":33},{"not_picked":["hermit:Gambit","hermit:Magnum"],"picked":"hermit:RoundhouseKick","floor":35},{"not_picked":["hermit:BodyArmor","hermit:Quickdraw+1"],"picked":"hermit:TrackingShot","floor":37},{"not_picked":["hermit:Showdown+1","hermit:EyeOfTheStorm","hermit:LoneWolf+1"],"picked":"Singing Bowl","floor":39},{"not_picked":["hermit:Cheat+1","hermit:CalledShot+1"],"picked":"hermit:GhostlyPresence+1","floor":40},{"not_picked":["hermit:ShadowCloak","hermit:Headshot"],"picked":"hermit:Ricochet+1","floor":43},{"not_picked":["hermit:TrackingShot","hermit:NoHoldsBarred+1","hermit:Coalescence"],"picked":"Singing Bowl","floor":46},{"not_picked":["hermit:Vantage","hermit:OverwhelmingPower"],"picked":"hermit:EyeOfTheStorm+1","floor":48},{"not_picked":["hermit:Midnight+1","hermit:Misfire+1","hermit:HoleUp"],"picked":"Singing Bowl","floor":49},{"not_picked":["hermit:Coalescence+1","hermit:ItchyTrigger","hermit:TakeCover+1"],"picked":"Singing Bowl","floor":50},{"not_picked":["hermit:EternalForm","hermit:DeadOrAlive"],"picked":"hermit:FromBeyond","floor":52}],"player_experience":1011741,"relics_obtained":[{"floor":8,"key":"Singing Bowl"},{"floor":9,"key":"Garlic"},{"floor":13,"key":"conspire:DeflatedDodgeball"},{"floor":23,"key":"MealTicket"},{"floor":25,"key":"conspire:BottledYoYo"},{"floor":26,"key":"StuffTheSpire:Gunfinga"},{"floor":26,"key":"Happy Flower"},{"floor":27,"key":"Blood Vial"},{"floor":34,"key":"Guardian:PocketSentry"},{"floor":38,"key":"TungstenRod"},{"floor":38,"key":"Replay:Bottled Flurry"},{"floor":45,"key":"Boot"},{"floor":49,"key":"Bag of Preparation"}],"event_choices":[{"damage_healed":0,"gold_gain":0,"cards_transformed":["hermit:Strike_Hermit"],"player_choice":"Transformed","damage_taken":0,"max_hp_gain":0,"max_hp_loss":0,"event_name":"Transmorgrifier","floor":2,"gold_loss":0,"cards_obtained":["hermit:Quickdraw"]},{"damage_healed":0,"gold_gain":100,"player_choice":"Bet on Murderer","damage_taken":0,"max_hp_gain":0,"max_hp_loss":0,"event_name":"The Joust","floor":19,"gold_loss":50},{"cards_removed":["downfall:Malfunctioning"],"damage_healed":0,"gold_gain":0,"player_choice":"Give","damage_taken":0,"max_hp_gain":0,"max_hp_loss":0,"event_name":"betterNote:BetterNote","floor":20,"gold_loss":0,"cards_obtained":["None"]},{"damage_healed":0,"gold_gain":0,"player_choice":"Paid","damage_taken":0,"relics_obtained":["Red Mask"],"max_hp_gain":0,"max_hp_loss":0,"event_name":"Tomb of Lord Red Mask","floor":41,"gold_loss":317}],"is_beta":false,"boss_relics":[{"not_picked":["Velvet Choker","Pandora\u0027s Box"],"picked":"Replay:Ancient Bell"},{"not_picked":["Strawberry","Art of War"],"picked":"Smiling Mask"},{"not_picked":["Replay:WaspNest","hubris:SphereOfDissonance"],"picked":"Matryoshka"},{"not_picked":["Thread and Needle","hubris:Teleporter"],"picked":"hubris:GlazedTorus"},{"not_picked":["hubris:Stopwatch","StuffTheSpire:RunicConfusion"],"picked":"bronze:MakeshiftBattery"},{"not_picked":["Runic Pyramid","hubris:RunicObelisk"],"picked":"Astrolabe"}],"items_purged_floors":[31],"is_endless":true,"potions_floor_spawned":[1,8,23,25,27,33,37,43,46,49,50],"ascension_level":0}}