{"host":"e1r14iqujvrv6qpf","time":1612442486,"event":{"mods":["AchievementEnabler","Act Like it!","Aspiration","Bard","BaseMod","BetterRewards","Colored Map","Colored Powertips","Conspire","Downfall","Friendly Minions","Gensokyo","Googly Eyes","Hallownest","Highlight Path","Hubris","KinomotoSakuraMod(木之本樱)","Koishi","KomeijiMod","LagranYue(拉格朗・月)","Lobotomy","Marisa（F雨　魔理沙）","Minty Spire (QoL Compilation)","Quick Restart","Reimu（博丽灵梦）","Remilia（蕾米莉亚）","Replay The Spire","Shop Mod","StSLib","The Administrix","The Animator","The Construct","The Cursed","The Servant 0.9.4","Waifu the Spire","WarShipGirlsR/战舰少女R mod","Youmu（魂魄妖梦）","Yuyuko"],"gold_per_floor":[199,215,232,250,262,262,262,47,79,101,101,101,117,142,160,264,264,264,275,291,291,311,322,345,90,90,103,103,103,103],"floor_reached":28,"language":"ZHS","playtime":2775,"items_purged":["Slimebound:Defend_Slimebound"],"score":257,"play_id":"ae3bac6b-659c-42e0-bae3-3f77c089eddc","local_time":"20210204204126","is_ascension_mode":false,"campfire_choices":[{"data":"Slimebound:CorrosiveSpit","floor":1.0,"key":"SMITH"},{"data":"Thinking Ahead","floor":12.0,"key":"SMITH"},{"floor":18.0,"key":"DIG"},{"data":"Slimebound:SlimeBrawl","floor":26.0,"key":"SMITH"}],"circlet_count":0,"master_deck":["Slimebound:Strike_Slimebound","Slimebound:Tackle","Slimebound:Defend_Slimebound","Slimebound:Defend_Slimebound","Slimebound:Defend_Slimebound","Slimebound:Split","Slimebound:CorrosiveSpit+1","Slimebound:ComboTackle","Slimebound:Schlurp","Slimebound:HauntingLick","Slimebound:SamplingLick","Slimebound:LeechEnergy","hubris:EnhanceAbility","hubris:Insight","Thinking Ahead+1","Slimebound:OneTwoCombo","Slimebound:ComboTackle","Slimebound:MassRepurpose","Slimebound:GoopSpray","Slimebound:MassFeed","Slimebound:SplitLeeching+1","Slimebound:FinishingTackle","Slimebound:LevelUp","Slimebound:DisruptingSlam+1","Slimebound:SlimeBrawl+1","Slimebound:Repurpose","Slimebound:Nibble"],"relics":["Slimebound:AbsorbEndCombat","LagranYue:RandomDrawCardRelic","aspiration:DSix","ReplayTheSpireMod:ShopPack","Bronze Scales","Odd Mushroom","Replay:WaspNest","Tiny Chest","conspire:SlowCooker","Gremlin Horn","Lantern","Mummified Hand"],"acts_visited":["Exordium","TheCity"],"potions_floor_usage":[],"damage_taken":[{"damage":4.0,"enemies":"Jaw Worm","floor":2.0,"turns":3.0},{"damage":6.0,"enemies":"conspire:RoseBush","floor":3.0,"turns":2.0},{"damage":2.0,"enemies":"2 Louse","floor":4.0,"turns":3.0},{"damage":6.0,"enemies":"2 Fungi Beasts","floor":5.0,"turns":3.0},{"damage":2.0,"enemies":"downfall:FleeingMerchant","floor":8.0,"turns":4.0},{"damage":12.0,"enemies":"3 Sentries","floor":9.0,"turns":4.0},{"damage":0.0,"enemies":"The Mushroom Lair","floor":10.0,"turns":2.0},{"damage":11.0,"enemies":"Gremlin Gang","floor":13.0,"turns":3.0},{"damage":0.0,"enemies":"Lagavulin","floor":14.0,"turns":4.0},{"damage":0.0,"enemies":"3 Louse","floor":15.0,"turns":2.0},{"damage":28.0,"enemies":"WA_ARCHETYPE_RETAIN","floor":16.0,"turns":5.0},{"damage":23.0,"enemies":"Shell Parasite","floor":19.0,"turns":4.0},{"damage":5.0,"enemies":"Spheric Guardian","floor":20.0,"turns":4.0},{"damage":16.0,"enemies":"Snake Plant","floor":22.0,"turns":2.0},{"damage":20.0,"enemies":"Cultist and Chosen","floor":23.0,"turns":4.0},{"damage":9.0,"enemies":"downfall:FleeingMerchant","floor":25.0,"turns":4.0},{"damage":2.0,"enemies":"Shelled Parasite and Fungi","floor":27.0,"turns":3.0},{"damage":38,"enemies":"Replay:Snechameleon","floor":28,"turns":2}],"seed_played":"5636362515685942034","potions_obtained":[{"floor":3.0,"key":"champ:CounterPotion"},{"floor":4.0,"key":"Explosive Potion"},{"floor":13.0,"key":"Toxic Potion"},{"floor":19.0,"key":"DistilledChaos"},{"floor":20.0,"key":"GrandPatriotsElixir:ReiMu"},{"floor":23.0,"key":"GamblersBrew"}],"is_trial":false,"path_per_floor":["R","M","M","M","M","?","T","$","E","?","T","R","M","E","M","B",null,"R_BF","M","M","?","M","M","T","$","R","M","E"],"character_chosen":"SLIMEBOUND","items_purchased":["ReplayTheSpireMod:ShopPack","Mummified Hand"],"campfire_rested":0,"item_purchase_floors":[8,25],"current_hp_per_floor":[65,65,61,63,63,63,63,65,61,65,65,65,60,65,65,45,65,65,46,47,47,35,26,26,25,25,31,0,0,0],"gold":103,"neow_bonus":"HUNDRED_GOLD","is_daily":false,"chose_seed":false,"campfire_upgraded":3,"win_rate":0.0,"timestamp":1612442486,"path_taken":["R","M","M","M","M","?","T","$","E","?","?","R","M","E","M","BOSS","R_BF","M","M","?","M","?","T","$","R","M","E"],"items_purchased_type":["Relic","Relic"],"build_version":"2020-12-22","purchased_purges":1,"victory":false,"max_hp_per_floor":[65,65,65,65,65,65,65,65,65,65,65,65,65,65,65,65,65,65,65,65,65,65,68,68,68,68,68,68,68,68],"card_choices":[{"not_picked":["Slimebound:Prepare","Slimebound:SplitLeeching"],"picked":"Slimebound:ComboTackle","floor":2.0},{"not_picked":["Slimebound:LeechingTouch","Slimebound:SplitBruiser"],"picked":"Slimebound:Schlurp","floor":3.0},{"not_picked":["Slimebound:SplitAcid","Slimebound:GoopSpray"],"picked":"Slimebound:HauntingLick","floor":4.0},{"not_picked":["Slimebound:Replication","Slimebound:AcidTongue"],"picked":"Slimebound:SamplingLick","floor":5.0},{"not_picked":["Slimebound:SamplingLick","Slimebound:HauntingLick"],"picked":"Slimebound:LeechEnergy","floor":8.0},{"not_picked":["ThoughtExtend","Midas Touch"],"picked":"hubris:EnhanceAbility","floor":8.0},{"not_picked":["Blind","Mind Blast"],"picked":"hubris:Insight","floor":8.0},{"not_picked":["Replay:Sssssssssstrike","Magnetism"],"picked":"Thinking Ahead","floor":8.0},{"not_picked":["Slimebound:ServeAndProtect","Slimebound:SamplingLick"],"picked":"Slimebound:OneTwoCombo","floor":9.0},{"not_picked":["Slimebound:ItLooksTasty","Slimebound:SplitAcid"],"picked":"Slimebound:ComboTackle","floor":10.0},{"not_picked":["Slimebound:Prepare","Slimebound:SplitLeeching"],"picked":"Slimebound:MassRepurpose","floor":13.0},{"not_picked":["Slimebound:Repurpose","Slimebound:ServeAndProtect"],"picked":"Slimebound:GoopSpray","floor":14.0},{"not_picked":["Slimebound:SamplingLick","Slimebound:Prepare","Slimebound:RainOfGoop"],"picked":"SKIP","floor":15.0},{"not_picked":["Slimebound:Overexert","Slimebound:Teamwork"],"picked":"Slimebound:MassFeed","floor":16.0},{"not_picked":["Slimebound:Prepare","Slimebound:LivingWall"],"picked":"Slimebound:SplitLeeching+1","floor":19.0},{"not_picked":["Slimebound:ProtectTheBoss","Slimebound:LivingWall"],"picked":"Slimebound:FinishingTackle","floor":20.0},{"not_picked":["Slimebound:FirmFortitude","Slimebound:FinishingTackle"],"picked":"Slimebound:DisruptingSlam+1","floor":22.0},{"not_picked":["Slimebound:LivingWall","Slimebound:GoopSpray"],"picked":"Slimebound:SlimeBrawl","floor":23.0},{"not_picked":["Slimebound:ServeAndProtect","Slimebound:LivingWall"],"picked":"Slimebound:Repurpose","floor":25.0},{"not_picked":["Slimebound:Chomp","Slimebound:PressTheAttack"],"picked":"Slimebound:Nibble","floor":27.0}],"player_experience":261276,"relics_obtained":[{"floor":7.0,"key":"aspiration:DSix"},{"floor":9.0,"key":"Bronze Scales"},{"floor":10.0,"key":"Odd Mushroom"},{"floor":11.0,"key":"Replay:WaspNest"},{"floor":14.0,"key":"Tiny Chest"},{"floor":18.0,"key":"Gremlin Horn"},{"floor":24.0,"key":"Lantern"}],"event_choices":[{"damage_healed":0.0,"max_hp_gain":0.0,"max_hp_loss":0.0,"gold_gain":0.0,"event_name":"Mushrooms","player_choice":"Fought Mushrooms","floor":10.0,"gold_loss":0.0,"damage_taken":0.0}],"is_beta":false,"boss_relics":[{"not_picked":["Astrolabe","Snecko Eye"],"picked":"conspire:SlowCooker"}],"items_purged_floors":[8],"is_endless":false,"potions_floor_spawned":[3,4,13,19,20,23],"killed_by":"Replay:Snechameleon","ascension_level":0}}