{"host":"p6y17sixyu8q9v1f","time":1612434642,"event":{"mods":["BaseMod","Colored Map","Minty Spire (QoL Compilation)"],"gold_per_floor":[115,127,127,202,19,19,47,61,86,86,106,125,125,125,125,254,254,275,275,122,122,122,132,231,265,292,321,65,65,80,80,80,184,184,194,194,194,194],"floor_reached":37,"language":"ENG","playtime":1730,"items_purged":["Strike_B","Defend_B"],"score":535,"play_id":"8bb55b83-3a3e-43cb-8808-a667e648bdc7","local_time":"20210204043042","is_ascension_mode":true,"campfire_choices":[{"data":"Zap","floor":6,"key":"SMITH"},{"data":"Panache","floor":10,"key":"SMITH"},{"floor":15,"key":"REST"},{"data":"Dualcast","floor":32,"key":"SMITH"}],"circlet_count":0,"master_deck":["Strike_B+1","Strike_B","Defend_B+1","Defend_B","Zap+1","Dualcast+1","Conserve Battery","FTL","Panache+1","Gash","Go for the Eyes","All For One","Hologram+1","Gash","Conserve Battery","Gash","Seek"],"relics":["Cracked Core","NeowsBlessing","Art of War","Anchor","Bloody Idol","Empty Cage","Boot","Tiny Chest","Nunchaku","Singing Bowl","Sling","MutagenicStrength","Philosopher\u0027s Stone"],"acts_visited":["Exordium","TheCity","TheBeyond"],"potions_floor_usage":[16,16,25,27,27],"damage_taken":[{"damage":0,"enemies":"Jaw Worm","floor":1,"turns":1},{"damage":0,"enemies":"Small Slimes","floor":2,"turns":1},{"damage":0,"enemies":"3 Sentries","floor":7,"turns":1},{"damage":0,"enemies":"2 Louse","floor":8,"turns":1},{"damage":0,"enemies":"Blue Slaver","floor":11,"turns":3},{"damage":5,"enemies":"Large Slime","floor":12,"turns":4},{"damage":26,"enemies":"The Guardian","floor":16,"turns":10},{"damage":20,"enemies":"Spheric Guardian","floor":18,"turns":4},{"damage":3,"enemies":"2 Thieves","floor":23,"turns":3},{"damage":1,"enemies":"Book of Stabbing","floor":25,"turns":4},{"damage":30,"enemies":"Slavers","floor":27,"turns":3},{"damage":5,"enemies":"3 Cultists","floor":30,"turns":3},{"damage":23,"enemies":"Collector","floor":33,"turns":6},{"damage":3,"enemies":"Orb Walker","floor":35,"turns":3},{"damage":82,"enemies":"2 Orb Walkers","floor":37,"turns":4}],"seed_played":"-1691618576667955094","potions_obtained":[{"floor":1,"key":"PowerPotion"},{"floor":2,"key":"Swift Potion"},{"floor":8,"key":"SpeedPotion"},{"floor":16,"key":"SpeedPotion"},{"floor":23,"key":"SkillPotion"},{"floor":33,"key":"Strength Potion"},{"floor":35,"key":"Dexterity Potion"}],"is_trial":false,"path_per_floor":["M","M","?","?","$","R","E","M","T","R","M","M","?","?","R","B",null,"M","?","$","?","T","M","?","E","T","E","$","?","M","$","R","B",null,"M","?","?"],"character_chosen":"DEFECT","items_purchased":["Panache","Gash","Conserve Battery","Sling"],"campfire_rested":1,"item_purchase_floors":[5,20,20,28],"current_hp_per_floor":[75,75,60,49,49,49,49,49,49,49,49,44,26,31,55,29,67,47,47,47,47,47,54,59,63,68,45,45,45,47,47,47,29,70,74,74,0,0],"gold":194,"neow_bonus":"THREE_ENEMY_KILL","is_daily":false,"chose_seed":false,"campfire_upgraded":3,"win_rate":0.0,"timestamp":1612434642,"path_taken":["M","M","?","?","$","R","E","?","T","R","M","M","?","?","R","BOSS","M","?","$","?","?","M","?","E","T","E","$","?","M","$","R","BOSS","M","?","?"],"items_purchased_type":["Card","Card","Card","Relic"],"build_version":"2020-12-22","purchased_purges":2,"victory":false,"max_hp_per_floor":[75,75,75,75,75,75,75,75,75,75,75,75,75,80,80,80,80,80,80,80,80,80,80,80,80,80,82,82,82,84,84,84,84,84,86,86,86,86],"card_choices":[{"not_picked":["Capacitor","Redo"],"picked":"Conserve Battery","floor":1},{"not_picked":["Cold Snap","Compile Driver"],"picked":"FTL","floor":2},{"not_picked":["Compile Driver","Steam Power","Stack"],"picked":"SKIP","floor":7},{"not_picked":["Sweeping Beam","Turbo"],"picked":"Gash","floor":8},{"not_picked":["Reinforced Body","Melter","Defragment"],"picked":"SKIP","floor":11},{"not_picked":["Auto Shields","Streamline"],"picked":"Go for the Eyes","floor":12},{"not_picked":["Multi-Cast","Amplify"],"picked":"All For One","floor":16},{"not_picked":["Cold Snap","Aggregate"],"picked":"Hologram+1","floor":18},{"not_picked":["Barrage","Fusion"],"picked":"Gash","floor":23},{"not_picked":["Leap+1","Ball Lightning","Chill"],"picked":"SKIP","floor":25},{"not_picked":["Aggregate","Cold Snap+1","Leap"],"picked":"Singing Bowl","floor":27},{"not_picked":["Force Field+1","Darkness","Rebound"],"picked":"Singing Bowl","floor":30},{"not_picked":["Core Surge","Machine Learning"],"picked":"Seek","floor":33},{"not_picked":["Turbo","Sunder","Compile Driver+1"],"picked":"Singing Bowl","floor":35}],"player_experience":1069421,"relics_obtained":[{"floor":7,"key":"Art of War"},{"floor":9,"key":"Anchor"},{"floor":25,"key":"Tiny Chest"},{"floor":26,"key":"Nunchaku"},{"floor":27,"key":"Singing Bowl"}],"event_choices":[{"damage_healed":0,"gold_gain":0,"player_choice":"Entered Light","damage_taken":15,"max_hp_gain":0,"max_hp_loss":0,"event_name":"Shining Light","floor":3,"gold_loss":0,"cards_upgraded":["Strike_B","Defend_B"]},{"damage_healed":0,"gold_gain":75,"player_choice":"Gather Gold","damage_taken":11,"max_hp_gain":0,"max_hp_loss":0,"event_name":"World of Goop","floor":4,"gold_loss":0},{"damage_healed":0,"gold_gain":0,"player_choice":"Take Damage","damage_taken":18,"relics_obtained":["Golden Idol"],"max_hp_gain":0,"max_hp_loss":0,"event_name":"Golden Idol","floor":13,"gold_loss":0},{"damage_healed":0,"gold_gain":0,"player_choice":"Donut","damage_taken":0,"max_hp_gain":5,"max_hp_loss":0,"event_name":"Big Fish","floor":14,"gold_loss":0},{"damage_healed":0,"gold_gain":0,"player_choice":"Gave Idol","damage_taken":0,"relics_obtained":["Bloody Idol"],"max_hp_gain":0,"max_hp_loss":0,"event_name":"Forgotten Altar","floor":19,"relics_lost":["Golden Idol"],"gold_loss":0},{"damage_healed":0,"gold_gain":0,"player_choice":"Opened","damage_taken":0,"relics_obtained":["Boot"],"max_hp_gain":0,"max_hp_loss":0,"event_name":"The Mausoleum","floor":21,"gold_loss":0},{"damage_healed":0,"gold_gain":99,"player_choice":"Stole From Cult","damage_taken":0,"max_hp_gain":0,"max_hp_loss":0,"event_name":"Nest","floor":24,"gold_loss":0},{"damage_healed":0,"gold_gain":0,"player_choice":"Inject Mutagens","damage_taken":0,"relics_obtained":["MutagenicStrength"],"max_hp_gain":0,"max_hp_loss":0,"event_name":"Drug Dealer","floor":29,"gold_loss":0},{"damage_healed":0,"gold_gain":0,"player_choice":"Ignored","damage_taken":0,"max_hp_gain":0,"max_hp_loss":0,"event_name":"Tomb of Lord Red Mask","floor":36,"gold_loss":0},{"damage_healed":0,"gold_gain":0,"player_choice":"Fight","damage_taken":0,"max_hp_gain":0,"max_hp_loss":0,"event_name":"Mysterious Sphere","floor":37,"gold_loss":0}],"is_beta":false,"boss_relics":[{"not_picked":["Snecko Eye","Sozu"],"picked":"Empty Cage"},{"not_picked":["Calling Bell","Busted Crown"],"picked":"Philosopher\u0027s Stone"}],"items_purged_floors":[20,28],"is_endless":false,"potions_floor_spawned":[1,2,8,16,23,33,35],"killed_by":"2 Orb Walkers","ascension_level":5}}