{"host":"qxeepl7ydvsgmfdb","time":1612456347,"event":{"mods":["AchievementEnabler","BaseMod","Colored Powertips","Minty Spire (QoL Compilation)","Quick Restart","slay the spire mod where everything is the same but ironclad has a cowboy hat"],"gold_per_floor":[117,117,36,46,60,60,92,92,117,117,129,129,4,65,65,166,166,153,164,178,33,45,45,45,71,94,109,126,126,126,126,126],"floor_reached":31,"language":"ENG","playtime":1077,"items_purged":["Strike_G"],"score":395,"play_id":"5169cafb-3984-4495-a82a-bdb9d8217951","local_time":"20210204113227","is_ascension_mode":true,"campfire_choices":[{"data":"Infinite Blades","floor":6.0,"key":"SMITH"},{"floor":8.0,"key":"REST"},{"floor":15,"key":"REST"},{"floor":23,"key":"REST"}],"circlet_count":0,"master_deck":["AscendersBane","Strike_G","Strike_G","Strike_G","Defend_G","Defend_G","Defend_G","Defend_G","Defend_G","Survivor","Neutralize","Accuracy","A Thousand Cuts+1","Infinite Blades+1","Slice","Slice","Backstab","Deflect","Venomology","Dagger Spray","Cloak And Dagger+1","PiercingWail+1","Decay"],"relics":["WristBlade","Smiling Mask","Potion Belt","Eternal Feather","Busted Crown","Strawberry","Mummified Hand","Snake Skull"],"acts_visited":["Exordium","TheCity"],"potions_floor_usage":[11,19,22,25,25,27,28,28],"damage_taken":[{"damage":4.0,"enemies":"Small Slimes","floor":1.0,"turns":5.0},{"damage":1.0,"enemies":"Cultist","floor":4.0,"turns":4.0},{"damage":5.0,"enemies":"Jaw Worm","floor":5.0,"turns":5.0},{"damage":30.0,"enemies":"3 Sentries","floor":7.0,"turns":6.0},{"damage":20,"enemies":"Gremlin Gang","floor":11,"turns":3},{"damage":15,"enemies":"Gremlin Nob","floor":14,"turns":4},{"damage":13,"enemies":"Slime Boss","floor":16,"turns":8},{"damage":22,"enemies":"2 Thieves","floor":18,"turns":4},{"damage":3,"enemies":"Spheric Guardian","floor":19,"turns":3},{"damage":12,"enemies":"Centurion and Healer","floor":20,"turns":5},{"damage":22,"enemies":"Snake Plant","floor":22,"turns":4},{"damage":16,"enemies":"Gremlin Leader","floor":25,"turns":5},{"damage":10,"enemies":"Chosen and Byrds","floor":27,"turns":4},{"damage":12,"enemies":"Centurion and Healer","floor":28,"turns":4},{"damage":21,"enemies":"Sentry and Sphere","floor":31,"turns":3}],"seed_played":"9056415684840108565","potions_obtained":[{"floor":4.0,"key":"Fire Potion"},{"floor":5.0,"key":"BlessingOfTheForge"},{"floor":19,"key":"Dexterity Potion"},{"floor":22,"key":"GamblersBrew"},{"floor":25,"key":"Poison Potion"},{"floor":28,"key":"SteroidPotion"}],"is_trial":false,"path_per_floor":["M","?","$","M","M","R","E","R","T","?","M","?","$","?","R","B",null,"M","M","M","$","M","R","$","E","T","M","M","?","?","M"],"character_chosen":"THE_SILENT","items_purchased":["Infinite Blades","Backstab","Strawberry"],"campfire_rested":3,"item_purchase_floors":[3,13,21],"current_hp_per_floor":[59,59,59,58,53,53,23,44,44,70,50,50,50,35,65,52,66,44,41,29,36,14,49,49,33,33,23,11,11,11,0,0],"gold":126,"neow_bonus":"BOSS_RELIC","is_daily":false,"chose_seed":false,"campfire_upgraded":1,"win_rate":0.0,"timestamp":1612456347,"path_taken":["M","?","?","?","?","R","E","R","T","?","?","?","$","?","R","BOSS","M","M","M","$","M","R","$","E","T","M","M","?","?","M"],"items_purchased_type":["Card","Card","Relic"],"build_version":"2020-12-22","purchased_purges":1,"victory":false,"max_hp_per_floor":[70,70,70,70,70,70,70,70,70,70,70,70,70,70,70,70,70,70,70,70,77,77,77,77,77,77,77,77,77,77,77,77],"card_choices":[{"not_picked":["Backflip","Blur"],"picked":"Accuracy","floor":1.0},{"not_picked":["Outmaneuver","Accuracy","Setup"],"picked":"SKIP","floor":4.0},{"not_picked":["Dodge and Roll","Bane"],"picked":"Slice","floor":5.0},{"not_picked":["Doppelganger","Quick Slash"],"picked":"Slice","floor":7.0},{"not_picked":["Heel Hook","Prepared","Concentrate"],"picked":"SKIP","floor":11},{"not_picked":["Underhanded Strike","Quick Slash"],"picked":"Deflect","floor":14},{"not_picked":["Unload","Tools of the Trade"],"picked":"Venomology","floor":16},{"not_picked":[],"picked":"Dagger Spray","floor":18},{"not_picked":["Prepared"],"picked":"SKIP","floor":19},{"not_picked":[],"picked":"Cloak And Dagger+1","floor":20},{"not_picked":[],"picked":"PiercingWail+1","floor":22},{"not_picked":["Bouncing Flask"],"picked":"SKIP","floor":25},{"not_picked":["Calculated Gamble"],"picked":"SKIP","floor":27},{"not_picked":["Accuracy"],"picked":"SKIP","floor":28}],"player_experience":164691,"relics_obtained":[{"floor":7.0,"key":"Smiling Mask"},{"floor":9.0,"key":"Potion Belt"},{"floor":14,"key":"Eternal Feather"},{"floor":25,"key":"Mummified Hand"},{"floor":26,"key":"Snake Skull"}],"event_choices":[{"damage_healed":0.0,"max_hp_gain":0.0,"max_hp_loss":0.0,"gold_gain":0.0,"cards_transformed":["Strike_G"],"event_name":"Transmorgrifier","player_choice":"Transformed","floor":2.0,"gold_loss":0.0,"damage_taken":0.0,"cards_obtained":["A Thousand Cuts"]},{"damage_healed":26.0,"max_hp_gain":0.0,"max_hp_loss":0.0,"gold_gain":0.0,"event_name":"Wheel of Change","player_choice":"Full Heal","floor":10.0,"gold_loss":0.0,"damage_taken":0.0},{"damage_healed":0,"gold_gain":0,"player_choice":"Grow","damage_taken":0,"max_hp_gain":0,"max_hp_loss":0,"event_name":"Living Wall","floor":12,"gold_loss":0,"cards_upgraded":["A Thousand Cuts"]},{"damage_healed":0,"gold_gain":0,"player_choice":"Searched \u00271\u0027 times","damage_taken":0,"max_hp_gain":0,"max_hp_loss":0,"event_name":"Dead Adventurer","floor":14,"gold_loss":0},{"damage_healed":0,"gold_gain":0,"player_choice":"Ignored","damage_taken":0,"max_hp_gain":0,"max_hp_loss":0,"event_name":"Ghosts","floor":29,"gold_loss":0},{"damage_healed":0,"gold_gain":0,"player_choice":"Smashed Altar","damage_taken":0,"max_hp_gain":0,"max_hp_loss":0,"event_name":"Forgotten Altar","floor":30,"gold_loss":0,"cards_obtained":["Decay"]}],"is_beta":false,"boss_relics":[{"not_picked":["Cursed Key","Ectoplasm"],"picked":"Busted Crown"}],"items_purged_floors":[13],"is_endless":false,"potions_floor_spawned":[4,5,19,22,25,28],"killed_by":"Sentry and Sphere","ascension_level":11}}