{"host":"0xtpc43j5kblke7u","time":1612414222,"event":{"mods":["AchievementEnabler","BaseMod","Colored Map","Highlight Path","Minty Spire (QoL Compilation)"],"gold_per_floor":[114,130,130,147,61,91,110,140,140,152,164,176,216,242,254,266,266],"floor_reached":16,"language":"ENG","playtime":956,"items_purged":[],"score":174,"play_id":"7124432e-a653-498a-9816-17a5fd886178","local_time":"20210203235022","is_ascension_mode":true,"campfire_choices":[{"floor":12.0,"key":"REST"},{"data":"CrushJoints","floor":15.0,"key":"SMITH"}],"circlet_count":0,"master_deck":["Strike_P","Strike_P","Strike_P","Defend_P","Defend_P","Defend_P","Defend_P","Eruption+1","Vigilance","CrushJoints+1","CarveReality","FollowUp","Consecrate","FearNoEvil","Study+1","DeceiveReality","Protect"],"relics":["PureWater","Strawberry","Dream Catcher","MawBank","Pantograph","StrikeDummy"],"acts_visited":["Exordium"],"potions_floor_usage":[],"damage_taken":[{"damage":6.0,"enemies":"Jaw Worm","floor":1.0,"turns":4.0},{"damage":10.0,"enemies":"2 Louse","floor":2.0,"turns":2.0},{"damage":2.0,"enemies":"Small Slimes","floor":4.0,"turns":3.0},{"damage":0.0,"enemies":"Lagavulin","floor":6.0,"turns":2.0},{"damage":7.0,"enemies":"Exordium Thugs","floor":7.0,"turns":4.0},{"damage":22.0,"enemies":"3 Sentries","floor":8.0,"turns":5.0},{"damage":16.0,"enemies":"Lagavulin","floor":13.0,"turns":6.0},{"damage":3.0,"enemies":"3 Louse","floor":14.0,"turns":3.0},{"damage":54,"enemies":"The Guardian","floor":16,"turns":9}],"seed_played":"8875952503874973210","potions_obtained":[{"floor":2.0,"key":"Energy Potion"},{"floor":8.0,"key":"Swift Potion"}],"is_trial":false,"path_per_floor":["M","M","?","M","$","E","M","E","T","?","?","R","E","M","R","B"],"character_chosen":"WATCHER","items_purchased":["Consecrate","FearNoEvil"],"campfire_rested":1,"item_purchase_floors":[5,5],"current_hp_per_floor":[66,56,49,47,47,54,47,25,25,25,25,48,32,29,29,0,0],"gold":266,"neow_bonus":"UPGRADE_CARD","is_daily":false,"chose_seed":false,"campfire_upgraded":1,"win_rate":0.0,"timestamp":1612414222,"path_taken":["M","M","?","M","$","E","M","E","T","?","?","R","E","M","R","BOSS"],"items_purchased_type":["Card","Card"],"build_version":"2020-12-22","purchased_purges":0,"victory":false,"max_hp_per_floor":[72,72,72,72,72,79,79,79,79,79,79,79,79,79,79,79,79],"card_choices":[{"not_picked":["BowlingBash","FlyingSleeves"],"picked":"CrushJoints","floor":1.0},{"not_picked":["TalkToTheHand","Crescendo"],"picked":"CarveReality","floor":2.0},{"not_picked":["CrushJoints","Halt"],"picked":"FollowUp","floor":4.0},{"not_picked":["CrushJoints","Establishment"],"picked":"Study","floor":6.0},{"not_picked":["SashWhip","CrushJoints"],"picked":"DeceiveReality","floor":7.0},{"not_picked":["FlurryOfBlows","Perseverance"],"picked":"Protect","floor":8.0},{"not_picked":["FearNoEvil","FlyingSleeves","SignatureMove"],"picked":"SKIP","floor":13.0},{"not_picked":["SandsOfTime","BowlingBash","FlurryOfBlows"],"picked":"SKIP","floor":14.0}],"player_experience":669820,"relics_obtained":[{"floor":6.0,"key":"Strawberry"},{"floor":8.0,"key":"Dream Catcher"},{"floor":9.0,"key":"MawBank"},{"floor":13.0,"key":"StrikeDummy"}],"event_choices":[{"cards_removed":["Strike_P"],"damage_healed":0.0,"max_hp_gain":0.0,"max_hp_loss":0.0,"gold_gain":0.0,"event_name":"Golden Wing","player_choice":"Card Removal","floor":3.0,"gold_loss":0.0,"damage_taken":7.0},{"damage_healed":0.0,"max_hp_gain":0.0,"max_hp_loss":0.0,"gold_gain":0.0,"event_name":"Living Wall","player_choice":"Grow","floor":10.0,"gold_loss":0.0,"damage_taken":0.0,"cards_upgraded":["Study"]},{"damage_healed":0.0,"max_hp_gain":0.0,"max_hp_loss":0.0,"gold_gain":0.0,"event_name":"Dead Adventurer","player_choice":"Searched \u00271\u0027 times","floor":11.0,"gold_loss":0.0,"damage_taken":0.0,"relics_obtained":["Pantograph"]}],"is_beta":false,"boss_relics":[],"items_purged_floors":[],"is_endless":false,"potions_floor_spawned":[2,8],"killed_by":"The Guardian","ascension_level":4}}