{"host":"vz6qv7tthcp8jtis","time":1612461935,"event":{"mods":["BaseMod","Block Reminder","Colored Map","Highlight Path","Keyboard Shortcuts","Minty Spire (QoL Compilation)","Relic Stats"],"gold_per_floor":[115,40,56,75,93,124,124,124,124,124,158,158,158,171,171,267,267,285,106,31,31,59,92,92,103,129,129,159,209,238,83,83,185,185,205,232,232,454,473,499,306,331,355,409,21,50,63,82,82,82,82,82,8,41,41],"floor_reached":56,"language":"ENG","playtime":3550,"items_purged":["Strike_G","Strike_G","Defend_G"],"score":1529,"play_id":"233e389d-dc15-4397-8a1b-2ca40f42968c","local_time":"20210204190535","is_ascension_mode":true,"campfire_choices":[{"data":"Cloak And Dagger","floor":7.0,"key":"SMITH"},{"data":"Blade Dance","floor":10.0,"key":"SMITH"},{"data":"Neutralize","floor":12.0,"key":"SMITH"},{"data":"Survivor","floor":15.0,"key":"SMITH"},{"data":"Night Terror","floor":24.0,"key":"SMITH"},{"data":"Finisher","floor":32.0,"key":"SMITH"},{"floor":49,"key":"RECALL"},{"data":"Blade Dance","floor":52,"key":"SMITH"}],"circlet_count":0,"master_deck":["Defend_G","Defend_G+1","Defend_G+1","Survivor+1","Neutralize+1","Blade Dance+1","Backstab","Cloak And Dagger+1","Prepared","Blade Dance","Accuracy+1","Slice","Night Terror+1","Accuracy+1","Bite","Bite","Bite","Bite","Bite","Acrobatics","Die Die Die","Finisher+1","Blade Dance+1","After Image+1","Cloak And Dagger+1","Panacea","Panacea","Trip","Prepared+1","Finisher","Footwork+1","Calculated Gamble","Caltrops+1","Bandage Up","Prepared+1","Cloak And Dagger+1","Parasite","Footwork+1","Blur+1"],"relics":["WristBlade","White Beast Statue","Question Card","Frozen Egg 2","Unceasing Top","SlaversCollar","Red Mask","Tiny Chest","War Paint","Incense Burner","Darkstone Periapt","Toy Ornithopter","HoveringKite","Bag of Preparation","Mercury Hourglass","PreservedInsect","Juzu Bracelet","Anchor","HornCleat","Bronze Scales","Gremlin Horn"],"acts_visited":["Exordium","TheCity","TheBeyond","TheEnding"],"potions_floor_usage":[47,55,55,55],"damage_taken":[{"damage":0.0,"enemies":"2 Louse","floor":1.0,"turns":3.0},{"damage":0.0,"enemies":"Cultist","floor":3.0,"turns":3.0},{"damage":0.0,"enemies":"Small Slimes","floor":4.0,"turns":2.0},{"damage":0.0,"enemies":"Blue Slaver","floor":5.0,"turns":2.0},{"damage":22.0,"enemies":"Gremlin Nob","floor":6.0,"turns":4.0},{"damage":7.0,"enemies":"Lagavulin","floor":11.0,"turns":6.0},{"damage":0.0,"enemies":"Looter","floor":14.0,"turns":2.0},{"damage":8.0,"enemies":"Slime Boss","floor":16.0,"turns":5.0},{"damage":0.0,"enemies":"2 Thieves","floor":18.0,"turns":2.0},{"damage":6.0,"enemies":"Masked Bandits","floor":22.0,"turns":3.0},{"damage":0.0,"enemies":"Gremlin Leader","floor":23.0,"turns":3.0},{"damage":3.0,"enemies":"3 Byrds","floor":25.0,"turns":3.0},{"damage":9.0,"enemies":"Book of Stabbing","floor":28.0,"turns":4.0},{"damage":9.0,"enemies":"Slavers","floor":30.0,"turns":3.0},{"damage":6.0,"enemies":"Automaton","floor":33.0,"turns":4.0},{"damage":9.0,"enemies":"3 Darklings","floor":35.0,"turns":5.0},{"damage":2,"enemies":"3 Shapes","floor":39,"turns":2},{"damage":0,"enemies":"Giant Head","floor":40,"turns":4},{"damage":41,"enemies":"Nemesis","floor":42,"turns":7},{"damage":0,"enemies":"Giant Head","floor":46,"turns":4},{"damage":13,"enemies":"Transient","floor":47,"turns":5},{"damage":28,"enemies":"Writhing Mass","floor":48,"turns":6},{"damage":13,"enemies":"Awakened One","floor":50,"turns":8},{"damage":13,"enemies":"Shield and Spear","floor":54,"turns":3},{"damage":51,"enemies":"The Heart","floor":55,"turns":8}],"seed_played":"1473199384986986035","potions_obtained":[{"floor":4.0,"key":"Dexterity Potion"},{"floor":5.0,"key":"Swift Potion"},{"floor":6.0,"key":"Swift Potion"},{"floor":11.0,"key":"LiquidMemories"},{"floor":14.0,"key":"Weak Potion"},{"floor":18.0,"key":"BlessingOfTheForge"},{"floor":22.0,"key":"LiquidMemories"},{"floor":30.0,"key":"PowerPotion"},{"floor":33.0,"key":"Fire Potion"},{"floor":35,"key":"Strength Potion"},{"floor":42,"key":"DuplicationPotion"},{"floor":47,"key":"PowerPotion"}],"is_trial":false,"path_per_floor":["M","$","M","M","M","E","R","?","T","R","E","R","?","M","R","B",null,"M","$","?","?","?","E","R","M","T","?","E","T","E","$","R","B",null,"M","T","?","?","M","E","$","E","T","T","$","E","M","M","R","B",null,"R","$","E","B",null],"character_chosen":"THE_SILENT","items_purchased":["Accuracy+1","Toy Ornithopter","Footwork+1","Caltrops+1","Bandage Up","HornCleat","Footwork+1"],"campfire_rested":0,"item_purchase_floors":[19,31,41,45,45,45,53],"current_hp_per_floor":[70,70,70,70,70,48,48,45,45,45,38,38,38,38,38,30,70,70,70,70,49,45,49,49,49,49,42,39,39,36,36,36,39,54,51,51,41,41,41,47,47,18,18,18,18,26,28,16,16,13,60,60,60,55,13],"gold":41,"neow_bonus":"BOSS_RELIC","is_daily":false,"chose_seed":false,"campfire_upgraded":7,"win_rate":0.0,"timestamp":1612461935,"path_taken":["M","$","M","M","M","E","R","?","T","R","E","R","?","?","R","BOSS","M","$","?","?","?","E","R","?","T","?","E","?","E","$","R","BOSS","M","?","?","?","M","E","?","E","T","?","$","E","M","M","R","BOSS","R","$","E","BOSS"],"items_purchased_type":["Card","Relic","Card","Card","Card","Relic","Card"],"build_version":"2020-12-22","purchased_purges":3,"victory":true,"max_hp_per_floor":[70,70,70,70,70,70,70,70,70,70,70,70,70,70,70,70,70,70,70,70,49,49,49,49,49,49,54,54,54,54,54,54,54,54,54,54,54,54,54,54,54,54,54,54,54,54,54,60,60,60,60,60,60,60,60],"relic_stats":{"Darkstone Periapt":6,"Gremlin Horn":[0,0],"counters":[25,101],"HoveringKite":[25],"PreservedInsect":193,"Bag of Preparation":[18],"Juzu Bracelet":0,"War Paint":["Defend_G","Defend_G"],"Question Card":22,"Mercury Hourglass":[126],"Bronze Scales":[147],"Tiny Chest":2,"obtain_stats":[{"Darkstone Periapt":30,"Gremlin Horn":54,"HoveringKite":34,"PreservedInsect":42,"Incense Burner":28,"Bag of Preparation":36,"Juzu Bracelet":43,"Frozen Egg 2":9,"War Paint":26,"Question Card":8,"White Beast Statue":6,"Mercury Hourglass":40,"SlaversCollar":17,"Anchor":44,"HornCleat":45,"WristBlade":0,"Bronze Scales":46,"Tiny Chest":23,"Red Mask":22,"Unceasing Top":11,"Toy Ornithopter":31,"Ring of the Snake":0},{"Darkstone Periapt":14,"Gremlin Horn":24,"HoveringKite":15,"PreservedInsect":19,"Incense Burner":13,"Bag of Preparation":16,"Juzu Bracelet":19,"Frozen Egg 2":5,"War Paint":12,"Question Card":5,"White Beast Statue":5,"Mercury Hourglass":18,"SlaversCollar":8,"Anchor":19,"HornCleat":19,"WristBlade":0,"Bronze Scales":20,"Tiny Chest":11,"Red Mask":10,"Unceasing Top":6,"Toy Ornithopter":14,"Ring of the Snake":0},{"Darkstone Periapt":45,"Gremlin Horn":93,"HoveringKite":49,"PreservedInsect":67,"Incense Burner":42,"Bag of Preparation":54,"Juzu Bracelet":67,"Frozen Egg 2":14,"War Paint":38,"Question Card":14,"White Beast Statue":14,"Mercury Hourglass":60,"SlaversCollar":27,"Anchor":67,"HornCleat":67,"WristBlade":0,"Bronze Scales":71,"Tiny Chest":35,"Red Mask":32,"Unceasing Top":20,"Toy Ornithopter":45,"Ring of the Snake":0}],"Unceasing Top":[68],"Toy Ornithopter":15},"card_choices":[{"not_picked":["Deadly Poison","Slice"],"picked":"Blade Dance","floor":1.0},{"not_picked":["Dagger Spray","Predator"],"picked":"Backstab","floor":3.0},{"not_picked":["Slice","Riddle With Holes"],"picked":"Cloak And Dagger","floor":4.0},{"not_picked":["Tactician","Quick Slash"],"picked":"Prepared","floor":5.0},{"not_picked":["Crippling Poison","Masterful Stab"],"picked":"Blade Dance","floor":6.0},{"not_picked":["Distraction","Slice","Bouncing Flask"],"picked":"Accuracy+1","floor":11.0},{"not_picked":["Quick Slash","Flechettes","Crippling Poison"],"picked":"Slice","floor":14.0},{"not_picked":["Malaise","Die Die Die","Wraith Form v2+1"],"picked":"Night Terror","floor":16.0},{"not_picked":["PiercingWail","Poisoned Stab","Dash","Deflect"],"picked":"SKIP","floor":18.0},{"not_picked":["Underhanded Strike","Deflect","Blur"],"picked":"Acrobatics","floor":22.0},{"not_picked":["Dagger Throw","Masterful Stab+1","Bane"],"picked":"Die Die Die","floor":23.0},{"not_picked":["Dagger Throw","PiercingWail+1","Flying Knee"],"picked":"Finisher","floor":25.0},{"not_picked":["Reflex","Riddle With Holes","Flying Knee+1","Expertise+1"],"picked":"SKIP","floor":28.0},{"not_picked":["Sucker Punch+1","Finisher+1","Acrobatics"],"picked":"Blade Dance","floor":30.0},{"not_picked":["Adrenaline","Tools of the Trade+1","Die Die Die"],"picked":"After Image+1","floor":33.0},{"not_picked":["Poisoned Stab+1","Backflip","Crippling Poison+1"],"picked":"Cloak And Dagger+1","floor":35},{"not_picked":["Secret Weapon","Forethought","Madness"],"picked":"Panacea","floor":37},{"not_picked":["Madness","Transmutation","Discovery"],"picked":"Panacea","floor":37},{"not_picked":["Discovery","Mind Blast","Enlightenment"],"picked":"Trip","floor":37},{"not_picked":["Deflect","PiercingWail","Riddle With Holes"],"picked":"Prepared+1","floor":39},{"not_picked":["Heel Hook","Prepared","All Out Attack+1"],"picked":"Finisher","floor":40},{"not_picked":["Reflex+1","Corpse Explosion","Choke+1"],"picked":"Calculated Gamble","floor":42},{"not_picked":["Skewer","Acrobatics","Backflip"],"picked":"Prepared+1","floor":46},{"not_picked":["Blade Dance","Noxious Fumes+1","Outmaneuver"],"picked":"Cloak And Dagger+1","floor":47},{"not_picked":["Poisoned Stab","Distraction","PiercingWail+1","Backflip+1"],"picked":"SKIP","floor":48},{"not_picked":["Dagger Throw","Dodge and Roll+1","Escape Plan"],"picked":"Blur+1","floor":54}],"player_experience":120975,"relics_obtained":[{"floor":6.0,"key":"White Beast Statue"},{"floor":9.0,"key":"Frozen Egg 2"},{"floor":11.0,"key":"Unceasing Top"},{"floor":22.0,"key":"Red Mask"},{"floor":23.0,"key":"Tiny Chest"},{"floor":26.0,"key":"War Paint"},{"floor":28.0,"key":"Incense Burner"},{"floor":30.0,"key":"Darkstone Periapt"},{"floor":36,"key":"Bag of Preparation"},{"floor":40,"key":"Mercury Hourglass"},{"floor":42,"key":"PreservedInsect"},{"floor":43,"key":"Juzu Bracelet"},{"floor":44,"key":"Anchor"},{"floor":46,"key":"Bronze Scales"},{"floor":54,"key":"Gremlin Horn"}],"event_choices":[{"damage_healed":0.0,"max_hp_gain":0.0,"max_hp_loss":0.0,"gold_gain":0.0,"event_name":"Scrap Ooze","player_choice":"Success","floor":8.0,"gold_loss":0.0,"damage_taken":3.0,"relics_obtained":["Question Card"]},{"damage_healed":0.0,"max_hp_gain":0.0,"max_hp_loss":0.0,"gold_gain":0.0,"event_name":"The Woman in Blue","player_choice":"Bought 0 Potions","floor":13.0,"gold_loss":0.0,"damage_taken":0.0},{"cards_removed":["Defend_G"],"damage_healed":0.0,"max_hp_gain":0.0,"max_hp_loss":0.0,"gold_gain":0.0,"event_name":"Beggar","player_choice":"Gave Gold","floor":20.0,"gold_loss":75.0,"damage_taken":0.0},{"damage_healed":0.0,"max_hp_gain":0.0,"max_hp_loss":21.0,"gold_gain":0.0,"event_name":"Vampires","player_choice":"Became a vampire","floor":21.0,"gold_loss":0.0,"damage_taken":0.0,"cards_obtained":["Bite","Bite","Bite","Bite","Bite"]},{"damage_healed":0.0,"max_hp_gain":0.0,"max_hp_loss":0.0,"gold_gain":0.0,"event_name":"Masked Bandits","player_choice":"Fought Bandits","floor":22.0,"gold_loss":0.0,"damage_taken":0.0},{"damage_healed":0.0,"max_hp_gain":5.0,"max_hp_loss":0.0,"gold_gain":0.0,"event_name":"Forgotten Altar","player_choice":"Shed Blood","floor":27.0,"gold_loss":0.0,"damage_taken":12.0},{"damage_healed":0,"gold_gain":0,"player_choice":"Memory 3","damage_taken":10,"max_hp_gain":0,"max_hp_loss":0,"event_name":"SensoryStone","floor":37,"gold_loss":0},{"damage_healed":0,"gold_gain":222,"player_choice":"Wore Mask","damage_taken":0,"max_hp_gain":0,"max_hp_loss":0,"event_name":"Tomb of Lord Red Mask","floor":38,"gold_loss":0}],"is_beta":false,"boss_relics":[{"not_picked":["Astrolabe","Pandora\u0027s Box"],"picked":"SlaversCollar"},{"not_picked":["Tiny House","Snecko Eye"],"picked":"HoveringKite"}],"items_purged_floors":[2,19,41],"is_endless":false,"potions_floor_spawned":[4,5,6,11,14,16,18,22,23,25,28,30,33,35,39,40,42,46,47,48,54],"ascension_level":2}}