{"host":"sav7uxregyirlf69","time":1612413811,"event":{"mods":["AchievementEnabler","BaseMod","Colored Map","DeckTracker","Keyboard Shortcuts","Minty Spire (QoL Compilation)","READ ME - Guardian Mod","StSLib","SuperFastMode"],"gold_per_floor":[109,184,195,205,224,224,253,21,48,48,79,79,99,118,118,189,189,207,207,207,26,38,38,64,78,78,78,78],"floor_reached":27,"language":"KOR","playtime":501,"items_purged":["Strike_G"],"score":486,"play_id":"135d318d-8980-4677-9aef-4acaa2c98b2a","local_time":"20210204134331","is_ascension_mode":true,"campfire_choices":[{"data":"Neutralize","floor":6,"key":"SMITH"},{"floor":10,"key":"REST"},{"data":"Eviscerate","floor":12,"key":"SMITH"},{"floor":15,"key":"REST"},{"data":"Bullet Time","floor":23,"key":"SMITH"}],"circlet_count":0,"master_deck":["AscendersBane","Strike_G","Strike_G","Defend_G","Defend_G","Defend_G+1","Defend_G","Defend_G","Survivor","Neutralize+1","Leg Sweep","All Out Attack","Dagger Throw","Eviscerate+1","Corpse Explosion+1","Flash of Steel","Acrobatics","Bullet Time+1","Eviscerate","Backflip","Catalyst","Unload","Prepared","Eviscerate","Terror","Leg Sweep","PiercingWail+1"],"relics":["Ring of the Snake","Vajra","War Paint","Snake Skull","Blood Vial","Sozu","MealTicket"],"acts_visited":["Exordium","TheCity"],"potions_floor_usage":[7,16,27],"damage_taken":[{"damage":0,"enemies":"2 Louse","floor":1,"turns":4},{"damage":0,"enemies":"Jaw Worm","floor":3,"turns":4},{"damage":0,"enemies":"Small Slimes","floor":4,"turns":2},{"damage":18,"enemies":"Exordium Thugs","floor":5,"turns":6},{"damage":21,"enemies":"3 Sentries","floor":7,"turns":8},{"damage":8,"enemies":"Gremlin Nob","floor":11,"turns":3},{"damage":0,"enemies":"2 Fungi Beasts","floor":13,"turns":2},{"damage":6,"enemies":"Large Slime","floor":14,"turns":3},{"damage":14,"enemies":"The Guardian","floor":16,"turns":12},{"damage":4,"enemies":"Chosen","floor":18,"turns":5},{"damage":0,"enemies":"Spheric Guardian","floor":22,"turns":3},{"damage":20,"enemies":"Slavers","floor":24,"turns":3},{"damage":17,"enemies":"Centurion and Healer","floor":25,"turns":4},{"damage":36,"enemies":"Masked Bandits","floor":27,"turns":3}],"seed_played":"-2186239290489534833","potions_obtained":[{"floor":1,"key":"Swift Potion"},{"floor":4,"key":"Weak Potion"},{"floor":5,"key":"ColorlessPotion"},{"floor":16,"key":"Block Potion"}],"is_trial":false,"path_per_floor":["M","?","M","M","M","R","E","$","T","R","E","R","M","M","R","B",null,"M","?","?","$","M","R","E","M","T","?"],"character_chosen":"THE_SILENT","items_purchased":["Flash of Steel","Fire Potion","Prepared","Eviscerate","Terror"],"campfire_rested":2,"item_purchase_floors":[8,8,21,21,21],"current_hp_per_floor":[59,48,48,48,30,30,9,9,9,28,20,20,22,18,37,25,56,54,54,54,54,56,56,38,23,23,0,0],"gold":78,"neow_bonus":"RANDOM_COMMON_RELIC","is_daily":false,"chose_seed":false,"campfire_upgraded":3,"win_rate":0.0,"timestamp":1612413811,"path_taken":["M","?","M","M","M","R","E","$","T","R","E","R","M","M","R","BOSS","M","?","?","?","M","R","E","M","T","?"],"items_purchased_type":["Card","Potion","Card","Card","Card"],"build_version":"2020-12-22","purchased_purges":1,"victory":false,"max_hp_per_floor":[66,66,66,66,66,66,66,66,66,66,66,66,66,66,66,66,66,66,66,66,66,66,66,66,66,66,66,66],"card_choices":[{"not_picked":["Leg Sweep","Bane","Prepared"],"picked":"SKIP","floor":1},{"not_picked":["Bane","Prepared"],"picked":"Leg Sweep","floor":1},{"not_picked":["Catalyst","Slice"],"picked":"All Out Attack","floor":3},{"not_picked":["Sucker Punch","Flying Knee"],"picked":"Dagger Throw","floor":4},{"not_picked":["Underhanded Strike","Dodge and Roll"],"picked":"Eviscerate","floor":5},{"not_picked":["Dash","Slice"],"picked":"Corpse Explosion","floor":7},{"not_picked":["Flying Knee","Slice","Sucker Punch"],"picked":"SKIP","floor":11},{"not_picked":["Finisher","Dodge and Roll","Endless Agony"],"picked":"SKIP","floor":13},{"not_picked":["Poisoned Stab","Crippling Poison"],"picked":"Acrobatics","floor":14},{"not_picked":["Envenom","After Image"],"picked":"Bullet Time","floor":16},{"not_picked":["Dash","Dagger Spray"],"picked":"Eviscerate","floor":18},{"not_picked":["Deflect","Terror","Caltrops+1"],"picked":"SKIP","floor":22},{"not_picked":["Infinite Blades","Flying Knee"],"picked":"Leg Sweep","floor":24},{"not_picked":["Dodge and Roll","Poisoned Stab"],"picked":"PiercingWail+1","floor":25}],"player_experience":1480844,"relics_obtained":[{"floor":7,"key":"War Paint"},{"floor":9,"key":"Snake Skull"},{"floor":11,"key":"Blood Vial"},{"floor":24,"key":"MealTicket"}],"event_choices":[{"damage_healed":0,"gold_gain":75,"player_choice":"Gather Gold","damage_taken":11,"max_hp_gain":0,"max_hp_loss":0,"event_name":"World of Goop","floor":2,"gold_loss":0},{"damage_healed":0,"gold_gain":0,"player_choice":"Read","damage_taken":0,"max_hp_gain":0,"max_hp_loss":0,"event_name":"The Library","floor":19,"gold_loss":0,"cards_obtained":["Backflip"]},{"damage_healed":0,"gold_gain":0,"cards_transformed":["Strike_G","Strike_G"],"player_choice":"Became Test Subject","damage_taken":0,"max_hp_gain":0,"max_hp_loss":0,"event_name":"Drug Dealer","floor":20,"gold_loss":0,"cards_obtained":["Catalyst","Unload"]},{"damage_healed":0,"gold_gain":0,"player_choice":"Fought Bandits","damage_taken":0,"max_hp_gain":0,"max_hp_loss":0,"event_name":"Masked Bandits","floor":27,"gold_loss":0}],"is_beta":false,"boss_relics":[{"not_picked":["SlaversCollar","Runic Dome"],"picked":"Sozu"}],"items_purged_floors":[8],"is_endless":false,"potions_floor_spawned":[1,4,5,14,16,22,24],"killed_by":"Masked Bandits","ascension_level":20}}