{"host":"Vegetablebread","time":1612475528,"event":{"mods":["BaseMod","Bestiary","Minty Spire (QoL Compilation)","Relic Stats","Slay the Relics Exporter"],"gold_per_floor":[12,12,32,55,79,113,113,188,268,307,307,322,322,357,357,453,453,474,24,101,101,51,51,85,85,111,151,70,70,83,83,83,181,181,197,213,213,236,569,569,600,600,649,649,649,649,662,681,681,681,681,681,681,33,62,62,62],"floor_reached":56,"language":"ENG","playtime":13327,"items_purged":["Defend_R","Bash"],"score":1908,"play_id":"297103ed-135d-462d-99b0-4aa5f471b6e3","local_time":"20210204135208","is_ascension_mode":true,"campfire_choices":[{"data":"Perfected Strike","floor":7.0,"key":"SMITH"},{"data":"Feel No Pain","floor":11.0,"key":"SMITH"},{"data":"Dual Wield","floor":15.0,"key":"SMITH"},{"data":"Ghostly","floor":23.0,"key":"SMITH"},{"data":"Ghostly","floor":25.0,"key":"SMITH"},{"data":"Dual Wield","floor":29.0,"key":"SMITH"},{"data":"Metallicize","floor":32.0,"key":"SMITH"},{"data":"Ghostly","floor":40.0,"key":"SMITH"},{"floor":42.0,"key":"REST"},{"floor":45.0,"key":"REST"},{"floor":49.0,"key":"RECALL"},{"data":"Flame Barrier","floor":53.0,"key":"SMITH"}],"circlet_count":0,"master_deck":["AscendersBane","Strike_R+1","Strike_R+1","Strike_R+1","Strike_R+1","Strike_R+1","Defend_R+1","Defend_R+1","Defend_R+1","Perfected Strike+1","Perfected Strike","Dual Wield+1","Feel No Pain+1","Second Wind","Metallicize+1","Offering","Disarm+1","Metallicize","Ghostly+1","Ghostly+1","Ghostly+1","Feel No Pain","Shrug It Off","Dual Wield+1","Fiend Fire","Wild Strike+1","Flame Barrier+1","Second Wind+1","Dark Shackles","Exhume","Second Wind+1","Ghostly+1","Perfected Strike"],"relics":["Burning Blood","Pocketwatch","Ice Cream","Singing Bowl","Nunchaku","Art of War","Mark of Pain","Mummified Hand","Kunai","Oddly Smooth Stone","Pear","Snecko Eye","Ornamental Fan","MealTicket","DollysMirror","Lantern","Anchor","StrikeDummy"],"acts_visited":["Exordium","TheCity","TheBeyond","TheEnding"],"potions_floor_usage":[56,56],"damage_taken":[{"damage":8.0,"enemies":"Jaw Worm","floor":1.0,"turns":5.0},{"damage":0.0,"enemies":"2 Louse","floor":3.0,"turns":2.0},{"damage":1.0,"enemies":"Cultist","floor":4.0,"turns":3.0},{"damage":0.0,"enemies":"2 Fungi Beasts","floor":5.0,"turns":2.0},{"damage":8.0,"enemies":"Gremlin Nob","floor":6.0,"turns":3.0},{"damage":30.0,"enemies":"Lagavulin","floor":10.0,"turns":5.0},{"damage":7.0,"enemies":"Large Slime","floor":12.0,"turns":4.0},{"damage":0.0,"enemies":"3 Sentries","floor":14.0,"turns":8.0},{"damage":25.0,"enemies":"Hexaghost","floor":16.0,"turns":10.0},{"damage":14.0,"enemies":"3 Byrds","floor":18.0,"turns":6.0},{"damage":5.0,"enemies":"Book of Stabbing","floor":24.0,"turns":5.0},{"damage":8.0,"enemies":"Slavers","floor":27.0,"turns":8.0},{"damage":1.0,"enemies":"Chosen","floor":30.0,"turns":8.0},{"damage":15.0,"enemies":"Champ","floor":33.0,"turns":33.0},{"damage":0.0,"enemies":"3 Darklings","floor":35.0,"turns":9.0},{"damage":0.0,"enemies":"Orb Walker","floor":36.0,"turns":2.0},{"damage":7.0,"enemies":"Maw","floor":38.0,"turns":7.0},{"damage":46.0,"enemies":"Reptomancer","floor":41.0,"turns":11.0},{"damage":0.0,"enemies":"Sphere and 2 Shapes","floor":47.0,"turns":4.0},{"damage":0.0,"enemies":"Jaw Worm Horde","floor":48.0,"turns":4.0},{"damage":45.0,"enemies":"Time Eater","floor":50.0,"turns":12.0},{"damage":2.0,"enemies":"Donu and Deca","floor":51.0,"turns":15.0},{"damage":30.0,"enemies":"Shield and Spear","floor":55.0,"turns":15.0},{"damage":33,"enemies":"The Heart","floor":56,"turns":12}],"seed_played":"1200719398479763369","potions_obtained":[{"floor":1.0,"key":"BlessingOfTheForge"},{"floor":3.0,"key":"SkillPotion"},{"floor":10.0,"key":"SkillPotion"},{"floor":12.0,"key":"Fire Potion"},{"floor":16.0,"key":"SpeedPotion"},{"floor":24.0,"key":"FairyPotion"},{"floor":33.0,"key":"SteroidPotion"},{"floor":35.0,"key":"Block Potion"},{"floor":41.0,"key":"LiquidBronze"},{"floor":55.0,"key":"CultistPotion"}],"is_trial":false,"path_per_floor":["M","?","M","M","M","E","R","?","T","E","R","M","?","E","R","B",null,"M","$","T","?","?","R","E","R","T","E","$","R","M","?","R","B",null,"M","M","?","M","?","R","E","R","T","?","R","?","M","M","R","B","B",null,"R","$","E","B"],"character_chosen":"IRONCLAD","items_purchased":["Metallicize","Mummified Hand","Dual Wield","DollysMirror","Lantern","Anchor","PowerPotion"],"campfire_rested":2,"item_purchase_floors":[19,19,28,54,54,54,54],"current_hp_per_floor":[66,66,68,68,68,66,66,55,55,31,31,30,30,38,38,19,57,49,49,49,35,35,35,35,35,35,43,43,43,47,47,47,38,45,47,49,49,48,48,48,8,22,22,16,31,31,37,45,45,22,26,48,48,55,31,0,0],"gold":62,"neow_bonus":"ONE_RARE_RELIC","is_daily":false,"chose_seed":false,"campfire_upgraded":9,"win_rate":0.0,"timestamp":1612475528,"path_taken":["M","?","M","M","M","E","R","?","T","E","R","M","?","E","R","BOSS","M","$","?","?","?","R","E","R","T","E","$","R","?","?","R","BOSS","M","M","?","M","?","R","E","R","T","?","R","?","?","M","R","BOSS","BOSS","R","$","E","BOSS"],"items_purchased_type":["Card","Relic","Card","Relic","Relic","Relic","Potion"],"build_version":"2020-12-18","purchased_purges":2,"victory":false,"max_hp_per_floor":[75,68,68,68,68,68,68,68,68,68,68,68,68,70,70,70,70,70,70,70,35,35,35,35,35,35,45,45,45,47,47,47,47,47,47,49,49,49,49,49,49,49,49,53,53,53,53,55,55,55,55,55,55,55,55,55,55],"relic_stats":{"Nunchaku":[23],"Singing Bowl":12,"counters":[24,193],"Mummified Hand":[201],"Ornamental Fan":[52],"Snecko Eye":[156,187,185,191],"MealTicket":7,"Art of War":[59],"Kunai":[33],"obtain_stats":[{"Ice Cream":6,"Lantern":54,"Pear":27,"Singing Bowl":9,"Golden Idol":2,"Oddly Smooth Stone":26,"Burning Blood":0,"Nunchaku":10,"Anchor":54,"Mummified Hand":19,"Ornamental Fan":41,"DollysMirror":54,"Snecko Eye":34,"MealTicket":43,"Mark of Pain":17,"Art of War":14,"Kunai":24,"StrikeDummy":55,"Pocketwatch":0},{"Ice Cream":5,"Lantern":22,"Pear":12,"Singing Bowl":5,"Golden Idol":1,"Oddly Smooth Stone":11,"Burning Blood":0,"Nunchaku":6,"Anchor":22,"Mummified Hand":10,"Ornamental Fan":18,"DollysMirror":22,"Snecko Eye":14,"MealTicket":18,"Mark of Pain":9,"Art of War":8,"Kunai":11,"StrikeDummy":23,"Pocketwatch":0},{"Ice Cream":15,"Lantern":166,"Pear":61,"Singing Bowl":15,"Golden Idol":5,"Oddly Smooth Stone":53,"Burning Blood":0,"Nunchaku":20,"Anchor":166,"Mummified Hand":48,"Ornamental Fan":131,"DollysMirror":166,"Snecko Eye":102,"MealTicket":131,"Mark of Pain":42,"Art of War":32,"Kunai":53,"StrikeDummy":181,"Pocketwatch":0}],"Burning Blood":109,"Pocketwatch":[411]},"card_choices":[{"not_picked":["Power Through","Blood for Blood"],"picked":"Perfected Strike","floor":1.0},{"not_picked":["Havoc","Combust"],"picked":"Perfected Strike","floor":3.0},{"not_picked":["Seeing Red","Iron Wave","Headbutt"],"picked":"SKIP","floor":4.0},{"not_picked":["True Grit","Sentinel"],"picked":"Dual Wield","floor":5.0},{"not_picked":["Ghostly Armor","Reckless Charge"],"picked":"Feel No Pain","floor":6.0},{"not_picked":["Combust","Seeing Red"],"picked":"Second Wind","floor":10.0},{"not_picked":["Pommel Strike","Twin Strike"],"picked":"Metallicize","floor":12.0},{"not_picked":["Bloodletting","Rupture","Twin Strike"],"picked":"Singing Bowl","floor":14.0},{"not_picked":["Barricade","Juggernaut"],"picked":"Offering","floor":16.0},{"not_picked":["Flex","Armaments"],"picked":"Disarm","floor":18.0},{"not_picked":["Uppercut+1","Blood for Blood"],"picked":"Feel No Pain","floor":24.0},{"not_picked":["Ghostly Armor","Entrench"],"picked":"Shrug It Off","floor":27.0},{"not_picked":["Pommel Strike","Wild Strike","Anger"],"picked":"Singing Bowl","floor":30.0},{"not_picked":["Corruption","Exhume"],"picked":"Fiend Fire","floor":33.0},{"not_picked":["Body Slam","Searing Blow"],"picked":"Wild Strike+1","floor":35.0},{"not_picked":["Clash","Combust+1","Sentinel"],"picked":"Singing Bowl","floor":36.0},{"not_picked":["Clothesline+1","Cleave+1"],"picked":"Flame Barrier","floor":38.0},{"not_picked":["Warcry","Dropkick"],"picked":"Second Wind+1","floor":41.0},{"not_picked":["Dramatic Entrance","Mind Blast","Forethought"],"picked":"Singing Bowl","floor":44.0},{"not_picked":["Apotheosis","Discovery"],"picked":"Dark Shackles","floor":44.0},{"not_picked":["Dark Shackles","Swift Strike","Madness"],"picked":"Singing Bowl","floor":44.0},{"not_picked":["Clothesline","Iron Wave"],"picked":"Second Wind+1","floor":47.0},{"not_picked":["Flex+1","Wild Strike","Warcry"],"picked":"Singing Bowl","floor":48.0},{"not_picked":["Anger","Evolve+1"],"picked":"Perfected Strike","floor":55.0}],"player_experience":10432854,"relics_obtained":[{"floor":6.0,"key":"Ice Cream"},{"floor":9.0,"key":"Singing Bowl"},{"floor":10.0,"key":"Nunchaku"},{"floor":14.0,"key":"Art of War"},{"floor":24.0,"key":"Kunai"},{"floor":26.0,"key":"Oddly Smooth Stone"},{"floor":27.0,"key":"Pear"},{"floor":41.0,"key":"Ornamental Fan"},{"floor":43.0,"key":"MealTicket"},{"floor":55.0,"key":"StrikeDummy"}],"event_choices":[{"damage_healed":0.0,"max_hp_gain":0.0,"max_hp_loss":7.0,"gold_gain":0.0,"event_name":"Golden Idol","player_choice":"Lose Max HP","floor":2.0,"gold_loss":0.0,"damage_taken":0.0,"relics_obtained":["Golden Idol"]},{"damage_healed":0.0,"max_hp_gain":0.0,"max_hp_loss":0.0,"gold_gain":75.0,"event_name":"World of Goop","player_choice":"Gather Gold","floor":8.0,"gold_loss":0.0,"damage_taken":11.0},{"damage_healed":0.0,"max_hp_gain":0.0,"max_hp_loss":0.0,"gold_gain":0.0,"event_name":"Match and Keep!","player_choice":"0 cards matched","floor":13.0,"gold_loss":0.0,"damage_taken":0.0,"cards_obtained":[]},{"damage_healed":0.0,"max_hp_gain":0.0,"max_hp_loss":35.0,"gold_gain":0.0,"event_name":"Ghosts","player_choice":"Became a Ghost","floor":21.0,"gold_loss":0.0,"damage_taken":0.0,"cards_obtained":["Ghostly","Ghostly","Ghostly"]},{"damage_healed":0.0,"max_hp_gain":0.0,"max_hp_loss":0.0,"gold_gain":0.0,"event_name":"Designer","player_choice":"Upgraded Two","floor":22.0,"gold_loss":50.0,"damage_taken":0.0,"cards_upgraded":["Defend_R","Disarm"]},{"damage_healed":0.0,"max_hp_gain":0.0,"max_hp_loss":0.0,"gold_gain":0.0,"event_name":"Back to Basics","player_choice":"Simplicity","floor":31.0,"gold_loss":0.0,"damage_taken":0.0,"cards_upgraded":["Strike_R","Strike_R","Strike_R","Strike_R","Strike_R","Defend_R","Defend_R"]},{"damage_healed":0.0,"max_hp_gain":0.0,"max_hp_loss":0.0,"gold_gain":0.0,"event_name":"Tomb of Lord Red Mask","player_choice":"Ignored","floor":37.0,"gold_loss":0.0,"damage_taken":0.0},{"damage_healed":0.0,"max_hp_gain":0.0,"max_hp_loss":0.0,"gold_gain":333.0,"event_name":"The Moai Head","player_choice":"Gave Idol","floor":39.0,"relics_lost":["Golden Idol"],"gold_loss":0.0,"damage_taken":0.0},{"damage_healed":0.0,"max_hp_gain":0.0,"max_hp_loss":0.0,"gold_gain":0.0,"event_name":"SensoryStone","player_choice":"Memory 3","floor":44.0,"gold_loss":0.0,"damage_taken":10.0},{"damage_healed":0.0,"max_hp_gain":0.0,"max_hp_loss":0.0,"gold_gain":0.0,"event_name":"Match and Keep!","player_choice":"1 cards matched","floor":46.0,"gold_loss":0.0,"damage_taken":0.0,"cards_obtained":["Exhume"]}],"is_beta":true,"boss_relics":[{"not_picked":["Runic Pyramid","Coffee Dripper"],"picked":"Mark of Pain"},{"not_picked":["Calling Bell","Black Star"],"picked":"Snecko Eye"}],"items_purged_floors":[19,54],"is_endless":false,"potions_floor_spawned":[1,3,10,12,16,24,33,35,41,55],"killed_by":"The Heart","ascension_level":20}}