{"host":"3a1ypf1irl30q4k8","time":1612472007,"event":{"mods":["AchievementEnabler","BaseMod","Bestiary","Colored Map","Minty Spire (QoL Compilation)","Relic Stats","ojb\u0027s Info Mod"],"gold_per_floor":[109,109,121,136,151,151,164,164,210,210,225,260,100,118,118,238,238,254,274,274,274,19,19,32,132,157,186,186,199,218,37,37,140,140,140,140],"floor_reached":35,"language":"ENG","playtime":1608,"items_purged":["Strike_P"],"score":474,"play_id":"209c459a-261e-490f-88e0-1954f53b4377","local_time":"20210204205327","is_ascension_mode":true,"campfire_choices":[{"data":"BowlingBash","floor":6.0,"key":"SMITH"},{"data":"Nirvana","floor":10.0,"key":"SMITH"},{"data":"Vigilance","floor":15.0,"key":"SMITH"},{"data":"Fasting2","floor":23.0,"key":"SMITH"},{"data":"Scrawl","floor":28.0,"key":"SMITH"},{"data":"Alpha","floor":32.0,"key":"SMITH"}],"circlet_count":0,"master_deck":["Strike_P","Defend_P","Defend_P","Defend_P","Defend_P","Eruption","Vigilance+1","CutThroughFate","Nirvana+1","CutThroughFate","BowlingBash+1","ClearTheMind","Crescendo","FlurryOfBlows","Fasting2+1","EmptyFist","BattleHymn","Vault","Consecrate+1","MentalFortress+1","Alpha+1","FlurryOfBlows","MentalFortress","EmptyBody","ThirdEye","Scrawl+1","TalkToTheHand","CutThroughFate+1","Halt","Blasphemy"],"relics":["PureWater","Bloody Idol","Vajra","Meat on the Bone","Runic Dome","PreservedInsect","Bag of Marbles","Lee\u0027s Waffle","Velvet Choker"],"acts_visited":["Exordium","TheCity","TheBeyond"],"potions_floor_usage":[],"damage_taken":[{"damage":5.0,"enemies":"Jaw Worm","floor":1.0,"turns":4.0},{"damage":3.0,"enemies":"Cultist","floor":3.0,"turns":4.0},{"damage":1.0,"enemies":"Small Slimes","floor":4.0,"turns":5.0},{"damage":9.0,"enemies":"3 Louse","floor":5.0,"turns":3.0},{"damage":2.0,"enemies":"Blue Slaver","floor":7.0,"turns":2.0},{"damage":0.0,"enemies":"Exordium Wildlife","floor":11.0,"turns":1.0},{"damage":20.0,"enemies":"Lagavulin","floor":12.0,"turns":4.0},{"damage":0.0,"enemies":"2 Fungi Beasts","floor":14.0,"turns":2.0},{"damage":42.0,"enemies":"The Guardian","floor":16.0,"turns":8.0},{"damage":0.0,"enemies":"Spheric Guardian","floor":18.0,"turns":4.0},{"damage":9.0,"enemies":"3 Byrds","floor":19.0,"turns":5.0},{"damage":0.0,"enemies":"Snecko","floor":24.0,"turns":2.0},{"damage":34.0,"enemies":"Slavers","floor":27.0,"turns":5.0},{"damage":9.0,"enemies":"Centurion and Healer","floor":29.0,"turns":4.0},{"damage":12.0,"enemies":"Chosen and Byrds","floor":30.0,"turns":5.0},{"damage":73.0,"enemies":"Automaton","floor":33.0,"turns":9.0},{"damage":0,"enemies":"3 Darklings","floor":35,"turns":1}],"seed_played":"8139009534939732038","potions_obtained":[{"floor":1.0,"key":"SneckoOil"},{"floor":7.0,"key":"Explosive Potion"},{"floor":11.0,"key":"Swift Potion"},{"floor":24.0,"key":"GamblersBrew"},{"floor":27.0,"key":"Regen Potion"},{"floor":30.0,"key":"Ancient Potion"},{"floor":33.0,"key":"SpeedPotion"}],"is_trial":false,"path_per_floor":["M","?","M","M","M","R","M","?","T","R","M","E","$","M","R","B",null,"M","M","?","?","$","R","M","?","T","E","R","M","M","$","R","B",null,"M"],"character_chosen":"WATCHER","items_purchased":["Fasting2","EmptyFist","PreservedInsect","MentalFortress","EmptyBody","Lee\u0027s Waffle","Halt"],"campfire_rested":0,"item_purchase_floors":[13,13,22,22,22,31,31],"current_hp_per_floor":[74,79,76,75,66,66,64,64,64,64,64,44,44,44,44,14,58,58,49,49,49,49,49,54,59,64,47,47,43,50,80,80,24,66,66,66],"gold":140,"neow_bonus":"TEN_PERCENT_HP_BONUS","is_daily":false,"chose_seed":false,"campfire_upgraded":6,"win_rate":0.0,"timestamp":1612472007,"path_taken":["M","?","M","?","M","R","M","?","T","R","M","E","$","M","R","BOSS","M","M","?","?","?","R","M","?","T","E","R","M","M","$","R","BOSS","M"],"items_purchased_type":["Card","Card","Relic","Card","Card","Relic","Card"],"build_version":"2020-12-22","purchased_purges":1,"victory":false,"max_hp_per_floor":[79,79,79,79,79,79,79,73,73,73,73,73,73,73,73,73,73,73,73,73,73,73,73,73,73,73,73,73,73,73,80,80,80,80,80,80],"relic_stats":{"Lee\u0027s Waffle":30,"counters":[17,68],"Bloody Idol":35,"PreservedInsect":41,"obtain_stats":[{"Runic Dome":17,"Lee\u0027s Waffle":31,"Golden Idol":8,"Bloody Idol":21,"Vajra":9,"Velvet Choker":34,"PreservedInsect":22,"Bag of Marbles":27,"PureWater":0,"Meat on the Bone":12},{"Runic Dome":9,"Lee\u0027s Waffle":15,"Golden Idol":5,"Bloody Idol":11,"Vajra":5,"Velvet Choker":16,"PreservedInsect":11,"Bag of Marbles":13,"PureWater":0,"Meat on the Bone":7},{"Runic Dome":33,"Lee\u0027s Waffle":58,"Golden Idol":18,"Bloody Idol":42,"Vajra":18,"Velvet Choker":67,"PreservedInsect":42,"Bag of Marbles":49,"PureWater":0,"Meat on the Bone":23}],"Meat on the Bone":36},"card_choices":[{"not_picked":["Meditate","Prostrate"],"picked":"CutThroughFate","floor":1.0},{"not_picked":["FlurryOfBlows","Protect"],"picked":"Nirvana","floor":3.0},{"not_picked":["Meditate","PathToVictory"],"picked":"CutThroughFate","floor":4.0},{"not_picked":["Halt","ThirdEye"],"picked":"BowlingBash","floor":5.0},{"not_picked":["Prostrate","SashWhip"],"picked":"ClearTheMind","floor":7.0},{"not_picked":["FlyingSleeves","Sanctity"],"picked":"Crescendo","floor":11.0},{"not_picked":["ThirdEye","Evaluate"],"picked":"FlurryOfBlows","floor":12.0},{"not_picked":["DeusExMachina","JustLucky"],"picked":"BattleHymn","floor":14.0},{"not_picked":["DevaForm","Brilliance"],"picked":"Vault","floor":16.0},{"not_picked":["EmptyBody","SashWhip"],"picked":"Consecrate+1","floor":18.0},{"not_picked":["ThirdEye","Halt"],"picked":"MentalFortress+1","floor":19.0},{"not_picked":["Conclude","JustLucky+1"],"picked":"ThirdEye","floor":24.0},{"not_picked":["LikeWater","CrushJoints"],"picked":"Scrawl","floor":27.0},{"not_picked":["Evaluate","SignatureMove"],"picked":"TalkToTheHand","floor":29.0},{"not_picked":["Worship","FollowUp"],"picked":"CutThroughFate+1","floor":30.0},{"not_picked":["Alpha","Brilliance"],"picked":"Blasphemy","floor":33.0}],"player_experience":1323621,"relics_obtained":[{"floor":9.0,"key":"Vajra"},{"floor":12.0,"key":"Meat on the Bone"},{"floor":27.0,"key":"Bag of Marbles"}],"event_choices":[{"damage_healed":5.0,"max_hp_gain":0.0,"max_hp_loss":0.0,"gold_gain":0.0,"event_name":"Wheel of Change","player_choice":"Full Heal","floor":2.0,"gold_loss":0.0,"damage_taken":0.0},{"damage_healed":0.0,"max_hp_gain":0.0,"max_hp_loss":6.0,"gold_gain":0.0,"event_name":"Golden Idol","player_choice":"Lose Max HP","floor":8.0,"gold_loss":0.0,"damage_taken":0.0,"relics_obtained":["Golden Idol"]},{"damage_healed":0.0,"max_hp_gain":0.0,"max_hp_loss":0.0,"gold_gain":0.0,"cards_transformed":["Strike_P","Strike_P"],"event_name":"Drug Dealer","player_choice":"Became Test Subject","floor":20.0,"gold_loss":0.0,"damage_taken":0.0,"cards_obtained":["Alpha","FlurryOfBlows"]},{"damage_healed":0.0,"max_hp_gain":0.0,"max_hp_loss":0.0,"gold_gain":0.0,"event_name":"Forgotten Altar","player_choice":"Gave Idol","floor":21.0,"relics_lost":["Golden Idol"],"gold_loss":0.0,"damage_taken":0.0,"relics_obtained":["Bloody Idol"]},{"damage_healed":0.0,"max_hp_gain":0.0,"max_hp_loss":0.0,"gold_gain":100.0,"event_name":"Golden Shrine","player_choice":"Pray","floor":25.0,"gold_loss":0.0,"damage_taken":0.0}],"is_beta":false,"boss_relics":[{"not_picked":["Calling Bell","Snecko Eye"],"picked":"Runic Dome"},{"not_picked":["Astrolabe","Pandora\u0027s Box"],"picked":"Velvet Choker"}],"items_purged_floors":[13],"is_endless":false,"potions_floor_spawned":[1,7,11,24,27,30,33],"killed_by":"3 Darklings","ascension_level":5}}