{"host":"yx5rao87132cy5xq","time":1612466135,"event":{"mods":["2.2 Compatiblity","AchievementEnabler","BaseMod","Bestiary","Colored Map","Colored Powertips","Minty Spire (QoL Compilation)","Quick Restart","Relic Stats","Slay-I","SuperFastMode"],"gold_per_floor":[114,125,136,136,30,30,105,139,215,230,0,0,30,48,48,48,48],"floor_reached":16,"language":"ENG","playtime":1039,"items_purged":["Strike_R"],"score":204,"play_id":"15daa4b3-faae-4bde-8964-1445e156fe72","local_time":"20210204201535","is_ascension_mode":true,"campfire_choices":[{"data":"Whirlwind","floor":6,"key":"SMITH"},{"floor":12,"key":"REST"},{"data":"Uppercut","floor":15,"key":"SMITH"}],"circlet_count":0,"master_deck":["AscendersBane","Strike_R","Strike_R","Strike_R","Strike_R","Defend_R","Defend_R","Defend_R","Defend_R","Bash","Feed","Whirlwind+1","Cleave","Ghostly Armor","Shrug It Off","Uppercut+1","Wild Strike","Immolate"],"relics":["Burning Blood","Smiling Mask","Bag of Preparation","White Beast Statue","Medical Kit","Ancient Tea Set"],"acts_visited":["Exordium"],"potions_floor_usage":[8,16],"damage_taken":[{"damage":15,"enemies":"Small Slimes","floor":1,"turns":4},{"damage":1,"enemies":"Cultist","floor":2,"turns":3},{"damage":9,"enemies":"2 Louse","floor":3,"turns":2},{"damage":37,"enemies":"Lagavulin","floor":8,"turns":7},{"damage":0,"enemies":"2 Fungi Beasts","floor":10,"turns":2},{"damage":22,"enemies":"3 Sentries","floor":13,"turns":4},{"damage":0,"enemies":"3 Louse","floor":14,"turns":1},{"damage":46,"enemies":"The Guardian","floor":16,"turns":11}],"seed_played":"-4408610514389611079","potions_obtained":[{"floor":1,"key":"BlessingOfTheForge"},{"floor":3,"key":"Fire Potion"},{"floor":10,"key":"Swift Potion"},{"floor":13,"key":"EssenceOfSteel"}],"is_trial":false,"path_per_floor":["M","M","M","?","$","R","?","E","T","M","$","R","E","M","R","B"],"character_chosen":"IRONCLAD","items_purchased":["Shrug It Off","Medical Kit","Wild Strike"],"campfire_rested":1,"item_purchase_floors":[5,11,11],"current_hp_per_floor":[62,67,64,64,64,64,53,22,22,28,28,51,38,44,44,0,0],"gold":48,"neow_bonus":"ONE_RANDOM_RARE_CARD","is_daily":false,"chose_seed":false,"campfire_upgraded":2,"win_rate":0.0,"timestamp":1612466135,"path_taken":["M","M","M","?","?","R","?","E","T","M","$","R","E","M","R","BOSS"],"items_purchased_type":["Card","Relic","Card"],"build_version":"2020-12-22","purchased_purges":1,"victory":false,"max_hp_per_floor":[78,78,78,78,78,78,78,78,78,78,78,78,81,81,81,81,81],"relic_stats":{"counters":[8,34],"Bag of Preparation":[8],"Smiling Mask":25,"Medical Kit":[3],"obtain_stats":[{"Bag of Preparation":8,"Smiling Mask":4,"Medical Kit":11,"Ancient Tea Set":13,"Burning Blood":0,"White Beast Statue":9},{"Bag of Preparation":4,"Smiling Mask":3,"Medical Kit":5,"Ancient Tea Set":6,"Burning Blood":0,"White Beast Statue":4},{"Bag of Preparation":16,"Smiling Mask":9,"Medical Kit":18,"Ancient Tea Set":22,"Burning Blood":0,"White Beast Statue":16}],"Burning Blood":42},"card_choices":[{"not_picked":["Seeing Red","Clothesline"],"picked":"Whirlwind","floor":1},{"not_picked":["Clash","Body Slam"],"picked":"Cleave","floor":2},{"not_picked":["Clothesline","Anger"],"picked":"Ghostly Armor","floor":3},{"not_picked":["Body Slam","Sword Boomerang"],"picked":"Uppercut","floor":8},{"not_picked":["Clothesline","Carnage","Anger"],"picked":"SKIP","floor":10},{"not_picked":["Pommel Strike","Cleave"],"picked":"Immolate","floor":13},{"not_picked":["Whirlwind","Sentinel","Heavy Blade"],"picked":"SKIP","floor":14}],"player_experience":986845,"relics_obtained":[{"floor":8,"key":"Bag of Preparation"},{"floor":9,"key":"White Beast Statue"},{"floor":13,"key":"Ancient Tea Set"}],"event_choices":[{"damage_healed":0,"gold_gain":0,"player_choice":"Gave Potion","damage_taken":0,"relics_obtained":["Smiling Mask"],"max_hp_gain":0,"max_hp_loss":0,"event_name":"WeMeetAgain","floor":4,"gold_loss":0},{"damage_healed":0,"gold_gain":75,"player_choice":"Gather Gold","damage_taken":11,"max_hp_gain":0,"max_hp_loss":0,"event_name":"World of Goop","floor":7,"gold_loss":0}],"is_beta":false,"boss_relics":[],"items_purged_floors":[5],"is_endless":false,"potions_floor_spawned":[1,3,10,13,14],"killed_by":"The Guardian","ascension_level":17}}