{"host":"f5gffvlv6a66yqkd","time":1612457812,"event":{"mods":["2.2 Compatiblity","BaseMod","Colored Map","Custom Start","DeckTracker","Keyboard Shortcuts","Minty Spire (QoL Compilation)","Permanent Neow","Quick Restart","Relic Stats","StSLib","SuperFastMode"],"gold_per_floor":[113,132,132,57,57,57,95,95,95,95,116,41,81,101,101,101,101],"floor_reached":16,"language":"KOR","playtime":273,"items_purged":["Defend_P"],"score":216,"play_id":"1590a1be-a38a-47a1-b1cb-c4e3c2904732","local_time":"20210205015652","is_ascension_mode":true,"campfire_choices":[{"data":"Eruption","floor":6.0,"key":"SMITH"},{"floor":8.0,"key":"REST"},{"floor":15,"key":"REST"}],"circlet_count":0,"master_deck":["AscendersBane","Strike_P","Strike_P","Strike_P","Defend_P","Defend_P","Defend_P","Eruption+1","Vigilance","FollowUp","BowlingBash","Judgement","FlurryOfBlows","MentalFortress"],"relics":["PureWater","Golden Idol","Shuriken","Tiny Chest","Singing Bowl","Du-Vu Doll"],"acts_visited":["Exordium"],"potions_floor_usage":[16],"damage_taken":[{"damage":14.0,"enemies":"Small Slimes","floor":1.0,"turns":2.0},{"damage":7.0,"enemies":"Jaw Worm","floor":2.0,"turns":3.0},{"damage":36.0,"enemies":"Gremlin Nob","floor":7.0,"turns":4.0},{"damage":2.0,"enemies":"Cultist","floor":11.0,"turns":3.0},{"damage":19.0,"enemies":"3 Sentries","floor":13.0,"turns":8.0},{"damage":1,"enemies":"Exordium Thugs","floor":14,"turns":2},{"damage":22,"enemies":"Hexaghost","floor":16,"turns":4}],"seed_played":"8171812308659674453","potions_obtained":[{"floor":13.0,"key":"Energy Potion"},{"floor":14,"key":"GamblersBrew"}],"is_trial":false,"path_per_floor":["M","M","?","?","T","R","E","R","T","$","M","$","E","M","R","B"],"character_chosen":"WATCHER","items_purchased":[],"campfire_rested":2,"item_purchase_floors":[],"current_hp_per_floor":[47,40,40,40,40,40,4,22,22,22,22,22,3,2,21,0,0],"gold":101,"neow_bonus":"THREE_CARDS","is_daily":false,"chose_seed":false,"campfire_upgraded":1,"win_rate":0.0,"timestamp":1612457812,"path_taken":["M","M","?","?","?","R","E","R","T","$","M","$","E","M","R","BOSS"],"items_purchased_type":[],"build_version":"2020-12-22","purchased_purges":1,"victory":false,"max_hp_per_floor":[68,68,62,62,62,62,62,62,62,62,64,64,64,64,64,64,64],"relic_stats":{"Singing Bowl":2,"counters":[7,26],"Golden Idol":24,"Shuriken":[5],"Tiny Chest":0,"obtain_stats":[{"Du-Vu Doll":13,"Singing Bowl":9,"Golden Idol":3,"Shuriken":5,"Tiny Chest":7,"PureWater":0},{"Du-Vu Doll":5,"Singing Bowl":3,"Golden Idol":2,"Shuriken":2,"Tiny Chest":3,"PureWater":0},{"Du-Vu Doll":20,"Singing Bowl":9,"Golden Idol":5,"Shuriken":5,"Tiny Chest":9,"PureWater":0}]},"card_choices":[{"not_picked":["Wireheading","Collect"],"picked":"FollowUp","floor":0.0},{"not_picked":["ClearTheMind","SashWhip"],"picked":"BowlingBash","floor":1.0},{"not_picked":["Crescendo","ClearTheMind","Evaluate"],"picked":"SKIP","floor":2.0},{"not_picked":["CarveReality","WheelKick"],"picked":"Judgement","floor":7.0},{"not_picked":["DeceiveReality","JustLucky","Consecrate"],"picked":"Singing Bowl","floor":11.0},{"not_picked":["JustLucky","Indignation"],"picked":"FlurryOfBlows","floor":13.0},{"not_picked":["BowlingBash","Evaluate"],"picked":"MentalFortress","floor":14}],"player_experience":1645556,"relics_obtained":[{"floor":5.0,"key":"Shuriken"},{"floor":7.0,"key":"Tiny Chest"},{"floor":9.0,"key":"Singing Bowl"},{"floor":13.0,"key":"Du-Vu Doll"}],"event_choices":[{"damage_healed":0.0,"max_hp_gain":0.0,"max_hp_loss":6.0,"gold_gain":0.0,"event_name":"Golden Idol","player_choice":"Lose Max HP","floor":3.0,"gold_loss":0.0,"damage_taken":0.0,"relics_obtained":["Golden Idol"]},{"cards_removed":["Strike_P"],"damage_healed":0.0,"max_hp_gain":0.0,"max_hp_loss":0.0,"gold_gain":0.0,"event_name":"The Cleric","player_choice":"Card Removal","floor":4.0,"gold_loss":75.0,"damage_taken":0.0}],"is_beta":false,"boss_relics":[],"items_purged_floors":[12],"is_endless":false,"potions_floor_spawned":[13,14],"killed_by":"Hexaghost","ascension_level":20}}