{"host":"xhm1ik3sxl6w66st","time":1612452553,"event":{"mods":["BaseMod","Colored Powertips","Downfall","Duelist Mod","Hermit","Jorbs\u0027s Wanderer Trilogy","Marisa????????","Minty Spire (QoL Compilation)","Quick Restart","READ ME - Guardian Mod","Replay The Spire","StSLib","The Bug Knight","The Construct","The Cursed","The Disciple","The Hierophant","The Jungle","The Necromancer","The Runesmith","The Senshi","The Servant 0.9.4"],"gold_per_floor":[99,119,24,48,72,102,174,624,645,545,576,189,189,232,255,357,357,257,283,308,338,366,366,366,366],"floor_reached":23,"language":"ENG","playtime":2390,"items_purged":["hexamod:NightmareGuise"],"score":205,"play_id":"c154aee6-0b43-401c-a688-543096731a7e","local_time":"20210204082913","is_ascension_mode":false,"campfire_choices":[{"floor":1,"key":"RECALL"},{"floor":10,"key":"REST"},{"floor":13,"key":"REST"},{"data":"hexamod:HexaLevel","floor":18,"key":"SMITH"}],"circlet_count":0,"master_deck":["hexamod:Strike","hexamod:Strike","hexamod:Strike+1","hexamod:Strike","hexamod:Defend","hexamod:Defend","hexamod:Defend+1","hexamod:Defend+1","hexamod:Sear","hexamod:Float","hexamod:SecondSeal","hexamod:GhostOfSpireFuture","hexamod:GhostflameBarrier","hexamod:ThermalTransfer","hexamod:SecondSeal","downfall:Icky","downfall:Icky","downfall:Icky","hexamod:NightmareStrike","hexamod:FifthSeal","hexamod:FirstSeal","hexamod:SecondSeal","hexamod:SoulSteal","hexamod:SoulSteal","hexamod:SixthSeal","hexamod:ForkedFlame","hexamod:EmpoweredFlame","hexamod:HexaLevel+1","hexamod:HeatMetal","hexamod:StepThrough","hexamod:RecurringNightmare","hexamod:DynamicBlow"],"relics":["hexamod:SpiritBrand","Centennial Puzzle","ReplayTheSpireMod:Ninjato","downfall:HeartBlessingRed","Matryoshka","Nunchaku","Painkiller Herb","downfall:HeartBlessingGreen"],"acts_visited":["Exordium","TheCity"],"potions_floor_usage":[],"damage_taken":[{"damage":10,"enemies":"Jaw Worm","floor":2,"turns":4},{"damage":0,"enemies":"downfall:FleeingMerchant","floor":3,"turns":4},{"damage":0,"enemies":"2 Louse","floor":4,"turns":4},{"damage":0,"enemies":"Small Slimes","floor":5,"turns":5},{"damage":37,"enemies":"3 Sentries","floor":6,"turns":13},{"damage":14,"enemies":"Red Slaver","floor":9,"turns":5},{"damage":21,"enemies":"Lots of Slimes","floor":11,"turns":5},{"damage":0,"enemies":"downfall:FleeingMerchant","floor":12,"turns":4},{"damage":22,"enemies":"Replay:BlueRogue","floor":14,"turns":7},{"damage":10,"enemies":"Exordium Thugs","floor":15,"turns":3},{"damage":14,"enemies":"WA_ARCHETYPE_RETAIN","floor":16,"turns":7},{"damage":13,"enemies":"Spheric Guardian","floor":19,"turns":5},{"damage":22,"enemies":"3 Byrds","floor":20,"turns":4},{"damage":10,"enemies":"Centurion and Healer","floor":21,"turns":7},{"damage":28,"enemies":"Cultist and Chosen","floor":22,"turns":6},{"damage":19,"enemies":"Sentry and Sphere","floor":23,"turns":2}],"seed_played":"6982193562093920883","potions_obtained":[{"floor":4,"key":"AttackPotion"},{"floor":9,"key":"BlessingOfTheForge"},{"floor":15,"key":"FearPotion"}],"is_trial":false,"path_per_floor":["R","M","$","M","M","E","T","?","M","R","M","$","R","E","M","B",null,"T","?","?","?","?","?"],"character_chosen":"THE_SPIRIT","items_purchased":["hexamod:GhostOfSpireFuture","hexamod:SoulSteal","Matryoshka"],"campfire_rested":2,"item_purchase_floors":[3,12,12],"current_hp_per_floor":[77,67,67,67,67,30,30,30,16,39,18,18,41,26,16,2,77,77,71,49,39,18,0,0,0],"gold":366,"neow_bonus":"TEN_PERCENT_HP_BONUS","is_daily":false,"chose_seed":false,"campfire_upgraded":1,"win_rate":0.0,"timestamp":1612452553,"path_taken":["R","M","$","M","M","E","T","?","M","R","M","$","R","E","M","BOSS","T","?","?","?","?","?"],"items_purchased_type":["Card","Card","Relic"],"build_version":"2020-12-22","purchased_purges":1,"victory":false,"max_hp_per_floor":[77,77,77,77,77,77,77,77,77,77,77,77,77,77,77,77,77,77,77,77,77,77,77,77,77],"card_choices":[{"not_picked":["hexamod:AdvancingGuard","hexamod:FourthSeal"],"picked":"hexamod:NightmareGuise","floor":2},{"not_picked":["hexamod:BacktrackSmack","hexamod:SpectersWail"],"picked":"hexamod:SecondSeal","floor":3},{"not_picked":["hexamod:NightmareGuise","hexamod:AdvancingGuard"],"picked":"hexamod:GhostflameBarrier","floor":4},{"not_picked":["hexamod:BacktrackSmack","hexamod:Again"],"picked":"hexamod:ThermalTransfer","floor":5},{"not_picked":["hexamod:BurningTouch","hexamod:NightmareStrike"],"picked":"hexamod:SecondSeal","floor":6},{"not_picked":["hexamod:NightmareGuise","hexamod:PhantomCloak"],"picked":"hexamod:NightmareStrike","floor":9},{"not_picked":["hexamod:SwordOfDarkness","hexamod:FourthSeal"],"picked":"hexamod:FifthSeal","floor":11},{"not_picked":["hexamod:FourthSeal","hexamod:SecondSeal"],"picked":"hexamod:FirstSeal","floor":12},{"not_picked":["hexamod:Hexaguard","hexamod:PhantomCloak"],"picked":"hexamod:SecondSeal","floor":12},{"not_picked":["hexamod:FirstSeal","hexamod:FourthSeal"],"picked":"hexamod:SixthSeal","floor":14},{"not_picked":["hexamod:AdvancingGuard","hexamod:Again"],"picked":"hexamod:ForkedFlame","floor":14},{"not_picked":["hexamod:StepThrough","hexamod:BacktrackSmack"],"picked":"hexamod:EmpoweredFlame","floor":15},{"not_picked":["hexamod:UnleashSpirits","hexamod:TimeOfNeed"],"picked":"hexamod:HexaLevel","floor":16},{"not_picked":["hexamod:NightmareStrike","hexamod:AdvancingGuard"],"picked":"hexamod:HeatMetal","floor":19},{"not_picked":["hexamod:Hexaguard","hexamod:GhostShield"],"picked":"hexamod:StepThrough","floor":20},{"not_picked":["hexamod:GhostLash","hexamod:TurnItUp"],"picked":"hexamod:RecurringNightmare","floor":21},{"not_picked":["hexamod:BurningTouch","hexamod:HeatShield"],"picked":"hexamod:DynamicBlow","floor":22}],"player_experience":178438,"relics_obtained":[{"floor":6,"key":"Centennial Puzzle"},{"floor":7,"key":"ReplayTheSpireMod:Ninjato"},{"floor":14,"key":"Nunchaku"}],"event_choices":[],"is_beta":false,"boss_relics":[{"not_picked":["Replay:Drink Me","Philosopher\u0027s Stone"],"picked":"Painkiller Herb"}],"items_purged_floors":[12],"is_endless":false,"potions_floor_spawned":[4,9,15,16,22],"killed_by":"Sentry and Sphere","ascension_level":0}}