{"host":"2yqfi47fogfu1ic4","time":1612455232,"event":{"mods":["AchievementEnabler","BaseMod","Colored Map","Colored Powertips","Highlight Path","Minty Spire (QoL Compilation)","Permanent Neow","Relic Stats","StSLib"],"gold_per_floor":[119,130,147,72,72,72,100,115,115,135,135,5,5,5,5,95,95,111,125,125,125,25,25,69,92,118,151,169,169,169,44,44,137,137,160,160,185,185,204,244,244,268,295,295,316,3,3,43,43,43,43,43,43,43,76,76,76],"floor_reached":56,"language":"DEU","playtime":4273,"items_purged":["Strike_G","Strike_G","Defend_G"],"score":1986,"play_id":"d59f5828-702d-43c3-bc42-8961df523c99","local_time":"20210204171352","is_ascension_mode":true,"campfire_choices":[{"data":"Caltrops","floor":6.0,"key":"SMITH"},{"data":"Accuracy","floor":13.0,"key":"SMITH"},{"data":"Bouncing Flask","floor":15.0,"key":"SMITH"},{"data":"Wraith Form v2","floor":23.0,"key":"SMITH"},{"data":"Blade Dance","floor":30.0,"key":"SMITH"},{"data":"Terror","floor":32.0,"key":"SMITH"},{"data":"Phantasmal Killer","floor":41.0,"key":"SMITH"},{"floor":44.0,"key":"RECALL"},{"data":"Master of Strategy","floor":49,"key":"SMITH"},{"data":"Impatience","floor":53,"key":"SMITH"}],"circlet_count":0,"master_deck":["AscendersBane","Defend_G","Defend_G","Defend_G","Defend_G","Survivor","Backstab+1","Caltrops+1","Blade Dance+1","Bouncing Flask+1","Accuracy+1","Backflip","Blade Dance","Wraith Form v2+1","Backflip","Slice+1","Blade Dance","A Thousand Cuts","Terror+1","Finisher+1","PiercingWail","Phantasmal Killer+1","Panacea","Backflip","Dodge and Roll+1","Cloak And Dagger+1","Master of Strategy+1","Impatience+1","Calculated Gamble"],"relics":["Coffee Dripper","Blue Candle","Kunai","Mummified Hand","Golden Idol","Runic Pyramid","Nilry\u0027s Codex","StrikeDummy","Whetstone","Regal Pillow","SlaversCollar","Prayer Wheel","Bronze Scales","Centennial Puzzle"],"acts_visited":["Exordium","TheCity","TheBeyond","TheEnding"],"potions_floor_usage":[50,56],"damage_taken":[{"damage":2.0,"enemies":"Jaw Worm","floor":1.0,"turns":5.0},{"damage":0.0,"enemies":"2 Louse","floor":2.0,"turns":3.0},{"damage":0.0,"enemies":"Cultist","floor":3.0,"turns":4.0},{"damage":41.0,"enemies":"Gremlin Nob","floor":7.0,"turns":4.0},{"damage":0.0,"enemies":"Looter","floor":8.0,"turns":2.0},{"damage":2.0,"enemies":"Exordium Wildlife","floor":10.0,"turns":2.0},{"damage":6.0,"enemies":"Hexaghost","floor":16.0,"turns":7.0},{"damage":9.0,"enemies":"Shell Parasite","floor":18.0,"turns":4.0},{"damage":0.0,"enemies":"Spheric Guardian","floor":19.0,"turns":5.0},{"damage":15.0,"enemies":"Slavers","floor":24.0,"turns":4.0},{"damage":0.0,"enemies":"Cultist and Chosen","floor":25.0,"turns":4.0},{"damage":0.0,"enemies":"Gremlin Leader","floor":27.0,"turns":5.0},{"damage":0.0,"enemies":"Snake Plant","floor":28.0,"turns":3.0},{"damage":0.0,"enemies":"Collector","floor":33.0,"turns":6.0},{"damage":0.0,"enemies":"3 Shapes","floor":35.0,"turns":4.0},{"damage":0.0,"enemies":"Orb Walker","floor":37.0,"turns":3.0},{"damage":25.0,"enemies":"Jaw Worm Horde","floor":39.0,"turns":3.0},{"damage":8.0,"enemies":"Giant Head","floor":40.0,"turns":5.0},{"damage":0.0,"enemies":"Sphere and 2 Shapes","floor":42.0,"turns":4.0},{"damage":0.0,"enemies":"Spire Growth","floor":45.0,"turns":4.0},{"damage":4,"enemies":"Reptomancer","floor":48,"turns":3},{"damage":10,"enemies":"Awakened One","floor":50,"turns":7},{"damage":31,"enemies":"Time Eater","floor":51,"turns":7},{"damage":3,"enemies":"Shield and Spear","floor":55,"turns":5},{"damage":35,"enemies":"The Heart","floor":56,"turns":6}],"seed_played":"-4971624659779977212","potions_obtained":[{"floor":1.0,"key":"EntropicBrew"},{"floor":7.0,"key":"Ancient Potion"},{"floor":24.0,"key":"SkillPotion"},{"floor":25.0,"key":"Energy Potion"},{"floor":28.0,"key":"Ancient Potion"},{"floor":42.0,"key":"EssenceOfSteel"},{"floor":45.0,"key":"Swift Potion"}],"is_trial":false,"path_per_floor":["M","M","M","?","?","R","E","M","T","M","?","$","R","$","R","B",null,"M","M","?","?","$","R","E","M","T","E","M","?","R","$","R","B",null,"M","?","M","?","M","E","R","M","T","R","M","$","?","E","R","B","B",null,"R","$","E","B"],"character_chosen":"THE_SILENT","items_purchased":["Blade Dance","Master of Strategy","Impatience"],"campfire_rested":0,"item_purchase_floors":[12,46,46],"current_hp_per_floor":[57,57,57,57,57,57,16,16,16,14,14,14,14,14,14,8,47,38,38,38,17,17,17,2,2,2,2,2,14,14,14,14,14,49,49,49,49,49,24,16,16,16,16,16,16,16,49,45,45,35,4,38,38,38,35,0,0],"gold":76,"neow_bonus":"BOSS_RELIC","is_daily":false,"chose_seed":false,"campfire_upgraded":9,"win_rate":0.0,"timestamp":1612455232,"path_taken":["M","M","M","?","?","R","E","M","T","?","?","$","R","?","R","BOSS","M","M","?","?","?","R","E","?","T","E","M","?","R","$","R","BOSS","M","?","M","?","M","E","R","M","T","R","M","$","?","E","R","BOSS","BOSS","R","$","E","BOSS"],"items_purchased_type":["Card","Card","Card"],"build_version":"2020-12-22","purchased_purges":3,"victory":false,"max_hp_per_floor":[66,66,66,66,66,66,66,66,66,66,60,60,60,60,60,60,60,60,60,60,60,60,60,60,60,60,60,60,60,60,60,60,60,60,60,60,60,60,60,60,60,60,60,60,60,60,49,49,49,49,49,49,49,49,49,49,49],"relic_stats":{"Regal Pillow":0,"Centennial Puzzle":[3],"counters":[25,109],"Mummified Hand":[85],"Golden Idol":152,"Blue Candle":[0],"Bronze Scales":[138],"Prayer Wheel":2,"Kunai":[72],"Whetstone":["Backstab","Neutralize"],"obtain_stats":[{"Regal Pillow":27,"Golden Idol":11,"Nilry\u0027s Codex":21,"Blue Candle":5,"Whetstone":26,"SlaversCollar":34,"Centennial Puzzle":55,"Mummified Hand":9,"Bronze Scales":48,"Prayer Wheel":40,"Coffee Dripper":0,"Kunai":7,"StrikeDummy":24,"Ring of the Snake":0,"Runic Pyramid":17},{"Regal Pillow":12,"Golden Idol":6,"Nilry\u0027s Codex":9,"Blue Candle":3,"Whetstone":11,"SlaversCollar":14,"Centennial Puzzle":24,"Mummified Hand":5,"Bronze Scales":21,"Prayer Wheel":18,"Coffee Dripper":0,"Kunai":4,"StrikeDummy":10,"Ring of the Snake":0,"Runic Pyramid":7},{"Regal Pillow":49,"Golden Idol":20,"Nilry\u0027s Codex":36,"Blue Candle":12,"Whetstone":44,"SlaversCollar":58,"Centennial Puzzle":103,"Mummified Hand":18,"Bronze Scales":84,"Prayer Wheel":73,"Coffee Dripper":0,"Kunai":16,"StrikeDummy":40,"Ring of the Snake":0,"Runic Pyramid":27}]},"card_choices":[{"not_picked":["Quick Slash","Bane"],"picked":"Backstab","floor":1.0},{"not_picked":["Outmaneuver","Escape Plan"],"picked":"Caltrops","floor":2.0},{"not_picked":["Prepared","Eviscerate"],"picked":"Blade Dance","floor":3.0},{"not_picked":["Flying Knee","Concentrate"],"picked":"Bouncing Flask","floor":7.0},{"not_picked":["Dagger Spray","Backflip"],"picked":"Accuracy","floor":8.0},{"not_picked":["Outmaneuver","Concentrate"],"picked":"Backflip","floor":10.0},{"not_picked":["Envenom","Die Die Die"],"picked":"Wraith Form v2","floor":16.0},{"not_picked":["Heel Hook+1","Riddle With Holes"],"picked":"Backflip","floor":18.0},{"not_picked":["Dagger Spray","Noxious Fumes"],"picked":"Slice+1","floor":19.0},{"not_picked":["Storm of Steel","Finisher"],"picked":"Terror","floor":24.0},{"not_picked":["Slice","Flechettes"],"picked":"Finisher+1","floor":25.0},{"not_picked":["Well Laid Plans","Sucker Punch","Dodge and Roll"],"picked":"SKIP","floor":27.0},{"not_picked":["All Out Attack","Deflect"],"picked":"PiercingWail","floor":28.0},{"not_picked":["Grand Finale","Envenom"],"picked":"Phantasmal Killer","floor":33.0},{"not_picked":["Dagger Throw","Endless Agony","Tactician"],"picked":"SKIP","floor":35.0},{"not_picked":["Flying Knee","Well Laid Plans+1","Dagger Throw"],"picked":"SKIP","floor":37.0},{"not_picked":["Sadistic Nature","Jack Of All Trades"],"picked":"Panacea","floor":38.0},{"not_picked":["Poisoned Stab+1","Skewer"],"picked":"Backflip","floor":39.0},{"not_picked":["Bouncing Flask","Riddle With Holes","Cloak And Dagger"],"picked":"SKIP","floor":40.0},{"not_picked":["Concentrate+1","Dagger Throw+1"],"picked":"Dodge and Roll+1","floor":42.0},{"not_picked":["Predator+1","Deadly Poison","Flying Knee"],"picked":"SKIP","floor":42.0},{"not_picked":["Noxious Fumes","Footwork+1"],"picked":"Cloak And Dagger+1","floor":45.0},{"not_picked":["Dodge and Roll","Choke","Underhanded Strike+1"],"picked":"SKIP","floor":45.0},{"not_picked":["Underhanded Strike","Corpse Explosion"],"picked":"Calculated Gamble","floor":48},{"not_picked":["Well Laid Plans+1","Dagger Throw","Dash"],"picked":"SKIP","floor":55}],"player_experience":1619888,"relics_obtained":[{"floor":5.0,"key":"Blue Candle"},{"floor":7.0,"key":"Kunai"},{"floor":9.0,"key":"Mummified Hand"},{"floor":21.0,"key":"Nilry\u0027s Codex"},{"floor":24.0,"key":"StrikeDummy"},{"floor":26.0,"key":"Whetstone"},{"floor":27.0,"key":"Regal Pillow"},{"floor":40.0,"key":"Prayer Wheel"},{"floor":48,"key":"Bronze Scales"},{"floor":55,"key":"Centennial Puzzle"}],"event_choices":[{"cards_removed":["Strike_G"],"damage_healed":0.0,"max_hp_gain":0.0,"max_hp_loss":0.0,"gold_gain":0.0,"event_name":"The Cleric","player_choice":"Card Removal","floor":4.0,"gold_loss":75.0,"damage_taken":0.0},{"damage_healed":0.0,"max_hp_gain":0.0,"max_hp_loss":0.0,"gold_gain":0.0,"event_name":"Wheel of Change","player_choice":"Relic","floor":5.0,"gold_loss":0.0,"damage_taken":0.0},{"damage_healed":0.0,"max_hp_gain":0.0,"max_hp_loss":6.0,"gold_gain":0.0,"event_name":"Golden Idol","player_choice":"Lose Max HP","floor":11.0,"gold_loss":0.0,"damage_taken":0.0,"relics_obtained":["Golden Idol"]},{"damage_healed":0.0,"max_hp_gain":0.0,"max_hp_loss":0.0,"gold_gain":0.0,"cards_transformed":["Strike_G","Strike_G"],"event_name":"Drug Dealer","player_choice":"Became Test Subject","floor":20.0,"gold_loss":0.0,"damage_taken":0.0,"cards_obtained":["Blade Dance","A Thousand Cuts"]},{"damage_healed":0.0,"max_hp_gain":0.0,"max_hp_loss":0.0,"gold_gain":0.0,"event_name":"Cursed Tome","player_choice":"Obtained Book","floor":21.0,"gold_loss":0.0,"damage_taken":21.0},{"damage_healed":12.0,"max_hp_gain":0.0,"max_hp_loss":0.0,"gold_gain":0.0,"event_name":"The Library","player_choice":"Heal","floor":29.0,"gold_loss":0.0,"damage_taken":0.0},{"cards_removed":["Neutralize"],"damage_healed":0.0,"max_hp_gain":0.0,"max_hp_loss":0.0,"gold_gain":0.0,"event_name":"Falling","player_choice":"Removed Attack","floor":36.0,"gold_loss":0.0,"damage_taken":0.0},{"damage_healed":0.0,"max_hp_gain":0.0,"max_hp_loss":0.0,"gold_gain":0.0,"event_name":"SensoryStone","player_choice":"Memory 1","floor":38.0,"gold_loss":0.0,"damage_taken":0.0},{"damage_healed":49,"gold_gain":0,"player_choice":"Heal","damage_taken":0,"max_hp_gain":0,"max_hp_loss":11,"event_name":"The Moai Head","floor":47,"gold_loss":0}],"is_beta":false,"boss_relics":[{"not_picked":["Snecko Eye","Ectoplasm"],"picked":"Runic Pyramid"},{"not_picked":["Busted Crown","Sozu"],"picked":"SlaversCollar"}],"items_purged_floors":[12,22,31],"is_endless":false,"potions_floor_spawned":[1,7,24,25,28,42,45,48],"killed_by":"The Heart","ascension_level":20}}