{"host":"ryuep8ewa00k39z9","time":1612452470,"event":{"mods":["AchievementEnabler","BaseMod","Best Route Mod","Colored Map","Colored Powertips","Displayed Cursed Tome","Highlight Path","Minty Spire (QoL Compilation)","Quick Restart","SuperFastMode"],"gold_per_floor":[118,130,130,147,163,163,198,198,198,198,198,209,227,227,227,325,325,339,351,351,351,49,75,75,92,119,119,218,21,34,44,44,146,146,157,177,177,227,273,299,299,338,338,338,350,350,370,388,388,388,388],"floor_reached":50,"language":"ENG","playtime":2285,"items_purged":["Defend_B","Strike_B"],"score":809,"play_id":"87df8236-908b-48b8-8341-9ce97a36dd2a","local_time":"20210204092750","is_ascension_mode":true,"campfire_choices":[{"data":"Defragment","floor":6.0,"key":"SMITH"},{"floor":8.0,"key":"REST"},{"data":"Defragment","floor":10.0,"key":"SMITH"},{"floor":15.0,"key":"REST"},{"floor":24.0,"key":"REST"},{"floor":27.0,"key":"REST"},{"data":"Fission","floor":32.0,"key":"SMITH"},{"floor":41.0,"key":"REST"},{"floor":44.0,"key":"REST"},{"floor":49.0,"key":"REST"}],"circlet_count":0,"master_deck":["AscendersBane","Strike_B","Strike_B","Defend_B","Defend_B","Defend_B","Zap","Dualcast","Defragment+1","Electrodynamics","Tempest","Defragment+1","Fission+1","Conserve Battery+1","Ball Lightning+1","Ball Lightning+1","Biased Cognition","Amplify","Leap+1","Force Field+1","Chaos+1","Melter+1"],"relics":["FrozenCore","Emotion Chip","Blood Vial","Symbiotic Virus","Akabeko","Nuclear Battery","CaptainsWheel","Dead Branch","DataDisk","CeramicFish","Meat on the Bone"],"acts_visited":["Exordium","TheCity","TheCity","TheBeyond"],"potions_floor_usage":[50,50],"damage_taken":[{"damage":0.0,"enemies":"Cultist","floor":1.0,"turns":3.0},{"damage":4.0,"enemies":"Jaw Worm","floor":2.0,"turns":4.0},{"damage":0.0,"enemies":"2 Louse","floor":4.0,"turns":2.0},{"damage":0.0,"enemies":"Gremlin Gang","floor":5.0,"turns":1.0},{"damage":30.0,"enemies":"Lagavulin","floor":7.0,"turns":5.0},{"damage":8.0,"enemies":"Large Slime","floor":12.0,"turns":4.0},{"damage":24.0,"enemies":"Exordium Wildlife","floor":13.0,"turns":2.0},{"damage":16.0,"enemies":"The Guardian","floor":16.0,"turns":6.0},{"damage":35.0,"enemies":"3 Byrds","floor":18.0,"turns":4.0},{"damage":16.0,"enemies":"Spheric Guardian","floor":19.0,"turns":6.0},{"damage":18.0,"enemies":"Gremlin Leader","floor":23.0,"turns":4.0},{"damage":13.0,"enemies":"Centurion and Healer","floor":25.0,"turns":4.0},{"damage":5.0,"enemies":"Snake Plant","floor":30.0,"turns":2.0},{"damage":10.0,"enemies":"Cultist and Chosen","floor":31.0,"turns":4.0},{"damage":37.0,"enemies":"Collector","floor":33.0,"turns":7.0},{"damage":3.0,"enemies":"3 Darklings","floor":35.0,"turns":3.0},{"damage":6.0,"enemies":"3 Shapes","floor":36.0,"turns":3.0},{"damage":0.0,"enemies":"Mind Bloom Boss Battle","floor":38.0,"turns":4.0},{"damage":10.0,"enemies":"2 Orb Walkers","floor":39.0,"turns":3.0},{"damage":23.0,"enemies":"Giant Head","floor":40.0,"turns":6.0},{"damage":52.0,"enemies":"Nemesis","floor":42.0,"turns":7.0},{"damage":6.0,"enemies":"3 Darklings","floor":45.0,"turns":2.0},{"damage":28.0,"enemies":"Spire Growth","floor":47.0,"turns":3.0},{"damage":0.0,"enemies":"Sphere and 2 Shapes","floor":48.0,"turns":3.0},{"damage":86,"enemies":"Awakened One","floor":50,"turns":9}],"seed_played":"618032887966797525","potions_obtained":[{"floor":1.0,"key":"Fire Potion"},{"floor":4.0,"key":"PotionOfCapacity"},{"floor":12.0,"key":"Dexterity Potion"},{"floor":13.0,"key":"PowerPotion"},{"floor":18.0,"key":"FocusPotion"},{"floor":21.0,"key":"EssenceOfDarkness"},{"floor":23.0,"key":"ColorlessPotion"},{"floor":31.0,"key":"SteroidPotion"},{"floor":39.0,"key":"PowerPotion"},{"floor":42.0,"key":"SneckoOil"},{"floor":45.0,"key":"PowerPotion"},{"floor":47.0,"key":"SteroidPotion"}],"is_trial":false,"path_per_floor":["M","M","?","M","M","R","E","R","T","R","?","M","M","?","R","B",null,"M","M","?","?","$","E","R","M","T","R","?","$","M","M","R","B",null,"M","M","?","?","?","E","R","E","T","R","M","?","M","M","R","B"],"character_chosen":"DEFECT","items_purchased":["Blood Vial","Storm","EntropicBrew"],"campfire_rested":7,"item_purchase_floors":[22,22,29],"current_hp_per_floor":[64,60,60,60,60,60,30,56,56,56,56,48,24,24,50,34,75,40,24,24,24,24,8,34,23,23,49,49,49,46,38,38,3,68,67,63,63,65,57,36,62,12,12,38,46,46,32,46,72,0,0],"gold":388,"neow_bonus":"TWENTY_PERCENT_HP_BONUS","is_daily":false,"chose_seed":false,"campfire_upgraded":3,"win_rate":0.0,"timestamp":1612452470,"path_taken":["M","?","?","M","M","R","E","R","T","R","?","M","?","?","R","BOSS","M","M","?","?","$","E","R","?","T","R","?","$","M","M","R","BOSS","M","M","?","?","?","E","R","E","T","R","M","?","M","M","R","BOSS"],"items_purchased_type":["Relic","Card","Potion"],"build_version":"2020-12-22","purchased_purges":2,"victory":false,"max_hp_per_floor":[89,89,89,89,89,89,89,89,89,89,89,89,89,89,89,89,89,89,89,89,89,89,89,89,89,89,89,89,89,89,89,89,89,89,89,89,89,89,89,89,89,89,89,89,89,89,89,89,89,89,89],"card_choices":[{"not_picked":["Steam","Hello World"],"picked":"Defragment","floor":1.0},{"not_picked":["Stack","Turbo","FTL"],"picked":"SKIP","floor":2.0},{"not_picked":["BootSequence","Sweeping Beam"],"picked":"Electrodynamics","floor":4.0},{"not_picked":["Skim","BootSequence"],"picked":"Tempest","floor":5.0},{"not_picked":["Undo","BootSequence"],"picked":"Defragment","floor":7.0},{"not_picked":["Go for the Eyes","Streamline","Coolheaded"],"picked":"SKIP","floor":12.0},{"not_picked":["Scrape","Beam Cell","Sweeping Beam"],"picked":"SKIP","floor":13.0},{"not_picked":["All For One","Seek"],"picked":"Fission","floor":16.0},{"not_picked":["Glacier","Beam Cell"],"picked":"Conserve Battery+1","floor":18.0},{"not_picked":["Chaos","Chill","Heatsinks"],"picked":"SKIP","floor":19.0},{"not_picked":["Hologram+1","Rainbow"],"picked":"Ball Lightning+1","floor":23.0},{"not_picked":["Leap","Hologram"],"picked":"Ball Lightning+1","floor":25.0},{"not_picked":["Hologram","Stack+1","Reprogram"],"picked":"SKIP","floor":30.0},{"not_picked":["Double Energy","Turbo"],"picked":"Biased Cognition","floor":31.0},{"not_picked":["Echo Form","Reboot"],"picked":"Amplify","floor":33.0},{"not_picked":["Hologram+1","Go for the Eyes+1"],"picked":"Leap+1","floor":35.0},{"not_picked":["Go for the Eyes+1","Leap","Cold Snap"],"picked":"SKIP","floor":36.0},{"not_picked":["Recycle","Leap"],"picked":"Force Field+1","floor":38.0},{"not_picked":["Ball Lightning","Scrape+1","Genetic Algorithm+1"],"picked":"SKIP","floor":40.0},{"not_picked":["Hello World+1","White Noise"],"picked":"Chaos+1","floor":42.0},{"not_picked":["Coolheaded+1","Streamline","Beam Cell"],"picked":"SKIP","floor":45.0},{"not_picked":["Reprogram+1","Stack"],"picked":"Melter+1","floor":47.0},{"not_picked":["Barrage+1","Streamline","Gash"],"picked":"SKIP","floor":48.0}],"player_experience":3951943,"relics_obtained":[{"floor":7.0,"key":"Emotion Chip"},{"floor":23.0,"key":"Symbiotic Virus"},{"floor":26.0,"key":"Akabeko"},{"floor":38.0,"key":"CaptainsWheel"},{"floor":39.0,"key":"Dead Branch"},{"floor":40.0,"key":"DataDisk"},{"floor":42.0,"key":"CeramicFish"},{"floor":43.0,"key":"Meat on the Bone"}],"event_choices":[{"damage_healed":0.0,"max_hp_gain":0.0,"max_hp_loss":0.0,"gold_gain":0.0,"event_name":"Shining Light","player_choice":"Ignored","floor":3.0,"gold_loss":0.0,"damage_taken":0.0},{"damage_healed":0.0,"max_hp_gain":0.0,"max_hp_loss":0.0,"gold_gain":0.0,"event_name":"FaceTrader","player_choice":"Leave","floor":11.0,"gold_loss":0.0,"damage_taken":0.0},{"damage_healed":0.0,"max_hp_gain":0.0,"max_hp_loss":0.0,"gold_gain":0.0,"event_name":"Scrap Ooze","player_choice":"Fled","floor":14.0,"gold_loss":0.0,"damage_taken":0.0},{"cards_removed":["Strike_B"],"damage_healed":0.0,"max_hp_gain":0.0,"max_hp_loss":0.0,"gold_gain":0.0,"event_name":"Back to Basics","player_choice":"Elegance","floor":20.0,"gold_loss":0.0,"damage_taken":0.0},{"damage_healed":0.0,"max_hp_gain":0.0,"max_hp_loss":0.0,"gold_gain":0.0,"event_name":"Lab","player_choice":"Got Potions","floor":21.0,"gold_loss":0.0,"damage_taken":0.0},{"damage_healed":0.0,"max_hp_gain":0.0,"max_hp_loss":0.0,"gold_gain":99.0,"event_name":"Nest","player_choice":"Stole From Cult","floor":28.0,"gold_loss":0.0,"damage_taken":0.0},{"cards_removed":["Storm"],"damage_healed":0.0,"max_hp_gain":0.0,"max_hp_loss":0.0,"gold_gain":0.0,"event_name":"Falling","player_choice":"Removed Power","floor":37.0,"gold_loss":0.0,"damage_taken":0.0},{"damage_healed":0.0,"max_hp_gain":0.0,"max_hp_loss":0.0,"gold_gain":0.0,"event_name":"MindBloom","player_choice":"Fight","floor":38.0,"gold_loss":0.0,"damage_taken":0.0},{"damage_healed":0.0,"max_hp_gain":0.0,"max_hp_loss":0.0,"gold_gain":0.0,"event_name":"Mysterious Sphere","player_choice":"Fight","floor":39.0,"gold_loss":0.0,"damage_taken":0.0},{"damage_healed":0.0,"max_hp_gain":0.0,"max_hp_loss":0.0,"gold_gain":0.0,"event_name":"SensoryStone","player_choice":"Memory 1","floor":46.0,"gold_loss":0.0,"damage_taken":0.0}],"is_beta":false,"boss_relics":[{"not_picked":["Calling Bell","Runic Dome"],"picked":"FrozenCore"},{"not_picked":["Runic Pyramid","Snecko Eye"],"picked":"Nuclear Battery"}],"items_purged_floors":[22,29],"is_endless":false,"potions_floor_spawned":[1,4,12,13,18,23,31,39,42,45,47],"killed_by":"Awakened One","ascension_level":11}}