{"host":"p1xsuo25udtrkbq2","time":1612420430,"event":{"mods":["BaseMod","Colored Map","Googly Eyes","Highlight Path","Minty Spire (QoL Compilation)","Quick Restart","Rare Cards Sparkle","Relic Stats","Slay the Relics Exporter","StSLib","everything is the same but u backflip on backflip"],"gold_per_floor":[112,127,227,69,45,70,88,88,113,146,157,157,177,187,187,258,258,268,288,338,351,381,381,381],"floor_reached":23,"language":"ENG","playtime":1311,"items_purged":[],"score":422,"play_id":"0e8230f8-638b-43ea-b5e3-e8844a975f3c","local_time":"20210204013350","is_ascension_mode":true,"campfire_choices":[{"data":"Noxious Fumes","floor":8.0,"key":"SMITH"},{"data":"Bouncing Flask","floor":12.0,"key":"SMITH"},{"floor":15.0,"key":"REST"}],"circlet_count":0,"master_deck":["AscendersBane","Strike_G","Strike_G","Strike_G","Strike_G","Strike_G","Defend_G","Defend_G","Defend_G","Defend_G","Defend_G","Survivor","Neutralize","Poisoned Stab","Dash","Deadly Poison","Bouncing Flask+1","Noxious Fumes+1","Outmaneuver","Blade Dance","Backflip","Bouncing Flask","Malaise","Cloak And Dagger+1","Bane","Venomology"],"relics":["Ring of the Snake","NeowsBlessing","PreservedInsect","Bag of Preparation","Snake Skull","Regal Pillow","Cursed Key","Red Mask"],"acts_visited":["Exordium","TheCity"],"potions_floor_usage":[22,22,22],"damage_taken":[{"damage":0.0,"enemies":"Jaw Worm","floor":1.0,"turns":1.0},{"damage":0.0,"enemies":"Cultist","floor":2.0,"turns":1.0},{"damage":0.0,"enemies":"Lagavulin","floor":6.0,"turns":1.0},{"damage":4.0,"enemies":"Small Slimes","floor":7.0,"turns":3.0},{"damage":6.0,"enemies":"Gremlin Nob","floor":10.0,"turns":3.0},{"damage":6.0,"enemies":"Looter","floor":11.0,"turns":3.0},{"damage":10.0,"enemies":"Gremlin Gang","floor":13.0,"turns":4.0},{"damage":0.0,"enemies":"3 Louse","floor":14.0,"turns":4.0},{"damage":19.0,"enemies":"Hexaghost","floor":16.0,"turns":6.0},{"damage":2.0,"enemies":"Chosen","floor":18.0,"turns":3.0},{"damage":13.0,"enemies":"2 Thieves","floor":19.0,"turns":5.0},{"damage":14.0,"enemies":"Centurion and Healer","floor":21.0,"turns":6.0},{"damage":18,"enemies":"Masked Bandits","floor":22,"turns":4},{"damage":20,"enemies":"Slavers","floor":23,"turns":2}],"seed_played":"-6438364123989400250","potions_obtained":[{"floor":2.0,"key":"Strength Potion"},{"floor":7.0,"key":"DistilledChaos"},{"floor":19.0,"key":"GhostInAJar"},{"floor":21.0,"key":"Fire Potion"},{"floor":22,"key":"Fruit Juice"}],"is_trial":false,"path_per_floor":["M","M","?","$","$","E","M","R","T","E","M","R","M","M","R","B",null,"M","M","?","M","?","E"],"character_chosen":"THE_SILENT","items_purchased":["PreservedInsect","Deadly Poison"],"campfire_rested":1,"item_purchase_floors":[4,5],"current_hp_per_floor":[59,59,59,59,59,59,55,55,55,49,43,43,33,33,66,47,61,59,46,46,32,19,0,0],"gold":381,"neow_bonus":"THREE_ENEMY_KILL","is_daily":false,"chose_seed":false,"campfire_upgraded":2,"win_rate":0.0,"timestamp":1612420430,"path_taken":["M","M","?","?","$","E","M","R","T","E","?","R","M","M","R","BOSS","M","M","?","M","?","E"],"items_purchased_type":["Relic","Card"],"build_version":"2020-12-22","purchased_purges":0,"victory":false,"max_hp_per_floor":[66,66,66,66,66,66,66,66,66,66,66,66,66,66,66,66,66,66,66,66,66,71,71,71],"relic_stats":{"Regal Pillow":14,"counters":[14,46],"PreservedInsect":71,"Snake Skull":[87],"Bag of Preparation":[22],"Cursed Key":0,"obtain_stats":[{"Regal Pillow":10,"NeowsBlessing":0,"PreservedInsect":4,"Snake Skull":9,"Bag of Preparation":6,"Red Mask":22,"Cursed Key":17,"Ring of the Snake":0},{"Regal Pillow":5,"NeowsBlessing":0,"PreservedInsect":2,"Snake Skull":4,"Bag of Preparation":3,"Red Mask":13,"Cursed Key":9,"Ring of the Snake":0},{"Regal Pillow":9,"NeowsBlessing":0,"PreservedInsect":2,"Snake Skull":6,"Bag of Preparation":3,"Red Mask":44,"Cursed Key":26,"Ring of the Snake":0}],"Ring of the Snake":[28]},"card_choices":[{"not_picked":["Setup","Heel Hook"],"picked":"Poisoned Stab","floor":1.0},{"not_picked":["Sucker Punch","Acrobatics"],"picked":"Dash","floor":2.0},{"not_picked":["PiercingWail","A Thousand Cuts"],"picked":"Bouncing Flask","floor":6.0},{"not_picked":["Dodge and Roll","All Out Attack"],"picked":"Noxious Fumes","floor":7.0},{"not_picked":["Terror","Reflex"],"picked":"Outmaneuver","floor":10.0},{"not_picked":["Setup","Riddle With Holes"],"picked":"Blade Dance","floor":11.0},{"not_picked":["Deadly Poison","Slice"],"picked":"Backflip","floor":13.0},{"not_picked":["Cloak And Dagger","Flying Knee"],"picked":"Bouncing Flask","floor":14.0},{"not_picked":["Grand Finale","A Thousand Cuts"],"picked":"Malaise","floor":16.0},{"not_picked":["Cloak And Dagger","Flying Knee","Dodge and Roll"],"picked":"SKIP","floor":18.0},{"not_picked":["Masterful Stab","Deflect"],"picked":"Cloak And Dagger+1","floor":19.0},{"not_picked":["Distraction","Dodge and Roll"],"picked":"Bane","floor":21.0},{"not_picked":["Skewer","Bane"],"picked":"Venomology","floor":22}],"player_experience":979414,"relics_obtained":[{"floor":6.0,"key":"Bag of Preparation"},{"floor":9.0,"key":"Snake Skull"},{"floor":10.0,"key":"Regal Pillow"},{"floor":22,"key":"Red Mask"}],"event_choices":[{"damage_healed":0.0,"max_hp_gain":0.0,"max_hp_loss":0.0,"gold_gain":100.0,"event_name":"Wheel of Change","player_choice":"Gold","floor":3.0,"gold_loss":0.0,"damage_taken":0.0},{"damage_healed":0.0,"max_hp_gain":0.0,"max_hp_loss":0.0,"gold_gain":50.0,"event_name":"Nest","player_choice":"Stole From Cult","floor":20.0,"gold_loss":0.0,"damage_taken":0.0},{"damage_healed":0,"gold_gain":0,"player_choice":"Fought Bandits","damage_taken":0,"max_hp_gain":0,"max_hp_loss":0,"event_name":"Masked Bandits","floor":22,"gold_loss":0}],"is_beta":false,"boss_relics":[{"not_picked":["Empty Cage","Snecko Eye"],"picked":"Cursed Key"}],"items_purged_floors":[],"is_endless":false,"potions_floor_spawned":[2,7,14,16,19,21,22],"killed_by":"Slavers","ascension_level":17}}