{"host":"sxnl403xm2xmiyj1","time":1612430586,"event":{"mods":["AchievementEnabler","BaseMod","Colored Map","Keyboard Shortcuts","Minty Spire (QoL Compilation)","Quick Restart","StSLib","SuperFastMode"],"gold_per_floor":[116,135,150,41,57,57,87,87,111,158,183,270,357,387,399,508,520,547,47,61,72,83,83,118,118,118,131,230,256,1,1,1,101,101,113,133,153,169,180,180,212,212,212,247,258,292,309,324,324,324,324],"floor_reached":50,"language":"KOR","playtime":1102,"items_purged":["Strike_R","Strike_R"],"score":879,"play_id":"94c701d2-9a58-482e-a559-9729b6479ad9","local_time":"20210204182306","is_ascension_mode":true,"campfire_choices":[{"data":"Inflame","floor":6.0,"key":"SMITH"},{"data":"Inflame","floor":8.0,"key":"SMITH"},{"floor":15.0,"key":"REST"},{"floor":23.0,"key":"REST"},{"data":"Demon Form","floor":25.0,"key":"SMITH"},{"floor":32.0,"key":"REST"},{"data":"Pummel","floor":40.0,"key":"SMITH"},{"floor":42.0,"key":"REST"},{"floor":49.0,"key":"REST"}],"circlet_count":0,"master_deck":["Strike_R","Strike_R","Strike_R","Defend_R+1","Defend_R","Defend_R+1","Defend_R","Bash","Pummel+1","Dropkick","Inflame+1","Inflame+1","Heavy Blade","Twin Strike","Battle Trance","Blood for Blood","Twin Strike","Double Tap","CurseOfTheBell","Metallicize+1","Ghostly Armor","Inflame+1","Shrug It Off","Uppercut+1","Demon Form+1","Shockwave","Twin Strike","Spot Weakness+1","Twin Strike","Metallicize+1","Double Tap","Metallicize","Disarm+1"],"relics":["Burning Blood","Torii","PreservedInsect","MawBank","Potion Belt","Calling Bell","Lantern","Singing Bowl","Ice Cream","War Paint","DollysMirror","Orichalcum","Sundial","Centennial Puzzle","Bag of Marbles","Sozu","Molten Egg 2","Shuriken","Vajra","Oddly Smooth Stone"],"acts_visited":["Exordium","TheCity","TheBeyond"],"potions_floor_usage":[],"damage_taken":[{"damage":7.0,"enemies":"2 Louse","floor":1.0,"turns":2.0},{"damage":1.0,"enemies":"Small Slimes","floor":2.0,"turns":4.0},{"damage":6.0,"enemies":"Cultist","floor":3.0,"turns":3.0},{"damage":21.0,"enemies":"Blue Slaver","floor":5.0,"turns":3.0},{"damage":0.0,"enemies":"Lagavulin","floor":7.0,"turns":4.0},{"damage":18.0,"enemies":"Gremlin Nob","floor":10.0,"turns":3.0},{"damage":31.0,"enemies":"Lots of Slimes","floor":11.0,"turns":4.0},{"damage":5.0,"enemies":"Gremlin Gang","floor":14.0,"turns":4.0},{"damage":22.0,"enemies":"The Guardian","floor":16.0,"turns":9.0},{"damage":43.0,"enemies":"2 Thieves","floor":18.0,"turns":5.0},{"damage":1.0,"enemies":"Chosen","floor":20.0,"turns":3.0},{"damage":9.0,"enemies":"3 Cultists","floor":21.0,"turns":5.0},{"damage":15.0,"enemies":"Centurion and Healer","floor":22.0,"turns":5.0},{"damage":25.0,"enemies":"Slavers","floor":24.0,"turns":4.0},{"damage":15.0,"enemies":"Cultist and Chosen","floor":27.0,"turns":6.0},{"damage":2.0,"enemies":"Gremlin Leader","floor":29.0,"turns":5.0},{"damage":22.0,"enemies":"Champ","floor":33.0,"turns":7.0},{"damage":1.0,"enemies":"3 Shapes","floor":35.0,"turns":4.0},{"damage":24.0,"enemies":"3 Darklings","floor":36.0,"turns":6.0},{"damage":10.0,"enemies":"Transient","floor":37.0,"turns":5.0},{"damage":21.0,"enemies":"Maw","floor":38.0,"turns":6.0},{"damage":21.0,"enemies":"4 Shapes","floor":39.0,"turns":5.0},{"damage":13.0,"enemies":"Reptomancer","floor":41.0,"turns":4.0},{"damage":0.0,"enemies":"Giant Head","floor":44.0,"turns":4.0},{"damage":6.0,"enemies":"Writhing Mass","floor":45.0,"turns":3.0},{"damage":29.0,"enemies":"Nemesis","floor":46.0,"turns":5.0},{"damage":1.0,"enemies":"Maw","floor":47.0,"turns":6.0},{"damage":15.0,"enemies":"4 Shapes","floor":48.0,"turns":7.0},{"damage":59,"enemies":"Time Eater","floor":50,"turns":6}],"seed_played":"-2593604784541822514","potions_obtained":[{"floor":2.0,"key":"DistilledChaos"},{"floor":3.0,"key":"Weak Potion"},{"floor":7.0,"key":"SpeedPotion"},{"floor":10.0,"key":"Swift Potion"},{"floor":14.0,"key":"Ancient Potion"},{"floor":18.0,"key":"LiquidBronze"},{"floor":29.0,"key":"Swift Potion"},{"floor":33.0,"key":"ColorlessPotion"}],"is_trial":false,"path_per_floor":["M","M","M","$","M","R","E","R","T","E","M","?","?","M","R","B",null,"M","$","M","M","M","R","E","R","T","M","?","E","$","?","R","B",null,"M","M","M","M","M","R","E","R","T","E","M","E","M","M","R","B"],"character_chosen":"IRONCLAD","items_purchased":["Inflame","Metallicize","War Paint","Ghostly Armor","DollysMirror","Shrug It Off","Bag of Marbles"],"campfire_rested":5,"item_purchase_floors":[4,19,19,19,19,19,30],"current_hp_per_floor":[71,72,72,72,57,57,63,63,63,51,26,15,8,9,30,14,58,23,23,28,27,20,43,24,24,24,17,17,21,21,21,45,31,69,76,58,54,39,24,24,17,42,42,48,50,27,34,27,54,0,0],"gold":324,"neow_bonus":"ONE_RARE_RELIC","is_daily":false,"chose_seed":false,"campfire_upgraded":4,"win_rate":0.0,"timestamp":1612430586,"path_taken":["M","M","M","$","M","R","E","R","T","E","M","?","?","M","R","BOSS","M","$","M","M","M","R","E","R","T","M","?","E","$","?","R","BOSS","M","M","M","?","?","R","E","R","T","E","M","E","M","M","R","BOSS"],"items_purchased_type":["Card","Card","Relic","Card","Relic","Card","Relic"],"build_version":"2020-12-22","purchased_purges":2,"victory":false,"max_hp_per_floor":[72,72,72,72,72,72,72,72,72,72,72,72,72,72,72,72,72,74,74,74,76,78,78,78,78,78,80,80,80,80,80,80,82,82,84,84,84,84,84,84,84,84,84,84,86,86,88,90,90,90,90],"card_choices":[{"not_picked":["Armaments","Clothesline"],"picked":"Pummel","floor":1.0},{"not_picked":["Clash","Iron Wave"],"picked":"Dropkick","floor":2.0},{"not_picked":["Anger","Sever Soul"],"picked":"Inflame","floor":3.0},{"not_picked":["Armaments","Sentinel"],"picked":"Heavy Blade","floor":5.0},{"not_picked":["Thunderclap","Flame Barrier"],"picked":"Twin Strike","floor":7.0},{"not_picked":["Evolve","Perfected Strike"],"picked":"Battle Trance","floor":10.0},{"not_picked":["Clash","Second Wind"],"picked":"Blood for Blood","floor":11.0},{"not_picked":["Pommel Strike","Juggernaut"],"picked":"Twin Strike","floor":14.0},{"not_picked":["Fiend Fire","Brutality"],"picked":"Double Tap","floor":16.0},{"not_picked":["Iron Wave+1","Warcry","Combust"],"picked":"Singing Bowl","floor":18.0},{"not_picked":["Armaments","Blood for Blood+1"],"picked":"Uppercut+1","floor":20.0},{"not_picked":["Barricade","Shrug It Off","Clothesline"],"picked":"Singing Bowl","floor":21.0},{"not_picked":["Combust+1","Sentinel","Warcry+1"],"picked":"Singing Bowl","floor":22.0},{"not_picked":["True Grit+1","Blood for Blood"],"picked":"Demon Form","floor":24.0},{"not_picked":["Thunderclap+1","Rampage","Havoc"],"picked":"Singing Bowl","floor":27.0},{"not_picked":["Power Through","Thunderclap+1"],"picked":"Shockwave","floor":29.0},{"not_picked":["Brutality","Feed","Immolate"],"picked":"Singing Bowl","floor":33.0},{"not_picked":["Thunderclap","Iron Wave+1","Carnage"],"picked":"Singing Bowl","floor":35.0},{"not_picked":["Iron Wave+1","Body Slam+1"],"picked":"Twin Strike","floor":36.0},{"not_picked":["Warcry+1","Shrug It Off"],"picked":"Spot Weakness+1","floor":37.0},{"not_picked":["Intimidate+1","Cleave+1"],"picked":"Twin Strike","floor":38.0},{"not_picked":["Seeing Red+1","Pommel Strike+1"],"picked":"Metallicize+1","floor":39.0},{"not_picked":["Pommel Strike+1","Clash+1"],"picked":"Double Tap","floor":41.0},{"not_picked":["Body Slam+1","Clash+1"],"picked":"Metallicize","floor":44.0},{"not_picked":["Perfected Strike+1","Clothesline+1","Warcry"],"picked":"Singing Bowl","floor":45.0},{"not_picked":["Combust+1","Burning Pact+1"],"picked":"Disarm+1","floor":46.0},{"not_picked":["Rupture+1","Havoc","Carnage+1"],"picked":"Singing Bowl","floor":47.0},{"not_picked":["Clash+1","Whirlwind+1","Perfected Strike+1"],"picked":"Singing Bowl","floor":48.0}],"player_experience":187078,"relics_obtained":[{"floor":7.0,"key":"PreservedInsect"},{"floor":9.0,"key":"MawBank"},{"floor":10.0,"key":"Potion Belt"},{"floor":17.0,"key":"Lantern"},{"floor":17.0,"key":"Singing Bowl"},{"floor":17.0,"key":"Ice Cream"},{"floor":24.0,"key":"Orichalcum"},{"floor":26.0,"key":"Sundial"},{"floor":29.0,"key":"Centennial Puzzle"},{"floor":41.0,"key":"Molten Egg 2"},{"floor":43.0,"key":"Shuriken"},{"floor":44.0,"key":"Vajra"},{"floor":46.0,"key":"Oddly Smooth Stone"}],"event_choices":[{"damage_healed":0.0,"max_hp_gain":0.0,"max_hp_loss":0.0,"gold_gain":75.0,"event_name":"World of Goop","player_choice":"Gather Gold","floor":12.0,"gold_loss":0.0,"damage_taken":11.0},{"damage_healed":0.0,"max_hp_gain":0.0,"max_hp_loss":0.0,"gold_gain":75.0,"event_name":"FaceTrader","player_choice":"Touch","floor":13.0,"gold_loss":0.0,"damage_taken":7.0},{"damage_healed":0.0,"max_hp_gain":0.0,"max_hp_loss":0.0,"gold_gain":99.0,"event_name":"Nest","player_choice":"Stole From Cult","floor":28.0,"gold_loss":0.0,"damage_taken":0.0},{"damage_healed":0.0,"max_hp_gain":0.0,"max_hp_loss":0.0,"gold_gain":0.0,"event_name":"Accursed Blacksmith","player_choice":"Forge","floor":31.0,"gold_loss":0.0,"damage_taken":0.0,"cards_upgraded":["Metallicize"]}],"is_beta":false,"boss_relics":[{"not_picked":["Runic Pyramid","SacredBark"],"picked":"Calling Bell"},{"not_picked":["Mark of Pain","Runic Cube"],"picked":"Sozu"}],"items_purged_floors":[4,30],"is_endless":false,"potions_floor_spawned":[2,3,7,10,14,18,29,33,35,38,44,45,48],"killed_by":"Time Eater","ascension_level":6}}