{"host":"Nexxot","time":1612429308,"event":{"mods":["AchievementEnabler","BaseMod","Bestiary","Colored Map","Curses Come First","Highlight Path","Minty Spire (QoL Compilation)","Relic Stats","StSLib"],"gold_per_floor":[117,130,5,20,34,59,59,89,137,137,137,137],"floor_reached":11,"language":"ENG","playtime":447,"items_purged":["Strike_P"],"score":125,"play_id":"65da9ab9-f710-442e-a662-44f4847bdc26","local_time":"20210204100148","is_ascension_mode":true,"campfire_choices":[{"floor":7.0,"key":"REST"},{"floor":10,"key":"REST"}],"circlet_count":0,"master_deck":["AscendersBane","Strike_P","Strike_P","Strike_P","Defend_P","Defend_P","Defend_P","Defend_P","Eruption","Vigilance","CurseOfTheBell","Wallop","Tantrum","FlurryOfBlows","JustLucky","ThirdEye","FlyingSleeves","Scrawl"],"relics":["Calling Bell","Lantern","Darkstone Periapt","WingedGreaves","Pantograph","Frozen Egg 2","Art of War"],"acts_visited":["Exordium"],"potions_floor_usage":[11],"damage_taken":[{"damage":8.0,"enemies":"Jaw Worm","floor":1.0,"turns":6.0},{"damage":0.0,"enemies":"2 Louse","floor":2.0,"turns":3.0},{"damage":0.0,"enemies":"Cultist","floor":4.0,"turns":2.0},{"damage":0.0,"enemies":"3 Louse","floor":5.0,"turns":2.0},{"damage":28.0,"enemies":"3 Sentries","floor":6.0,"turns":8.0},{"damage":49,"enemies":"Lagavulin","floor":8,"turns":11},{"damage":26,"enemies":"Gremlin Nob","floor":11,"turns":2}],"seed_played":"-3790485490457961464","potions_obtained":[{"floor":4.0,"key":"Explosive Potion"},{"floor":6.0,"key":"EssenceOfSteel"}],"is_trial":false,"path_per_floor":["M","M","$","M","M","E","R","E","T","R","E"],"character_chosen":"WATCHER","items_purchased":["FlurryOfBlows"],"campfire_rested":2,"item_purchase_floors":[3],"current_hp_per_floor":[57,57,57,57,57,29,50,1,1,22,0,0],"gold":137,"neow_bonus":"BOSS_RELIC","is_daily":false,"chose_seed":false,"campfire_upgraded":0,"win_rate":0.0,"timestamp":1612429308,"path_taken":["M","M","$","M","M","E","R","E","T","R","E"],"items_purchased_type":["Card"],"build_version":"2020-12-18","purchased_purges":1,"victory":false,"max_hp_per_floor":[72,72,72,72,72,72,72,72,72,72,72,72],"relic_stats":{"Darkstone Periapt":0,"counters":[7,34],"Pantograph":0,"Art of War":[0],"obtain_stats":[{"Calling Bell":0,"Darkstone Periapt":0,"Lantern":0,"Pantograph":6,"WingedGreaves":0,"Art of War":9,"PureWater":0,"Frozen Egg 2":8},{"Calling Bell":0,"Darkstone Periapt":0,"Lantern":0,"Pantograph":5,"WingedGreaves":0,"Art of War":6,"PureWater":0,"Frozen Egg 2":6},{"Calling Bell":0,"Darkstone Periapt":0,"Lantern":0,"Pantograph":21,"WingedGreaves":0,"Art of War":32,"PureWater":0,"Frozen Egg 2":32}]},"card_choices":[{"not_picked":["EmptyFist","ThirdEye"],"picked":"Wallop","floor":1.0},{"not_picked":["Fasting2","FlurryOfBlows"],"picked":"Tantrum","floor":2.0},{"not_picked":["Crescendo","ForeignInfluence"],"picked":"JustLucky","floor":4.0},{"not_picked":["Crescendo","EmptyMind"],"picked":"ThirdEye","floor":5.0},{"not_picked":["ReachHeaven","Swivel"],"picked":"FlyingSleeves","floor":6.0},{"not_picked":["WindmillStrike","Prostrate"],"picked":"Scrawl","floor":8}],"player_experience":352886,"relics_obtained":[{"floor":0.0,"key":"Lantern"},{"floor":0.0,"key":"Darkstone Periapt"},{"floor":0.0,"key":"WingedGreaves"},{"floor":6.0,"key":"Pantograph"},{"floor":8,"key":"Frozen Egg 2"},{"floor":9,"key":"Art of War"}],"event_choices":[],"is_beta":true,"boss_relics":[],"items_purged_floors":[3],"is_endless":false,"potions_floor_spawned":[4,6],"killed_by":"Gremlin Nob","ascension_level":10}}