{"host":"c3lc60y5x60jlt1y","time":1612464805,"event":{"mods":["AchievementEnabler","BaseMod","Bestiary","Colored Map","Minty Spire (QoL Compilation)","Quick Restart","StSLib","ojb\u0027s Info Mod"],"gold_per_floor":[112,112,8,83,83,113,126,126,126,126,136,58,93,3,3,76,76,96,96,56,56,56,56,70,70,70,70,87,102,130,163,163,163,163],"floor_reached":33,"language":"ENG","playtime":1984,"items_purged":["Defend_P"],"score":588,"play_id":"3d2baac4-a292-46a3-aaeb-d0873caf795c","local_time":"20210204205325","is_ascension_mode":true,"campfire_choices":[{"data":"Eruption","floor":8.0,"key":"SMITH"},{"data":"Blasphemy","floor":15.0,"key":"SMITH"},{"data":"Ghostly","floor":23.0,"key":"SMITH"},{"data":"Ghostly","floor":25.0,"key":"SMITH"},{"data":"Ghostly","floor":27.0,"key":"SMITH"},{"data":"Vault","floor":32,"key":"SMITH"}],"circlet_count":0,"master_deck":["AscendersBane","Strike_P","Strike_P","Strike_P","Defend_P","Defend_P","Defend_P","Eruption+1","Vigilance","FlyingSleeves","FlurryOfBlows","ThirdEye","SashWhip","Judgement","Swivel","CrushJoints","EmptyMind","FearNoEvil","InnerPeace","Blasphemy+1","Vault+1","Halt","Ghostly+1","Ghostly+1","Ghostly+1","MentalFortress","Indignation","WaveOfTheHand","Wallop","MentalFortress"],"relics":["PureWater","NeowsBlessing","Toy Ornithopter","Ancient Tea Set","Nunchaku","MealTicket","Runic Pyramid","Mercury Hourglass","Potion Belt","Red Mask"],"acts_visited":["Exordium","TheCity"],"potions_floor_usage":[31,31,31,33],"damage_taken":[{"damage":0.0,"enemies":"Small Slimes","floor":1.0,"turns":1.0},{"damage":0.0,"enemies":"3 Sentries","floor":6.0,"turns":1.0},{"damage":0.0,"enemies":"2 Louse","floor":7.0,"turns":1.0},{"damage":0.0,"enemies":"Jaw Worm","floor":11.0,"turns":2.0},{"damage":32.0,"enemies":"Gremlin Nob","floor":13.0,"turns":4.0},{"damage":12.0,"enemies":"Slime Boss","floor":16.0,"turns":6.0},{"damage":6.0,"enemies":"Spheric Guardian","floor":18.0,"turns":3.0},{"damage":1.0,"enemies":"Chosen","floor":24.0,"turns":4.0},{"damage":3.0,"enemies":"Snake Plant","floor":28.0,"turns":6.0},{"damage":14,"enemies":"Centurion and Healer","floor":29,"turns":5},{"damage":3,"enemies":"Slavers","floor":30,"turns":5},{"damage":0,"enemies":"Masked Bandits","floor":31,"turns":4},{"damage":73,"enemies":"Champ","floor":33,"turns":19}],"seed_played":"903309996212204795","potions_obtained":[{"floor":6.0,"key":"Regen Potion"},{"floor":11.0,"key":"SneckoOil"},{"floor":13.0,"key":"BottledMiracle"},{"floor":16.0,"key":"EssenceOfSteel"},{"floor":24.0,"key":"Fire Potion"},{"floor":29,"key":"EntropicBrew"}],"is_trial":false,"path_per_floor":["M","?","$","?","?","E","M","R","T","?","M","$","E","$","R","B",null,"M","?","$","?","?","R","M","R","T","R","M","M","E","?","R","B"],"character_chosen":"WATCHER","items_purchased":["FlurryOfBlows","FearNoEvil","Blasphemy","MentalFortress"],"campfire_rested":0,"item_purchase_floors":[3,12,14,20],"current_hp_per_floor":[61,54,54,43,38,38,38,38,38,38,38,38,28,43,43,31,59,53,34,34,34,34,34,33,33,33,33,30,16,13,28,28,0,0],"gold":163,"neow_bonus":"THREE_ENEMY_KILL","is_daily":false,"chose_seed":false,"campfire_upgraded":6,"win_rate":0.0,"timestamp":1612464805,"path_taken":["M","?","$","?","?","E","?","R","T","?","M","?","E","$","R","BOSS","M","?","$","?","?","R","M","R","T","R","M","M","E","?","R","BOSS"],"items_purchased_type":["Card","Card","Card","Card"],"build_version":"2020-12-22","purchased_purges":1,"victory":false,"max_hp_per_floor":[68,68,68,68,68,68,68,68,68,68,68,68,68,68,68,68,68,68,34,34,34,34,34,34,34,34,34,34,34,34,34,34,34,34],"card_choices":[{"not_picked":["Evaluate","Protect"],"picked":"FlyingSleeves","floor":1.0},{"not_picked":["ForeignInfluence","EmptyFist"],"picked":"ThirdEye","floor":6.0},{"not_picked":["FlurryOfBlows","WheelKick"],"picked":"SashWhip","floor":7.0},{"not_picked":["Protect","Prostrate"],"picked":"EmptyMind","floor":11.0},{"not_picked":["ReachHeaven","Study"],"picked":"InnerPeace","floor":13.0},{"not_picked":["SpiritShield","DeusExMachina"],"picked":"Vault","floor":16.0},{"not_picked":["FollowUp","CrushJoints+1"],"picked":"Halt","floor":18.0},{"not_picked":["WreathOfFlame","EmptyBody","Swivel"],"picked":"SKIP","floor":24.0},{"not_picked":["BowlingBash","FlyingSleeves","Study"],"picked":"SKIP","floor":28.0},{"not_picked":["BowlingBash","Fasting2"],"picked":"WaveOfTheHand","floor":29},{"not_picked":["FollowUp+1","Prostrate"],"picked":"Wallop","floor":30},{"not_picked":["EmptyBody","Consecrate"],"picked":"MentalFortress","floor":31}],"player_experience":9094451,"relics_obtained":[{"floor":6.0,"key":"Ancient Tea Set"},{"floor":9.0,"key":"Nunchaku"},{"floor":13.0,"key":"MealTicket"},{"floor":26.0,"key":"Mercury Hourglass"},{"floor":30,"key":"Potion Belt"},{"floor":31,"key":"Red Mask"}],"event_choices":[{"cards_removed":["Strike_P"],"damage_healed":0.0,"max_hp_gain":0.0,"max_hp_loss":0.0,"gold_gain":0.0,"event_name":"Golden Wing","player_choice":"Card Removal","floor":2.0,"gold_loss":0.0,"damage_taken":7.0},{"damage_healed":0.0,"max_hp_gain":0.0,"max_hp_loss":0.0,"gold_gain":75.0,"event_name":"World of Goop","player_choice":"Gather Gold","floor":4.0,"gold_loss":0.0,"damage_taken":11.0},{"damage_healed":0.0,"max_hp_gain":0.0,"max_hp_loss":0.0,"gold_gain":0.0,"event_name":"Scrap Ooze","player_choice":"Success","floor":5.0,"gold_loss":0.0,"damage_taken":5.0,"relics_obtained":["Toy Ornithopter"]},{"damage_healed":0.0,"max_hp_gain":0.0,"max_hp_loss":0.0,"gold_gain":0.0,"event_name":"Match and Keep!","player_choice":"3 cards matched","floor":10.0,"gold_loss":0.0,"damage_taken":0.0,"cards_obtained":["Judgement","Swivel","CrushJoints"]},{"damage_healed":0.0,"max_hp_gain":0.0,"max_hp_loss":34.0,"gold_gain":0.0,"event_name":"Ghosts","player_choice":"Became a Ghost","floor":19.0,"gold_loss":0.0,"damage_taken":0.0,"cards_obtained":["Ghostly","Ghostly","Ghostly"]},{"damage_healed":0.0,"max_hp_gain":0.0,"max_hp_loss":0.0,"gold_gain":0.0,"event_name":"The Library","player_choice":"Read","floor":21.0,"gold_loss":0.0,"damage_taken":0.0,"cards_obtained":["Indignation"]},{"damage_healed":0.0,"max_hp_gain":0.0,"max_hp_loss":0.0,"gold_gain":0.0,"event_name":"Vampires","player_choice":"Ignored","floor":22.0,"gold_loss":0.0,"damage_taken":0.0},{"damage_healed":0,"gold_gain":0,"player_choice":"Fought Bandits","damage_taken":0,"max_hp_gain":0,"max_hp_loss":0,"event_name":"Masked Bandits","floor":31,"gold_loss":0}],"is_beta":false,"boss_relics":[{"not_picked":["VioletLotus","Velvet Choker"],"picked":"Runic Pyramid"}],"items_purged_floors":[3],"is_endless":false,"potions_floor_spawned":[6,11,13,16,24,29],"killed_by":"Champ","ascension_level":20}}