{"host":"qrt7o4dq2qslzw13","time":1612432279,"event":{"mods":["AchievementEnabler","BaseMod","Colored Map","Colored Powertips","Minty Spire (QoL Compilation)","Quick Restart","StSLib","SuperFastMode"],"gold_per_floor":[111,128,128,140,153,153,153,153,222,222,397,397,410,430,430,527,527,537,148,58,58,58],"floor_reached":21,"language":"ENG","playtime":265,"items_purged":[],"score":203,"play_id":"7afbd91b-36aa-44d3-b17d-ce2a59b3d726","local_time":"20210204045119","is_ascension_mode":true,"campfire_choices":[{"data":"Tempest","floor":6.0,"key":"SMITH"},{"data":"Zap","floor":10.0,"key":"SMITH"},{"floor":15.0,"key":"REST"}],"circlet_count":0,"master_deck":["Strike_B","Strike_B","Strike_B","Strike_B","Defend_B","Defend_B","Defend_B","Defend_B","Zap+1","Dualcast+1","Tempest+1","Beam Cell","Turbo+1","Parasite","Doubt","Leap","Conserve Battery+1","Fission","Sweeping Beam","Redo","Dark Shackles"],"relics":["Cracked Core","NeowsBlessing","Smiling Mask","Eternal Feather","Cursed Key","Matryoshka"],"acts_visited":["Exordium","TheCity"],"potions_floor_usage":[],"damage_taken":[{"damage":0.0,"enemies":"Small Slimes","floor":1.0,"turns":1.0},{"damage":0.0,"enemies":"2 Louse","floor":2.0,"turns":1.0},{"damage":0.0,"enemies":"Cultist","floor":4.0,"turns":1.0},{"damage":17.0,"enemies":"Red Slaver","floor":5.0,"turns":3.0},{"damage":22.0,"enemies":"Lots of Slimes","floor":13.0,"turns":3.0},{"damage":8.0,"enemies":"Looter","floor":14.0,"turns":3.0},{"damage":72.0,"enemies":"Hexaghost","floor":16.0,"turns":9.0},{"damage":63,"enemies":"Spheric Guardian","floor":18,"turns":9},{"damage":12,"enemies":"3 Byrds","floor":21,"turns":4}],"seed_played":"946595523593250765","potions_obtained":[{"floor":1.0,"key":"DuplicationPotion"},{"floor":5.0,"key":"FearPotion"},{"floor":14.0,"key":"AttackPotion"}],"is_trial":false,"path_per_floor":["M","M","?","M","M","R","?","?","T","R","?","?","M","M","R","B",null,"M","$","?","M"],"character_chosen":"DEFECT","items_purchased":["Matryoshka","Redo","Dark Shackles"],"campfire_rested":1,"item_purchase_floors":[19,19,19],"current_hp_per_floor":[75,75,75,75,58,58,58,75,75,75,75,75,53,45,75,3,75,12,12,12,0,0],"gold":58,"neow_bonus":"THREE_ENEMY_KILL","is_daily":false,"chose_seed":false,"campfire_upgraded":2,"win_rate":0.0,"timestamp":1612432279,"path_taken":["M","M","?","M","M","R","?","?","T","R","?","?","M","?","R","BOSS","M","$","?","M"],"items_purchased_type":["Relic","Card","Card"],"build_version":"2020-12-22","purchased_purges":0,"victory":false,"max_hp_per_floor":[75,75,75,75,75,75,75,75,75,75,75,75,75,75,75,75,75,75,75,75,75,75],"card_choices":[{"not_picked":["Stack","Rebound"],"picked":"Tempest","floor":1.0},{"not_picked":["Sweeping Beam","Streamline"],"picked":"Beam Cell","floor":2.0},{"not_picked":["Gash","Go for the Eyes","Blizzard"],"picked":"SKIP","floor":4.0},{"not_picked":["Recycle","Stack"],"picked":"Turbo","floor":5.0},{"not_picked":["Fusion","Glacier"],"picked":"Leap","floor":13.0},{"not_picked":["Chaos","Ball Lightning"],"picked":"Conserve Battery","floor":14.0},{"not_picked":["Buffer","Amplify"],"picked":"Fission","floor":16.0},{"not_picked":["Barrage","Beam Cell+1"],"picked":"Sweeping Beam","floor":18}],"player_experience":623397,"relics_obtained":[{"floor":9.0,"key":"Eternal Feather"}],"event_choices":[{"damage_healed":0.0,"max_hp_gain":0.0,"max_hp_loss":0.0,"gold_gain":0.0,"event_name":"Big Fish","player_choice":"Box","floor":3.0,"gold_loss":0.0,"damage_taken":0.0,"relics_obtained":["Smiling Mask"],"cards_obtained":["Regret"]},{"damage_healed":0.0,"max_hp_gain":0.0,"max_hp_loss":0.0,"gold_gain":0.0,"event_name":"Living Wall","player_choice":"Grow","floor":7.0,"gold_loss":0.0,"damage_taken":0.0,"cards_upgraded":["Turbo"]},{"damage_healed":18.0,"max_hp_gain":0.0,"max_hp_loss":0.0,"gold_gain":0.0,"event_name":"Mushrooms","player_choice":"Healed and dodged fight","floor":8.0,"gold_loss":0.0,"damage_taken":0.0,"cards_obtained":["Parasite"]},{"damage_healed":0.0,"max_hp_gain":0.0,"max_hp_loss":0.0,"gold_gain":175.0,"event_name":"Liars Game","player_choice":"AGREE","floor":11.0,"gold_loss":0.0,"damage_taken":0.0,"cards_obtained":["Doubt"]},{"damage_healed":0.0,"max_hp_gain":0.0,"max_hp_loss":0.0,"gold_gain":0.0,"event_name":"Upgrade Shrine","player_choice":"Upgraded","floor":12.0,"gold_loss":0.0,"damage_taken":0.0,"cards_upgraded":["Dualcast"]},{"cards_removed":["Regret"],"damage_healed":0,"gold_gain":0,"player_choice":"Upgrade and Remove","damage_taken":0,"max_hp_gain":0,"max_hp_loss":0,"event_name":"Designer","floor":20,"gold_loss":90,"cards_upgraded":["Conserve Battery"]}],"is_beta":false,"boss_relics":[{"not_picked":["Snecko Eye","Busted Crown"],"picked":"Cursed Key"}],"items_purged_floors":[],"is_endless":false,"potions_floor_spawned":[1,5,14],"killed_by":"3 Byrds","ascension_level":4}}