{"host":"m7jrdcbl89w2s34c","time":1612476250,"event":{"mods":["AchievementEnabler","BaseMod","Bestiary","Block Reminder","Colored Map","Colored Powertips","Minty Spire (QoL Compilation)","Permanent Neow","Relic Stats","StSLib"],"gold_per_floor":[110,127,147,162,177,209,225,251,251,251,17,31,31,31,31,130,130,146,163,163,163,95,95,95,95],"floor_reached":24,"language":"ENG","playtime":928,"items_purged":[],"score":340,"play_id":"6fdd43c3-92fb-43f1-b6a3-a440d5904cda","local_time":"20210204230410","is_ascension_mode":true,"campfire_choices":[{"data":"Zap","floor":10,"key":"SMITH"},{"data":"Defragment","floor":13,"key":"SMITH"},{"floor":15,"key":"REST"},{"data":"Biased Cognition","floor":23,"key":"SMITH"}],"circlet_count":0,"master_deck":["Strike_B","Strike_B","Strike_B","Strike_B+1","Defend_B","Defend_B","Defend_B","Defend_B","Zap+1","Dualcast+1","Hyperbeam","Compile Driver","Leap","Ball Lightning","Chill","Doom and Gloom","Hello World","Coolheaded","Capacitor","Finesse+1","Defragment+1","Biased Cognition+1","Glacier+1","Turbo+1","Ghostly+1","Ghostly+1","Ghostly+1","Ghostly+1","Ghostly+1"],"relics":["Cracked Core","TungstenRod","Art of War","Toxic Egg 2","Orichalcum","Runic Pyramid","Kunai"],"acts_visited":["Exordium","TheCity"],"potions_floor_usage":[8,16,18,24],"damage_taken":[{"damage":2,"enemies":"Jaw Worm","floor":1,"turns":3},{"damage":0,"enemies":"Small Slimes","floor":2,"turns":1},{"damage":0,"enemies":"2 Louse","floor":3,"turns":1},{"damage":5,"enemies":"Exordium Thugs","floor":4,"turns":3},{"damage":9,"enemies":"Looter","floor":5,"turns":3},{"damage":25,"enemies":"Lagavulin","floor":6,"turns":8},{"damage":4,"enemies":"Red Slaver","floor":7,"turns":3},{"damage":0,"enemies":"3 Sentries","floor":8,"turns":3},{"damage":0,"enemies":"Gremlin Gang","floor":12,"turns":1},{"damage":19,"enemies":"Slime Boss","floor":16,"turns":4},{"damage":4,"enemies":"3 Byrds","floor":18,"turns":4},{"damage":0,"enemies":"Spheric Guardian","floor":19,"turns":3},{"damage":37,"enemies":"Slavers","floor":24,"turns":4}],"seed_played":"326907347018694482","potions_obtained":[{"floor":2,"key":"Energy Potion"},{"floor":4,"key":"Regen Potion"},{"floor":5,"key":"BlessingOfTheForge"},{"floor":8,"key":"DuplicationPotion"},{"floor":19,"key":"AttackPotion"}],"is_trial":false,"path_per_floor":["M","M","M","M","M","E","M","E","T","R","$","M","R","?","R","B",null,"M","M","?","?","?","R","E"],"character_chosen":"DEFECT","items_purchased":["Finesse+1","Orichalcum"],"campfire_rested":1,"item_purchase_floors":[11,11],"current_hp_per_floor":[66,66,66,61,52,27,23,23,23,23,23,23,23,9,31,12,59,55,55,37,34,34,34,0,0],"gold":95,"neow_bonus":"ONE_RANDOM_RARE_CARD","is_daily":false,"chose_seed":false,"campfire_upgraded":3,"win_rate":0.0,"timestamp":1612476250,"path_taken":["M","M","M","M","M","E","M","E","T","R","$","M","R","?","R","BOSS","M","M","?","?","?","R","E"],"items_purchased_type":["Card","Relic"],"build_version":"2020-12-22","purchased_purges":0,"victory":false,"max_hp_per_floor":[75,75,75,75,75,75,75,75,75,75,75,75,75,75,75,75,75,75,75,37,42,42,42,42,42],"relic_stats":{"counters":[13,41],"Art of War":[2],"Kunai":[0],"Orichalcum":[36],"obtain_stats":[{"Art of War":8,"Kunai":22,"Toxic Egg 2":9,"Orichalcum":11,"Cracked Core":0,"TungstenRod":6,"Runic Pyramid":17},{"Art of War":8,"Kunai":12,"Toxic Egg 2":8,"Orichalcum":8,"Cracked Core":0,"TungstenRod":6,"Runic Pyramid":10},{"Art of War":25,"Kunai":37,"Toxic Egg 2":25,"Orichalcum":25,"Cracked Core":0,"TungstenRod":19,"Runic Pyramid":30}],"TungstenRod":14},"card_choices":[{"not_picked":["Tempest","Steam Power"],"picked":"Compile Driver","floor":1},{"not_picked":["Stack","Double Energy"],"picked":"Leap","floor":2},{"not_picked":["Storm","Beam Cell"],"picked":"Ball Lightning","floor":3},{"not_picked":["Tempest","Leap"],"picked":"Chill","floor":4},{"not_picked":["Darkness","Scrape"],"picked":"Doom and Gloom","floor":5},{"not_picked":["Thunder Strike","Stack"],"picked":"Hello World","floor":6},{"not_picked":["Darkness","Doom and Gloom"],"picked":"Coolheaded","floor":7},{"not_picked":["Hologram","Static Discharge"],"picked":"Capacitor","floor":8},{"not_picked":["Sweeping Beam","Coolheaded+1"],"picked":"Defragment","floor":12},{"not_picked":["Hyperbeam","Creative AI"],"picked":"Biased Cognition","floor":16},{"not_picked":["Ball Lightning","Blizzard"],"picked":"Glacier+1","floor":18},{"not_picked":["Rebound","Stack+1"],"picked":"Turbo+1","floor":19}],"player_experience":208323,"relics_obtained":[{"floor":6,"key":"TungstenRod"},{"floor":8,"key":"Art of War"},{"floor":9,"key":"Toxic Egg 2"}],"event_choices":[{"damage_healed":0,"gold_gain":0,"player_choice":"Entered Light","damage_taken":15,"max_hp_gain":0,"max_hp_loss":0,"event_name":"Shining Light","floor":14,"gold_loss":0,"cards_upgraded":["Dualcast","Strike_B"]},{"damage_healed":0,"gold_gain":0,"player_choice":"Became a Ghost","damage_taken":0,"max_hp_gain":0,"max_hp_loss":38,"event_name":"Ghosts","floor":20,"gold_loss":0,"cards_obtained":["Ghostly","Ghostly","Ghostly","Ghostly","Ghostly"]},{"damage_healed":0,"gold_gain":0,"player_choice":"Shed Blood","damage_taken":9,"max_hp_gain":5,"max_hp_loss":0,"event_name":"Forgotten Altar","floor":21,"gold_loss":0},{"damage_healed":0,"gold_gain":0,"player_choice":"Paid Gold","damage_taken":0,"relics_obtained":["Kunai"],"max_hp_gain":0,"max_hp_loss":0,"event_name":"WeMeetAgain","floor":22,"gold_loss":68}],"is_beta":false,"boss_relics":[{"not_picked":["Empty Cage","Sozu"],"picked":"Runic Pyramid"}],"items_purged_floors":[],"is_endless":false,"potions_floor_spawned":[2,4,5,7,8,19],"killed_by":"Slavers","ascension_level":7}}