{"host":"08yfhu6uhosdn245","time":1612414730,"event":{"mods":["2.2 Compatiblity","BaseMod","Bestiary","Colored Map","Colored Powertips","Curses Come First","Highlight Path","Minty Spire (QoL Compilation)","Quick Restart","Relic Stats","StSLib"],"gold_per_floor":[17,32,32,32,48,75,75,91,91,116,136,136,170,183,183,285,285,301,376,395,39,55,81,57,91,91,109,120,148,158,173,173,272,272,284,296,309,309,357,357,386,386,386,386,386],"floor_reached":44,"language":"ENG","playtime":2378,"items_purged":["Strike_P"],"score":711,"play_id":"956e4cb0-5993-49b7-8d6e-9d640edfe1df","local_time":"20210203235850","is_ascension_mode":true,"campfire_choices":[{"data":"WreathOfFlame","floor":7.0,"key":"SMITH"},{"data":"WheelKick","floor":12.0,"key":"SMITH"},{"data":"Eruption","floor":15.0,"key":"SMITH"},{"floor":32.0,"key":"REST"},{"data":"Vault","floor":40,"key":"SMITH"},{"data":"Protect","floor":42,"key":"SMITH"}],"circlet_count":0,"master_deck":["Strike_P","Strike_P+1","Defend_P","Defend_P+1","Defend_P+1","Defend_P+1","Eruption+1","Vigilance+1","Tantrum+1","FlyingSleeves+1","WreathOfFlame+1","WheelKick+1","SashWhip+1","Worship","Consecrate+1","LessonLearned+1","TalkToTheHand+1","Conclude+1","FlurryOfBlows+1","EmptyBody+1","Worship+1","Protect+1","Consecrate+1","Collect","Meditate","Evaluate+1","CutThroughFate+1","Vault+1","FollowUp+1","Tantrum+1","CarveReality+1","Shame","Sanctity+1","Clumsy","Parasite"],"relics":["PureWater","Lizard Tail","Tiny Chest","Centennial Puzzle","Molten Egg 2","Happy Flower","SacredBark","Membership Card","Kunai","Frozen Egg 2","Nunchaku","Bottled Lightning","Blue Candle","Cursed Key","Lantern","Question Card","Oddly Smooth Stone"],"acts_visited":["Exordium","TheCity","TheBeyond"],"potions_floor_usage":[41,44],"damage_taken":[{"damage":1.0,"enemies":"2 Louse","floor":1.0,"turns":4.0},{"damage":0.0,"enemies":"Small Slimes","floor":2.0,"turns":2.0},{"damage":0.0,"enemies":"Cultist","floor":5.0,"turns":2.0},{"damage":4.0,"enemies":"3 Sentries","floor":6.0,"turns":5.0},{"damage":0.0,"enemies":"Looter","floor":8.0,"turns":1.0},{"damage":0.0,"enemies":"Lagavulin","floor":10.0,"turns":3.0},{"damage":1.0,"enemies":"Red Slaver","floor":11.0,"turns":2.0},{"damage":2.0,"enemies":"3 Sentries","floor":13.0,"turns":3.0},{"damage":0.0,"enemies":"Large Slime","floor":14.0,"turns":2.0},{"damage":22.0,"enemies":"Hexaghost","floor":16.0,"turns":5.0},{"damage":0.0,"enemies":"2 Thieves","floor":18.0,"turns":2.0},{"damage":1.0,"enemies":"Shell Parasite","floor":20.0,"turns":2.0},{"damage":10.0,"enemies":"Snake Plant","floor":22.0,"turns":4.0},{"damage":47.0,"enemies":"Book of Stabbing","floor":23.0,"turns":5.0},{"damage":31.0,"enemies":"Slavers","floor":25.0,"turns":4.0},{"damage":4.0,"enemies":"Centurion and Healer","floor":27.0,"turns":5.0},{"damage":16.0,"enemies":"Sentry and Sphere","floor":28.0,"turns":4.0},{"damage":10.0,"enemies":"Book of Stabbing","floor":29.0,"turns":2.0},{"damage":0.0,"enemies":"Snecko","floor":30.0,"turns":2.0},{"damage":0.0,"enemies":"Centurion and Healer","floor":31.0,"turns":5.0},{"damage":27.0,"enemies":"Automaton","floor":33.0,"turns":6.0},{"damage":10.0,"enemies":"3 Darklings","floor":35.0,"turns":4.0},{"damage":1.0,"enemies":"Orb Walker","floor":36.0,"turns":4.0},{"damage":21,"enemies":"Maw","floor":37,"turns":9},{"damage":0,"enemies":"Giant Head","floor":41,"turns":6},{"damage":51,"enemies":"Writhing Mass","floor":44,"turns":4}],"seed_played":"-6748291270592170348","potions_obtained":[{"floor":1.0,"key":"Explosive Potion"},{"floor":5.0,"key":"FearPotion"},{"floor":13.0,"key":"StancePotion"},{"floor":14.0,"key":"SpeedPotion"},{"floor":16.0,"key":"FearPotion"},{"floor":18.0,"key":"EssenceOfSteel"},{"floor":23.0,"key":"Regen Potion"},{"floor":27.0,"key":"LiquidBronze"},{"floor":28.0,"key":"BlessingOfTheForge"},{"floor":31.0,"key":"Strength Potion"},{"floor":37,"key":"Explosive Potion"}],"is_trial":false,"path_per_floor":["M","M","?","?","M","E","R","M","T","E","M","R","E","M","R","B",null,"M","?","M","$","M","E","$","E","T","M","M","E","M","M","R","B",null,"M","M","M","?","T","R","E","R","T","M"],"character_chosen":"WATCHER","items_purchased":["Membership Card","Kunai","FlurryOfBlows+1","EmptyBody","Protect"],"campfire_rested":1,"item_purchase_floors":[21,21,21,21,24],"current_hp_per_floor":[71,71,71,57,57,53,53,53,53,53,52,52,50,50,50,28,72,72,65,64,64,54,7,7,42,42,38,22,12,12,12,33,6,72,62,61,40,40,40,40,40,40,40,0,0],"gold":386,"neow_bonus":"ONE_RARE_RELIC","is_daily":false,"chose_seed":false,"campfire_upgraded":5,"win_rate":0.0,"timestamp":1612414730,"path_taken":["M","M","?","?","M","E","R","M","T","E","M","R","E","M","R","BOSS","M","?","M","$","M","E","?","E","T","M","M","E","M","M","R","BOSS","M","M","M","?","?","R","E","R","T","M"],"items_purchased_type":["Relic","Relic","Card","Card","Card"],"build_version":"2020-12-22","purchased_purges":1,"victory":false,"max_hp_per_floor":[72,72,72,72,72,72,72,72,72,72,72,72,72,72,72,72,72,72,72,72,72,72,72,72,72,72,72,72,72,72,72,72,72,72,72,72,72,72,72,72,72,72,72,72,72],"relic_stats":{"Lizard Tail":36,"Centennial Puzzle":[45],"Nunchaku":[11],"Happy Flower":[25],"counters":[26,97],"Blue Candle":[1],"Tiny Chest":1,"Kunai":[26],"Cursed Key":2,"Question Card":0,"obtain_stats":[{"Lantern":39,"Happy Flower":13,"SacredBark":17,"Blue Candle":29,"Oddly Smooth Stone":43,"Frozen Egg 2":23,"Cursed Key":34,"Question Card":41,"Lizard Tail":0,"Centennial Puzzle":9,"Nunchaku":25,"Tiny Chest":6,"Molten Egg 2":10,"Membership Card":21,"Kunai":21,"Bottled Lightning":26,"PureWater":0},{"Lantern":24,"Happy Flower":8,"SacredBark":10,"Blue Candle":18,"Oddly Smooth Stone":25,"Frozen Egg 2":14,"Cursed Key":21,"Question Card":25,"Lizard Tail":0,"Centennial Puzzle":5,"Nunchaku":15,"Tiny Chest":4,"Molten Egg 2":6,"Membership Card":12,"Kunai":12,"Bottled Lightning":15,"PureWater":0},{"Lantern":87,"Happy Flower":22,"SacredBark":29,"Blue Candle":57,"Oddly Smooth Stone":93,"Frozen Egg 2":42,"Cursed Key":70,"Question Card":93,"Lizard Tail":0,"Centennial Puzzle":14,"Nunchaku":46,"Tiny Chest":13,"Molten Egg 2":17,"Membership Card":33,"Kunai":33,"Bottled Lightning":46,"PureWater":0}]},"card_choices":[{"not_picked":["ThirdEye","Study"],"picked":"Tantrum","floor":1.0},{"not_picked":["Consecrate","ClearTheMind"],"picked":"FlyingSleeves","floor":2.0},{"not_picked":["Indignation","PathToVictory"],"picked":"WreathOfFlame","floor":5.0},{"not_picked":["SashWhip","ForeignInfluence"],"picked":"WheelKick","floor":6.0},{"not_picked":["PathToVictory","WindmillStrike","SandsOfTime"],"picked":"SKIP","floor":8.0},{"not_picked":["Halt","EmptyMind"],"picked":"SashWhip+1","floor":10.0},{"not_picked":["BowlingBash+1","Alpha","ClearTheMind"],"picked":"SKIP","floor":11.0},{"not_picked":["Brilliance+1","Halt"],"picked":"Worship","floor":13.0},{"not_picked":["Halt","MentalFortress"],"picked":"Consecrate+1","floor":14.0},{"not_picked":["SpiritShield","Wish"],"picked":"LessonLearned+1","floor":16.0},{"not_picked":["SashWhip+1","PathToVictory"],"picked":"TalkToTheHand+1","floor":18.0},{"not_picked":["CrushJoints+1","PathToVictory"],"picked":"Conclude+1","floor":20.0},{"not_picked":["Meditate","CrushJoints+1","Wireheading"],"picked":"SKIP","floor":22.0},{"not_picked":["Perseverance","Consecrate+1"],"picked":"Worship+1","floor":23.0},{"not_picked":["Conclude+1","MentalFortress+1","SignatureMove+1"],"picked":"SKIP","floor":25.0},{"not_picked":["ThirdEye","FlyingSleeves+1"],"picked":"Consecrate+1","floor":27.0},{"not_picked":["Prostrate","PathToVictory+1"],"picked":"Collect","floor":28.0},{"not_picked":["BowlingBash+1","SashWhip+1"],"picked":"Meditate","floor":29.0},{"not_picked":["ClearTheMind+1","SashWhip+1"],"picked":"Evaluate+1","floor":30.0},{"not_picked":["FlyingSleeves+1","DevaForm+1"],"picked":"CutThroughFate+1","floor":31.0},{"not_picked":["Scrawl","Establishment+1"],"picked":"Vault","floor":33.0},{"not_picked":["PathToVictory","ThirdEye"],"picked":"FollowUp+1","floor":35.0},{"not_picked":["JustLucky+1","Swivel"],"picked":"Tantrum+1","floor":36.0},{"not_picked":["Tantrum+1","FlyingSleeves+1"],"picked":"CarveReality+1","floor":37},{"not_picked":["Crescendo","Protect+1"],"picked":"Sanctity+1","floor":41}],"player_experience":351841,"relics_obtained":[{"floor":6.0,"key":"Tiny Chest"},{"floor":9.0,"key":"Centennial Puzzle"},{"floor":10.0,"key":"Molten Egg 2"},{"floor":13.0,"key":"Happy Flower"},{"floor":23.0,"key":"Frozen Egg 2"},{"floor":25.0,"key":"Nunchaku"},{"floor":26.0,"key":"Bottled Lightning"},{"floor":29.0,"key":"Blue Candle"},{"floor":39,"key":"Lantern"},{"floor":41,"key":"Question Card"},{"floor":43,"key":"Oddly Smooth Stone"}],"event_choices":[{"damage_healed":0.0,"max_hp_gain":0.0,"max_hp_loss":0.0,"gold_gain":0.0,"event_name":"Living Wall","player_choice":"Grow","floor":3.0,"gold_loss":0.0,"damage_taken":0.0,"cards_upgraded":["Tantrum"]},{"damage_healed":0.0,"max_hp_gain":0.0,"max_hp_loss":0.0,"gold_gain":0.0,"event_name":"Shining Light","player_choice":"Entered Light","floor":4.0,"gold_loss":0.0,"damage_taken":14.0,"cards_upgraded":["FlyingSleeves","Defend_P"]},{"damage_healed":0.0,"max_hp_gain":0.0,"max_hp_loss":0.0,"gold_gain":75.0,"event_name":"FaceTrader","player_choice":"Touch","floor":19.0,"gold_loss":0.0,"damage_taken":7.0},{"cards_removed":["Strike_P"],"damage_healed":0,"gold_gain":0,"player_choice":"Purged","damage_taken":0,"max_hp_gain":0,"max_hp_loss":0,"event_name":"Purifier","floor":38,"gold_loss":0}],"is_beta":false,"boss_relics":[{"not_picked":["Snecko Eye","Calling Bell"],"picked":"SacredBark"},{"not_picked":["Sozu","SlaversCollar"],"picked":"Cursed Key"}],"items_purged_floors":[21],"is_endless":false,"potions_floor_spawned":[1,5,13,14,16,18,23,27,28,31,37],"killed_by":"Writhing Mass","ascension_level":4}}