{"host":"dxldt284mdio0lzg","time":1612403063,"event":{"mods":["AchievementEnabler","BaseMod","Colored Map","Colored Powertips","DeckTracker","Minty Spire (QoL Compilation)","SuperFastMode"],"gold_per_floor":[116,116,167,167,185,214,214,246,246,259,259,214,228,243,243,243,243],"floor_reached":16,"language":"ENG","playtime":490,"items_purged":[],"score":142,"play_id":"229127a9-5ae6-46b9-99a7-4a241c59ab3a","local_time":"20210204024423","is_ascension_mode":true,"campfire_choices":[{"data":"Terror","floor":7,"key":"SMITH"},{"data":"Reflex","floor":11,"key":"SMITH"},{"floor":15,"key":"REST"}],"circlet_count":0,"master_deck":["Strike_G","Strike_G","Strike_G","Strike_G","Strike_G","Defend_G","Defend_G","Defend_G","Defend_G","Defend_G","Survivor","Neutralize","Outmaneuver","Blade Dance","Terror+1","Escape Plan","Reflex+1","Blade Dance","Backflip"],"relics":["Ring of the Snake","NeowsBlessing","Nunchaku","Toy Ornithopter","Omamori","Ninja Scroll"],"acts_visited":["Exordium"],"potions_floor_usage":[14,16],"damage_taken":[{"damage":0,"enemies":"Jaw Worm","floor":1,"turns":1},{"damage":0,"enemies":"2 Louse","floor":5,"turns":1},{"damage":0,"enemies":"3 Sentries","floor":6,"turns":1},{"damage":29,"enemies":"Lagavulin","floor":8,"turns":8},{"damage":0,"enemies":"Small Slimes","floor":10,"turns":2},{"damage":0,"enemies":"2 Fungi Beasts","floor":13,"turns":2},{"damage":0,"enemies":"3 Louse","floor":14,"turns":2},{"damage":109,"enemies":"Hexaghost","floor":16,"turns":18}],"seed_played":"3988518527218004281","potions_obtained":[{"floor":6,"key":"ColorlessPotion"},{"floor":8,"key":"FairyPotion"},{"floor":13,"key":"Energy Potion"},{"floor":14,"key":"Fruit Juice"}],"is_trial":false,"path_per_floor":["M","?","T","?","M","E","R","E","T","M","R","?","M","M","R","B"],"character_chosen":"THE_SILENT","items_purchased":[],"campfire_rested":1,"item_purchase_floors":[],"current_hp_per_floor":[70,70,70,75,75,75,75,46,46,46,46,46,46,56,80,0,0],"gold":243,"neow_bonus":"THREE_ENEMY_KILL","is_daily":false,"chose_seed":false,"campfire_upgraded":2,"win_rate":0.0,"timestamp":1612403063,"path_taken":["M","?","?","?","M","E","R","E","T","M","R","?","M","M","R","BOSS"],"items_purchased_type":[],"build_version":"2020-12-22","purchased_purges":0,"victory":false,"max_hp_per_floor":[70,70,70,75,75,75,75,75,75,75,75,75,75,80,80,80,80],"card_choices":[{"not_picked":["All Out Attack","Flying Knee"],"picked":"Outmaneuver","floor":1},{"not_picked":["Poisoned Stab","Sucker Punch"],"picked":"Blade Dance","floor":5},{"not_picked":["Masterful Stab","Deadly Poison"],"picked":"Terror","floor":6},{"not_picked":["Quick Slash","All Out Attack"],"picked":"Escape Plan","floor":8},{"not_picked":["Dagger Throw","Underhanded Strike"],"picked":"Reflex","floor":10},{"not_picked":["Outmaneuver","Noxious Fumes"],"picked":"Blade Dance","floor":13},{"not_picked":["PiercingWail","Slice"],"picked":"Backflip","floor":14}],"player_experience":83884,"relics_obtained":[{"floor":3,"key":"Nunchaku"},{"floor":6,"key":"Toy Ornithopter"},{"floor":8,"key":"Omamori"},{"floor":9,"key":"Ninja Scroll"}],"event_choices":[{"damage_healed":0,"gold_gain":0,"player_choice":"Ignored","damage_taken":0,"max_hp_gain":0,"max_hp_loss":0,"event_name":"Golden Wing","floor":2,"gold_loss":0},{"damage_healed":0,"gold_gain":0,"player_choice":"Donut","damage_taken":0,"max_hp_gain":5,"max_hp_loss":0,"event_name":"Big Fish","floor":4,"gold_loss":0},{"damage_healed":0,"gold_gain":0,"player_choice":"Left Gold","damage_taken":0,"max_hp_gain":0,"max_hp_loss":0,"event_name":"World of Goop","floor":12,"gold_loss":45}],"is_beta":false,"boss_relics":[],"items_purged_floors":[],"is_endless":false,"potions_floor_spawned":[6,8,13,14],"killed_by":"Hexaghost","ascension_level":1}}