{"host":"w01zow3jg16g8jdh","time":1612450676,"event":{"mods":["AchievementEnabler","BaseMod","DeckTracker","Keyboard Shortcuts","Minty Spire (QoL Compilation)","Permanent Neow","StSLib","SuperFastMode"],"gold_per_floor":[362,362,373,389,235,235,263,163,163,188,208,224,236,252,252,323,323,263,263,263,263,188,188,188,188,188,188,188,188],"floor_reached":28,"language":"KOR","playtime":698,"items_purged":["Strike_R","Strike_R"],"score":594,"play_id":"b0776f3a-f0f7-4f58-abeb-1d3d4678b760","local_time":"20210204235756","is_ascension_mode":true,"campfire_choices":[{"data":"Bash","floor":6.0,"key":"SMITH"},{"data":"Pommel Strike","floor":15.0,"key":"SMITH"},{"data":"Offering","floor":24.0,"key":"SMITH"}],"circlet_count":0,"master_deck":["AscendersBane","Strike_R","Strike_R","Defend_R","Defend_R","Defend_R","Defend_R","Bash+1","Uppercut+1","Shrug It Off","Dropkick","Pommel Strike+1","Evolve","Ghostly Armor","Offering+1","Dropkick","Seeing Red"],"relics":["Burning Blood","Charon\u0027s Ashes","Mango","Ectoplasm","Mummified Hand","White Beast Statue","Lantern"],"acts_visited":["Exordium","TheCity"],"potions_floor_usage":[25,25,27,28,28],"damage_taken":[{"damage":16.0,"enemies":"Jaw Worm","floor":1.0,"turns":5.0},{"damage":4.0,"enemies":"Cultist","floor":3.0,"turns":3.0},{"damage":8.0,"enemies":"2 Louse","floor":4.0,"turns":3.0},{"damage":24.0,"enemies":"Gremlin Nob","floor":7.0,"turns":4.0},{"damage":22.0,"enemies":"3 Sentries","floor":10.0,"turns":7.0},{"damage":10.0,"enemies":"Lots of Slimes","floor":11.0,"turns":6.0},{"damage":20.0,"enemies":"Exordium Wildlife","floor":12.0,"turns":4.0},{"damage":13.0,"enemies":"Large Slime","floor":13.0,"turns":5.0},{"damage":4.0,"enemies":"Blue Slaver","floor":14.0,"turns":5.0},{"damage":20.0,"enemies":"Slime Boss","floor":16.0,"turns":6.0},{"damage":13.0,"enemies":"2 Thieves","floor":18.0,"turns":3.0},{"damage":6.0,"enemies":"Chosen","floor":19.0,"turns":3.0},{"damage":19.0,"enemies":"Snake Plant","floor":20.0,"turns":4.0},{"damage":23.0,"enemies":"Book of Stabbing","floor":23.0,"turns":5.0},{"damage":18,"enemies":"Gremlin Leader","floor":25,"turns":3},{"damage":25,"enemies":"Sentry and Sphere","floor":27,"turns":4},{"damage":14,"enemies":"Shelled Parasite and Fungi","floor":28,"turns":3}],"seed_played":"-4397959543439556447","potions_obtained":[{"floor":3.0,"key":"BloodPotion"},{"floor":10.0,"key":"FearPotion"},{"floor":12.0,"key":"Energy Potion"},{"floor":14.0,"key":"Energy Potion"},{"floor":16.0,"key":"Block Potion"},{"floor":19.0,"key":"AttackPotion"},{"floor":23.0,"key":"EntropicBrew"},{"floor":25,"key":"BloodPotion"},{"floor":27,"key":"PowerPotion"}],"is_trial":false,"path_per_floor":["M","?","M","M","$","R","E","$","T","E","M","M","M","M","R","B",null,"M","M","M","?","?","E","R","E","T","M","M"],"character_chosen":"IRONCLAD","items_purchased":["Dropkick"],"campfire_rested":0,"item_purchase_floors":[5],"current_hp_per_floor":[58,58,60,58,58,58,40,40,40,38,34,20,29,31,31,17,66,59,59,46,46,46,29,29,17,17,14,0,0],"gold":188,"neow_bonus":"TWO_FIFTY_GOLD","is_daily":false,"chose_seed":false,"campfire_upgraded":3,"win_rate":0.0,"timestamp":1612450676,"path_taken":["M","?","M","M","$","R","E","?","T","E","M","M","M","M","R","BOSS","M","?","M","?","?","E","R","E","T","M","?"],"items_purchased_type":["Card"],"build_version":"2020-12-22","purchased_purges":2,"victory":false,"max_hp_per_floor":[68,68,68,68,68,68,68,68,68,82,82,82,82,82,82,82,82,82,82,82,82,82,82,82,82,82,82,82,82],"card_choices":[{"not_picked":["True Grit","Twin Strike"],"picked":"Uppercut","floor":1.0},{"not_picked":["True Grit","Anger","Thunderclap"],"picked":"SKIP","floor":3.0},{"not_picked":["Anger","Sentinel"],"picked":"Shrug It Off","floor":4.0},{"not_picked":["Sentinel","Havoc","Bloodletting"],"picked":"SKIP","floor":7.0},{"not_picked":["True Grit","Exhume"],"picked":"Pommel Strike","floor":10.0},{"not_picked":["Battle Trance","Perfected Strike"],"picked":"Evolve","floor":11.0},{"not_picked":["Anger","True Grit"],"picked":"Ghostly Armor","floor":12.0},{"not_picked":["Rampage","Clash","Metallicize"],"picked":"SKIP","floor":13.0},{"not_picked":["Shrug It Off","Headbutt","Searing Blow"],"picked":"SKIP","floor":14.0},{"not_picked":["Fiend Fire","Exhume"],"picked":"Offering","floor":16.0},{"not_picked":["Sword Boomerang","Twin Strike+1","Cleave"],"picked":"SKIP","floor":18.0},{"not_picked":["Sword Boomerang","Thunderclap","Perfected Strike"],"picked":"SKIP","floor":19.0},{"not_picked":["Clothesline+1","Body Slam"],"picked":"Dropkick","floor":20.0},{"not_picked":["Spot Weakness","Sword Boomerang","Twin Strike"],"picked":"SKIP","floor":23.0},{"not_picked":["True Grit","Demon Form"],"picked":"Seeing Red","floor":25},{"not_picked":["Infernal Blade","Ghostly Armor","True Grit"],"picked":"SKIP","floor":27}],"player_experience":359656,"relics_obtained":[{"floor":7.0,"key":"Charon\u0027s Ashes"},{"floor":10.0,"key":"Mango"},{"floor":23.0,"key":"Mummified Hand"},{"floor":25,"key":"White Beast Statue"},{"floor":26,"key":"Lantern"}],"event_choices":[{"damage_healed":0.0,"max_hp_gain":0.0,"max_hp_loss":0.0,"gold_gain":0.0,"event_name":"Upgrade Shrine","player_choice":"Upgraded","floor":2.0,"gold_loss":0.0,"damage_taken":0.0,"cards_upgraded":["Uppercut"]},{"damage_healed":0.0,"max_hp_gain":0.0,"max_hp_loss":0.0,"gold_gain":0.0,"event_name":"Ghosts","player_choice":"Ignored","floor":21.0,"gold_loss":0.0,"damage_taken":0.0},{"cards_removed":["Strike_R"],"damage_healed":0.0,"max_hp_gain":0.0,"max_hp_loss":0.0,"gold_gain":0.0,"event_name":"Designer","player_choice":"Single Remove","floor":22.0,"gold_loss":75.0,"damage_taken":0.0}],"is_beta":false,"boss_relics":[{"not_picked":["Snecko Eye","Mark of Pain"],"picked":"Ectoplasm"}],"items_purged_floors":[5,8],"is_endless":false,"potions_floor_spawned":[3,10,12,14,16,19,23,25,27],"killed_by":"Shelled Parasite and Fungi","ascension_level":20}}