{"host":"1mv6gj0zv8k9e9tz","time":1612416219,"event":{"mods":["AchievementEnabler","BaseMod","Better Third Choice","Colored Map","DeckTracker","Highlight Path","KOR Keyword Fix","Keyboard Shortcuts","Minty Spire (QoL Compilation)","Permanent Neow","Quick Restart","Rare Cards Sparkle","StSLib","SuperFastMode","everything is the same but u backflip on backflip"],"gold_per_floor":[362,362,201,213,233,233,253,253,253,265,298,318,318,337,337,411,411,424,437,448,448,68,68,68,68,91,91,91],"floor_reached":27,"language":"KOR","playtime":613,"items_purged":["Doubt"],"score":398,"play_id":"27ecf32a-949c-4d63-9480-1d76fc6b827b","local_time":"20210204142339","is_ascension_mode":true,"campfire_choices":[{"data":"Zap","floor":6.0,"key":"SMITH"},{"data":"Dualcast","floor":8.0,"key":"SMITH"},{"data":"Hologram","floor":13.0,"key":"SMITH"},{"data":"Consume","floor":15.0,"key":"SMITH"},{"floor":23,"key":"REST"},{"data":"Double Energy","floor":25,"key":"SMITH"}],"circlet_count":0,"master_deck":["AscendersBane","Strike_B","Strike_B","Strike_B","Defend_B","Defend_B","Defend_B","Zap+1","Dualcast+1","Chill","Consume+1","Conserve Battery","Sweeping Beam","Hologram+1","Static Discharge+1","Storm+1","Self Repair+1","Double Energy+1","Capacitor+1","Stack+1","Barrage"],"relics":["Cracked Core","TungstenRod","Frozen Egg 2","Blue Candle","Empty Cage","Orrery","Lantern","Juzu Bracelet"],"acts_visited":["Exordium","TheCity"],"potions_floor_usage":[],"damage_taken":[{"damage":11.0,"enemies":"Small Slimes","floor":1.0,"turns":4.0},{"damage":0.0,"enemies":"Cultist","floor":4.0,"turns":4.0},{"damage":0.0,"enemies":"2 Louse","floor":5.0,"turns":4.0},{"damage":7.0,"enemies":"Red Slaver","floor":7.0,"turns":5.0},{"damage":0.0,"enemies":"2 Fungi Beasts","floor":10.0,"turns":3.0},{"damage":15.0,"enemies":"Lagavulin","floor":11.0,"turns":7.0},{"damage":9.0,"enemies":"Large Slime","floor":12.0,"turns":5.0},{"damage":0.0,"enemies":"Exordium Wildlife","floor":14.0,"turns":5.0},{"damage":18.0,"enemies":"Hexaghost","floor":16.0,"turns":7.0},{"damage":9,"enemies":"Spheric Guardian","floor":18,"turns":5},{"damage":15,"enemies":"3 Byrds","floor":19,"turns":4},{"damage":37,"enemies":"Centurion and Healer","floor":20,"turns":5},{"damage":27,"enemies":"Gremlin Leader","floor":27,"turns":2}],"seed_played":"-942212869788276865","potions_obtained":[{"floor":5.0,"key":"ColorlessPotion"},{"floor":7.0,"key":"Regen Potion"},{"floor":10.0,"key":"SkillPotion"},{"floor":12.0,"key":"AttackPotion"},{"floor":14.0,"key":"Fruit Juice"},{"floor":16.0,"key":"PotionOfCapacity"}],"is_trial":false,"path_per_floor":["M","?","$","M","M","R","M","R","T","M","E","M","R","M","R","B",null,"M","M","M","?","$","R","$","R","T","E"],"character_chosen":"DEFECT","items_purchased":["Chill","Orrery","Barrage","Lantern"],"campfire_rested":1,"item_purchase_floors":[3,22,22,22],"current_hp_per_floor":[53,53,53,53,53,53,46,46,46,46,46,37,37,42,42,24,63,54,39,12,2,2,24,24,24,24,0,0],"gold":91,"neow_bonus":"TWO_FIFTY_GOLD","is_daily":false,"chose_seed":false,"campfire_upgraded":5,"win_rate":0.0,"timestamp":1612416219,"path_taken":["M","?","$","?","M","R","?","R","T","M","E","M","R","M","R","BOSS","M","M","M","?","$","R","$","R","T","E"],"items_purchased_type":["Card","Relic","Card","Relic"],"build_version":"2020-12-22","purchased_purges":1,"victory":false,"max_hp_per_floor":[71,71,71,71,71,71,71,71,71,71,71,71,71,76,76,76,76,76,76,76,76,76,76,76,76,76,76,76],"card_choices":[{"not_picked":["Gash","Lockon"],"picked":"Hologram","floor":1.0},{"not_picked":["Doom and Gloom","Steam"],"picked":"Consume","floor":4.0},{"not_picked":["Barrage","Turbo"],"picked":"Conserve Battery","floor":5.0},{"not_picked":["Cold Snap","Go for the Eyes"],"picked":"Sweeping Beam","floor":7.0},{"not_picked":["Conserve Battery","Recycle"],"picked":"Hologram","floor":10.0},{"not_picked":["Rip and Tear","Cold Snap"],"picked":"Static Discharge+1","floor":11.0},{"not_picked":["Conserve Battery","Heatsinks+1","Steam"],"picked":"SKIP","floor":12.0},{"not_picked":["Sweeping Beam","Scrape","Amplify"],"picked":"SKIP","floor":14.0},{"not_picked":["Barrage","Leap"],"picked":"Storm+1","floor":18},{"not_picked":["Gash","Steam Power"],"picked":"Self Repair+1","floor":19},{"not_picked":["Beam Cell","Doom and Gloom"],"picked":"Double Energy","floor":20},{"not_picked":["Go for the Eyes","Double Energy+1"],"picked":"Capacitor+1","floor":22},{"not_picked":["Go for the Eyes","Rip and Tear+1"],"picked":"Stack+1","floor":22}],"player_experience":623517,"relics_obtained":[{"floor":9.0,"key":"Frozen Egg 2"},{"floor":11.0,"key":"Blue Candle"},{"floor":26,"key":"Juzu Bracelet"}],"event_choices":[{"cards_removed":["Hologram"],"damage_healed":0.0,"max_hp_gain":0.0,"max_hp_loss":0.0,"gold_gain":0.0,"event_name":"WeMeetAgain","player_choice":"Gave Card","floor":2.0,"gold_loss":0.0,"damage_taken":0.0,"relics_obtained":["TungstenRod"]},{"damage_healed":0,"gold_gain":0,"player_choice":"Damaged","damage_taken":11,"max_hp_gain":0,"max_hp_loss":0,"event_name":"Wheel of Change","floor":21,"gold_loss":0}],"is_beta":false,"boss_relics":[{"not_picked":["Busted Crown","Pandora\u0027s Box"],"picked":"Empty Cage"}],"items_purged_floors":[3],"is_endless":false,"potions_floor_spawned":[5,7,10,12,14,16],"killed_by":"Gremlin Leader","ascension_level":17}}