{"host":"17xjy7b7ubl548g2","time":1612424955,"event":{"mods":["2.2 Compatiblity","Act Like it!","Aspiration","Astrologer","Bard","BaseMod","Challenge The Spire","ChefMod","Colored Map","Colored Powertips","Conspire","Elementarium","Energized Spire","Gensokyo","GifTheSpireLib","Halation","Hallownest","Hermit","Hubris","Infinite Spire","Jedi Mod","Jorbs\u0027s Wanderer Trilogy","Marisa（霧雨　魔理沙）","Marked Mod","Menagerie","Minty Spire (QoL Compilation)","Permanent Neow","Reliquary","Replay The Spire","Robot Space Explorer","Spicy Shops","Spire Arcade","StSLib","Stuff the Spire","The Blue Laboratory","The Bug Knight","The Construct","The Disciple","The Hayseed","The Hierophant","The Marked","The Runesmith","The Sage","TheFirefly"],"gold_per_floor":[119,119,134,147,161,161,14,14,38,38,80,98,111,139,139,239,239,253,253,253,253,253,284,284,284,284,296,63,63,90,124,124,225,225,239,254,584,599,599,599,612,612,612,645,662,697,67,67,67,67,67,67,67,100,100],"floor_reached":56,"language":"ENG","playtime":6503,"items_purged":["bard:Strike","bard:Strike"],"score":1624,"play_id":"9a5b298b-dc07-4a69-866d-b903fa8173b1","local_time":"20210204024915","is_ascension_mode":true,"campfire_choices":[{"data":"bard:Heroism","floor":6.0,"key":"SMITH"},{"data":"bard:Riposte","floor":8.0,"key":"SMITH"},{"data":"bard:TinyHut","floor":10.0,"key":"SMITH"},{"data":"bard:DeathMetal","floor":15.0,"key":"SMITH"},{"data":"bard:DeathMetal","floor":21.0,"key":"SMITH"},{"data":"bard:HideousLaughter","floor":24.0,"key":"SMITH"},{"data":"ReplayUltimateDefense","floor":29.0,"key":"SMITH"},{"floor":32.0,"key":"RECALL"},{"data":"bard:Focused","floor":40.0,"key":"SMITH"},{"data":"Replay:Fractal Strike","floor":42.0,"key":"SMITH"},{"data":"bard:Aphasia","floor":48.0,"key":"SMITH"},{"data":"bard:OffKey","floor":49.0,"key":"SMITH"},{"data":"bard:LingeringEcho","floor":52,"key":"SMITH"}],"circlet_count":0,"master_deck":["bard:Strike","bard:Defend","bard:Defend","bard:Defend","bard:Defend","bard:Riposte+1","bard:Inspire+1","bard:Thunderwave","bard:Thunderwave","bard:Heroism+1","bard:TinyHut+1","bard:DeathMetal+1","bard:HideousLaughter+1","bard:LingeringEcho+1","bard:Accelerando","bard:DeathMetal+1","bard:Thunderwave","Replay:Fractal Strike+1","bard:Parry","ReplayUltimateDefense+1","bard:TinyHut+1","bard:Focused+1","bard:EchoEcho+1","bard:Thunderwave","bard:PhantasmalForce+1","bard:OffKey+1","bard:Aphasia+1","bard:FirstStrike+1","bard:FirstStrike+1","bard:Silence+1","Dark Shackles+1","bard:FeastOnFear"],"relics":["bard:PitchPipe","bard:BagPipes","HollowMod:JonisBlessing","jedi:arcanewood","Singing Bowl","reliquary:BallBearing","Busted Crown","SlaversCollar","Oddly Smooth Stone","halation:EternalFortune","halation:QuantumPhysicsTextbook","infinitespire:Bottled Soul","Toy Ornithopter","Runic Pyramid","Old Coin","Onion Ring","jedi:Pinwheel","reliquary:IridiumChain","Gremlin Food","Golden Egg","jedi:crownofsimplicity"],"acts_visited":["Exordium","Gensokyo:Gensokyo","Gensokyo:Gensokyoer","TheEnding"],"potions_floor_usage":[55,55,55,55,55,55],"damage_taken":[{"damage":1.0,"enemies":"Gensokyo:Gryphon","floor":1.0,"turns":4.0},{"damage":4.0,"enemies":"Gensokyo:Python","floor":3.0,"turns":3.0},{"damage":0.0,"enemies":"Gensokyo:3_Fairies","floor":4.0,"turns":2.0},{"damage":1.0,"enemies":"Gensokyo:Gryphon_and_Rabbit","floor":5.0,"turns":5.0},{"damage":0.0,"enemies":"Gensokyo:2_Rabbits","floor":12.0,"turns":3.0},{"damage":0.0,"enemies":"Gensokyo:Kitsune","floor":13.0,"turns":3.0},{"damage":0.0,"enemies":"Gensokyo:Mamizou","floor":14.0,"turns":7.0},{"damage":38.0,"enemies":"Gensokyo:Yukari","floor":16.0,"turns":9.0},{"damage":0.0,"enemies":"Gensokyo:2_Gloops","floor":18.0,"turns":3.0},{"damage":0.0,"enemies":"Gensokyo:Tenshi","floor":23.0,"turns":3.0},{"damage":0.0,"enemies":"Gensokyo:AngelMirror","floor":27.0,"turns":4.0},{"damage":0.0,"enemies":"Gensokyo:Reisen","floor":31.0,"turns":1.0},{"damage":7.0,"enemies":"Gensokyo:Eiki","floor":33.0,"turns":6.0},{"damage":0.0,"enemies":"Gensokyo:AncientGuardian","floor":35.0,"turns":7.0},{"damage":0.0,"enemies":"Gensokyo:3_Bats","floor":36.0,"turns":4.0},{"damage":0.0,"enemies":"conspire:MimicChest","floor":37.0,"turns":6.0},{"damage":0.0,"enemies":"Gensokyo:Sharpion","floor":38.0,"turns":5.0},{"damage":3.0,"enemies":"Gensokyo:SeedOfUnknown","floor":41.0,"turns":4.0},{"damage":0.0,"enemies":"Gensokyo:Doremy","floor":44.0,"turns":5.0},{"damage":0.0,"enemies":"Gensokyo:AtlasGolem","floor":45.0,"turns":6.0},{"damage":0.0,"enemies":"Gensokyo:Marisa","floor":46.0,"turns":6.0},{"damage":0,"enemies":"Gensokyo:Shinki","floor":50,"turns":8},{"damage":0,"enemies":"Shield and Spear","floor":54,"turns":5},{"damage":0,"enemies":"The Heart","floor":55,"turns":9}],"seed_played":"481032145931454417","potions_obtained":[{"floor":3.0,"key":"blueLaboratory:HorrorPotion"},{"floor":5.0,"key":"blueLaboratory:EnragingPotion"},{"floor":12.0,"key":"Elixir"},{"floor":14.0,"key":"Languid Potion"},{"floor":23.0,"key":"infinitespire:BlackPotion"},{"floor":33.0,"key":"jedi:tentaclejuice"},{"floor":35.0,"key":"Block Potion"},{"floor":36.0,"key":"blueLaboratory:HorrorPotion"},{"floor":45.0,"key":"EntropicBrew"},{"floor":54,"key":"PowerPotion"}],"is_trial":false,"path_per_floor":["M","?","M","M","M","R","$","R","T","R","?","M","M","E","R","B",null,"M","AVR","?","R","?","E","R","?","T","M","$","R","T","E","R","B",null,"M","M","?","M","T","R","M","R","T","E","M","E","$","R","R","B",null,"R","$","E","B",null],"character_chosen":"BARD","items_purchased":["HollowMod:JonisBlessing","ReplayUltimateDefense","Golden Egg","bard:FirstStrike","bard:Wish","Dark Shackles"],"campfire_rested":0,"item_purchase_floors":[7,28,47,47,47,47],"current_hp_per_floor":[69,70,66,66,65,65,65,65,65,65,48,48,50,50,50,12,72,72,72,57,57,60,60,60,60,60,62,62,62,62,62,62,55,77,77,77,79,81,81,81,78,78,78,78,80,80,80,80,80,80,83,83,83,83,83],"gold":100,"neow_bonus":"UPGRADE_CARD","is_daily":false,"chose_seed":false,"campfire_upgraded":12,"win_rate":0.0,"timestamp":1612424955,"path_taken":["M","?","M","?","M","R","?","R","T","R","?","M","M","E","R","BOSS","M","AVR","?","?","?","E","R","?","T","M","$","R","?","E","R","BOSS","M","M","?","?","?","R","M","R","T","E","?","E","$","?","R","BOSS","R","$","E","BOSS"],"items_purchased_type":["Relic","Card","Relic","Card","Card","Card"],"build_version":"2020-12-22","purchased_purges":2,"victory":true,"max_hp_per_floor":[70,70,70,70,70,70,70,70,70,70,70,70,72,72,72,72,72,72,72,72,72,75,75,75,75,75,77,77,77,77,77,77,77,77,77,77,79,81,81,81,81,81,81,81,83,83,83,83,83,83,83,83,83,83,83],"card_choices":[{"not_picked":["bard:HideousLaughter","bard:GreaterMagicWeapon"],"picked":"bard:Thunderwave","floor":1.0},{"not_picked":["bard:Solo","bard:FeastOnFear"],"picked":"bard:Thunderwave","floor":3.0},{"not_picked":["bard:InspiringSong","bard:LingeringPerformance"],"picked":"bard:Heroism","floor":4.0},{"not_picked":["bard:DervishDance","bard:Sift"],"picked":"bard:TinyHut","floor":5.0},{"not_picked":["bard:Gamble","bard:FeastOnFear"],"picked":"bard:DeathMetal","floor":11.0},{"not_picked":["bard:Sift","bard:Gamble"],"picked":"bard:HideousLaughter","floor":11.0},{"not_picked":["bard:SongBolt","bard:BestowCurse"],"picked":"bard:LingeringEcho","floor":12.0},{"not_picked":["bard:Sift","bard:CuttingWords","bard:LingeringPerformance"],"picked":"Singing Bowl","floor":13.0},{"not_picked":["bard:FaerieFire","bard:PrismaticSpray"],"picked":"bard:Accelerando","floor":14.0},{"not_picked":["bard:CovetousAura","bard:Haste"],"picked":"bard:DeathMetal","floor":16.0},{"not_picked":[],"picked":"bard:Thunderwave","floor":18.0},{"not_picked":[],"picked":"bard:Parry","floor":23.0},{"not_picked":["bard:InspiringSong+1"],"picked":"Singing Bowl","floor":27.0},{"not_picked":[],"picked":"bard:TinyHut+1","floor":31.0},{"not_picked":[],"picked":"bard:Focused","floor":33.0},{"not_picked":[],"picked":"bard:EchoEcho+1","floor":35.0},{"not_picked":[],"picked":"bard:Thunderwave","floor":36.0},{"not_picked":["bard:TinyHut"],"picked":"Singing Bowl","floor":37.0},{"not_picked":["bard:Sift"],"picked":"Singing Bowl","floor":38.0},{"not_picked":[],"picked":"bard:PhantasmalForce+1","floor":41.0},{"not_picked":[],"picked":"bard:OffKey","floor":44.0},{"not_picked":["bard:SongBolt+1"],"picked":"Singing Bowl","floor":45.0},{"not_picked":[],"picked":"bard:Aphasia","floor":46.0},{"not_picked":[],"picked":"bard:FeastOnFear","floor":54}],"player_experience":2053413,"relics_obtained":[{"floor":9.0,"key":"jedi:arcanewood"},{"floor":11.0,"key":"Singing Bowl"},{"floor":14.0,"key":"reliquary:BallBearing"},{"floor":23.0,"key":"halation:QuantumPhysicsTextbook"},{"floor":26.0,"key":"infinitespire:Bottled Soul"},{"floor":31.0,"key":"Toy Ornithopter"},{"floor":37.0,"key":"Old Coin"},{"floor":39.0,"key":"Onion Ring"},{"floor":43.0,"key":"jedi:Pinwheel"},{"floor":44.0,"key":"reliquary:IridiumChain"},{"floor":46.0,"key":"Gremlin Food"},{"floor":54,"key":"jedi:crownofsimplicity"}],"event_choices":[],"is_beta":false,"boss_relics":[{"not_picked":["energizedSpire:NeverEndingSparkler","jedi:paperlyon"],"picked":"Busted Crown"},{"not_picked":["reliquary:Craggleroot","Tiny House"],"picked":"Runic Pyramid"}],"items_purged_floors":[19,47],"is_endless":false,"potions_floor_spawned":[3,5,12,14,23,33,35,36,45,46,54],"ascension_level":3}}