{"host":"4eao2pkwlmv012cz","time":1612430696,"event":{"mods":["BaseMod","Colored Powertips","Minty Spire (QoL Compilation)","Permanent Neow","Quick Restart","Random Character Button","StSLib"],"gold_per_floor":[111,131,2,2,14,14,24,24,24,53,53,53,53],"floor_reached":12,"language":"ENG","playtime":275,"items_purged":[],"score":156,"play_id":"cd5e5c4b-943b-4261-9f8c-7b8583f29c81","local_time":"20210204042456","is_ascension_mode":true,"campfire_choices":[{"floor":6,"key":"REST"},{"floor":8,"key":"REST"},{"floor":11,"key":"REST"}],"circlet_count":0,"master_deck":["AscendersBane","Strike_B","Strike_B","Defend_B","Defend_B","Defend_B","Zap","Dualcast","Creative AI","Rip and Tear","Fusion","Leap","Static Discharge","Hello World","Lockon","Reinforced Body","Biased Cognition"],"relics":["Cracked Core","WingedGreaves","Meat on the Bone"],"acts_visited":["Exordium"],"potions_floor_usage":[2,5,10],"damage_taken":[{"damage":10,"enemies":"Small Slimes","floor":1,"turns":3},{"damage":27,"enemies":"Cultist","floor":2,"turns":5},{"damage":12,"enemies":"Jaw Worm","floor":5,"turns":3},{"damage":11,"enemies":"Looter","floor":7,"turns":2},{"damage":38,"enemies":"3 Sentries","floor":10,"turns":5},{"damage":27,"enemies":"Gremlin Nob","floor":12,"turns":3}],"seed_played":"-3813391972698638206","potions_obtained":[{"floor":1,"key":"DistilledChaos"},{"floor":7,"key":"PowerPotion"}],"is_trial":false,"path_per_floor":["M","M","$","?","M","R","M","R","T","E","R","E"],"character_chosen":"DEFECT","items_purchased":["Static Discharge","Fire Potion"],"campfire_rested":3,"item_purchase_floors":[3,3],"current_hp_per_floor":[54,27,27,27,15,34,23,42,42,4,23,0,0],"gold":53,"neow_bonus":"TRANSFORM_TWO_CARDS","is_daily":false,"chose_seed":false,"campfire_upgraded":0,"win_rate":0.0,"timestamp":1612430696,"path_taken":["M","M","$","?","M","R","M","R","T","E","R","E"],"items_purchased_type":["Card","Potion"],"build_version":"2020-12-22","purchased_purges":0,"victory":false,"max_hp_per_floor":[64,64,64,64,64,64,64,64,64,64,64,64,64],"card_choices":[{"not_picked":["Steam","Coolheaded"],"picked":"Fusion","floor":1},{"not_picked":["Steam","Barrage"],"picked":"Leap","floor":2},{"not_picked":["Genetic Algorithm","Redo"],"picked":"Lockon","floor":5},{"not_picked":["Gash","Coolheaded"],"picked":"Reinforced Body","floor":7},{"not_picked":["Static Discharge","Stack"],"picked":"Biased Cognition","floor":10}],"player_experience":2873448,"relics_obtained":[{"floor":9,"key":"WingedGreaves"},{"floor":10,"key":"Meat on the Bone"}],"event_choices":[{"damage_healed":0,"gold_gain":0,"cards_transformed":["Strike_B"],"player_choice":"Transformed","damage_taken":0,"max_hp_gain":0,"max_hp_loss":0,"event_name":"Transmorgrifier","floor":4,"gold_loss":0,"cards_obtained":["Hello World"]}],"is_beta":false,"boss_relics":[],"items_purged_floors":[],"is_endless":false,"potions_floor_spawned":[1,7],"killed_by":"Gremlin Nob","ascension_level":20}}