{"host":"t1puqh5lxz8sp6fn","time":1612474389,"event":{"mods":["AchievementEnabler","BaseMod","Colored Powertips","Minty Spire (QoL Compilation)","Rare Cards Sparkle","Relic Stats","StSLib"],"gold_per_floor":[119,134,134,146,164,197,197,228,228,228,260,270,285,54,54,130,130,150,75,75,95,370,370,402,402,402,437,437,455,455,106,106,185,185,202,202,56,66,81,108,108,108,157,168,168,194,209,222,222,222,222,222,1,32,32,32],"floor_reached":55,"playtime":3080,"items_purged":["Strike_G","Strike_G"],"score":1337,"play_id":"fcf22a24-0040-4018-9af5-edf201ee61b7","local_time":"20210204183309","is_ascension_mode":true,"campfire_choices":[{"floor":7.0,"key":"REST"},{"data":"Corpse Explosion","floor":10.0,"key":"SMITH"},{"data":"Noxious Fumes","floor":15.0,"key":"SMITH"},{"data":"Doppelganger","floor":23.0,"key":"SMITH"},{"data":"Prepared","floor":25.0,"key":"SMITH"},{"data":"Crippling Poison","floor":28.0,"key":"SMITH"},{"data":"Dagger Throw","floor":30.0,"key":"SMITH"},{"data":"Dark Shackles","floor":32.0,"key":"SMITH"},{"floor":42,"key":"RECALL"},{"data":"PiercingWail","floor":49,"key":"SMITH"},{"data":"Malaise","floor":52,"key":"SMITH"}],"circlet_count":0,"master_deck":["AscendersBane","Strike_G","Defend_G","Defend_G","Defend_G","Defend_G","Defend_G","Survivor+1","Neutralize","Heel Hook","Noxious Fumes+1","Underhanded Strike","Dagger Throw+1","Corpse Explosion+1","Well Laid Plans","Poisoned Stab","Prepared+1","Acrobatics+1","Doppelganger+1","Crippling Poison+1","Regret","Calculated Gamble","Dark Shackles+1","Malaise+1","Blade Dance+1","Sucker Punch+1","Blade Dance+1","Purity","Blade Dance+1","Backflip+1","PiercingWail+1","Catalyst","Tactician","Setup+1"],"relics":["Ring of the Snake","Tough Bandages","Bronze Scales","Eternal Feather","Meat on the Bone","Shuriken","Medical Kit","Coffee Dripper","Tiny Chest","Matryoshka","Toolbox","Sozu","Molten Egg 2","Kunai","Oddly Smooth Stone","Paper Crane","The Courier","Potion Belt","The Specimen","War Paint","ClockworkSouvenir","Blood Vial"],"acts_visited":["Exordium","TheCity","TheBeyond","TheEnding"],"potions_floor_usage":[38,55],"damage_taken":[{"damage":2.0,"enemies":"Small Slimes","floor":1.0,"turns":5.0},{"damage":0.0,"enemies":"2 Louse","floor":2.0,"turns":3.0},{"damage":0.0,"enemies":"Cultist","floor":4.0,"turns":3.0},{"damage":17.0,"enemies":"Exordium Thugs","floor":5.0,"turns":4.0},{"damage":4.0,"enemies":"3 Sentries","floor":6.0,"turns":4.0},{"damage":24.0,"enemies":"Lagavulin","floor":8.0,"turns":5.0},{"damage":15.0,"enemies":"3 Sentries","floor":11.0,"turns":4.0},{"damage":0.0,"enemies":"2 Fungi Beasts","floor":12.0,"turns":2.0},{"damage":0.0,"enemies":"3 Louse","floor":13.0,"turns":2.0},{"damage":17.0,"enemies":"Hexaghost","floor":16.0,"turns":7.0},{"damage":16.0,"enemies":"Spheric Guardian","floor":18.0,"turns":4.0},{"damage":1.0,"enemies":"Chosen","floor":21.0,"turns":4.0},{"damage":27.0,"enemies":"Gremlin Leader","floor":24.0,"turns":5.0},{"damage":19.0,"enemies":"Slavers","floor":27.0,"turns":2.0},{"damage":4.0,"enemies":"Snecko","floor":29.0,"turns":4.0},{"damage":0.0,"enemies":"Collector","floor":33.0,"turns":7.0},{"damage":6.0,"enemies":"Orb Walker","floor":35.0,"turns":4.0},{"damage":0,"enemies":"3 Shapes","floor":38,"turns":1},{"damage":20,"enemies":"Maw","floor":39,"turns":6},{"damage":19,"enemies":"Giant Head","floor":40,"turns":8},{"damage":4,"enemies":"Sphere and 2 Shapes","floor":44,"turns":3},{"damage":22,"enemies":"Reptomancer","floor":46,"turns":5},{"damage":0,"enemies":"4 Shapes","floor":47,"turns":2},{"damage":4,"enemies":"3 Darklings","floor":48,"turns":3},{"damage":25,"enemies":"Awakened One","floor":50,"turns":9},{"damage":33,"enemies":"Shield and Spear","floor":54,"turns":5},{"damage":69,"enemies":"The Heart","floor":55,"turns":6}],"seed_played":"3721630088899124105","potions_obtained":[{"floor":1.0,"key":"DuplicationPotion"},{"floor":4.0,"key":"SkillPotion"},{"floor":6.0,"key":"LiquidBronze"},{"floor":11.0,"key":"Fire Potion"},{"floor":16.0,"key":"Regen Potion"},{"floor":29.0,"key":"FearPotion"}],"is_trial":false,"path_per_floor":["M","M","?","M","M","E","R","E","T","R","E","M","M","$","R","B",null,"M","?","?","M","?","R","E","R","T","E","R","M","R","$","R","B",null,"M","T","$","M","M","E","?","R","T","M","T","E","M","M","R","B",null,"R","$","E","B"],"character_chosen":"THE_SILENT","items_purchased":["Medical Kit","Dark Shackles","Toolbox","Oddly Smooth Stone","ClockworkSouvenir","Catalyst","Tactician"],"campfire_rested":1,"item_purchase_floors":[14,31,31,37,53,53,53],"current_hp_per_floor":[61,61,61,61,44,40,58,34,34,43,40,40,40,40,52,35,56,40,40,61,60,60,63,36,48,48,41,53,49,61,61,63,63,63,57,57,57,57,37,30,30,45,45,41,41,31,43,39,57,32,55,63,63,42,0,0],"gold":32,"neow_bonus":"ONE_RARE_RELIC","is_daily":false,"chose_seed":false,"campfire_upgraded":9,"win_rate":0.0,"timestamp":1612474389,"path_taken":["M","M","?","M","M","E","R","E","T","R","E","M","M","$","R","BOSS","M","?","?","M","?","R","E","R","T","E","R","M","R","$","R","BOSS","M","?","?","M","M","E","?","R","T","M","?","E","?","M","R","BOSS","R","$","E","BOSS"],"items_purchased_type":["Relic","Card","Relic","Relic","Relic","Card","Card"],"build_version":"2020-12-13","purchased_purges":2,"victory":false,"max_hp_per_floor":[63,63,63,63,63,63,63,63,63,63,63,63,63,63,63,63,63,63,63,63,63,63,63,63,63,63,63,63,63,63,63,63,63,63,63,63,63,63,63,63,63,63,63,63,63,63,63,63,63,63,63,63,63,63,63,63],"relic_stats":{"counters":[27,117],"Eternal Feather":103,"War Paint":["Acrobatics","Survivor"],"Medical Kit":[1],"Sozu":4,"Blood Vial":2,"Tough Bandages":[417],"Shuriken":[68],"Bronze Scales":[347],"Tiny Chest":1,"Kunai":[51],"obtain_stats":[{"Potion Belt":43,"The Specimen":45,"Oddly Smooth Stone":37,"Eternal Feather":8,"The Courier":43,"Paper Crane":40,"War Paint":46,"Medical Kit":14,"ClockworkSouvenir":53,"Sozu":34,"Blood Vial":54,"Tough Bandages":0,"Matryoshka":27,"Shuriken":11,"Bronze Scales":6,"Toolbox":31,"Tiny Chest":24,"Molten Egg 2":36,"Coffee Dripper":17,"Kunai":36,"Ring of the Snake":0,"Meat on the Bone":9},{"Potion Belt":20,"The Specimen":21,"Oddly Smooth Stone":17,"Eternal Feather":6,"The Courier":20,"Paper Crane":20,"War Paint":22,"Medical Kit":9,"ClockworkSouvenir":25,"Sozu":16,"Blood Vial":26,"Tough Bandages":0,"Matryoshka":14,"Shuriken":7,"Bronze Scales":5,"Toolbox":15,"Tiny Chest":13,"Molten Egg 2":17,"Coffee Dripper":10,"Kunai":17,"Ring of the Snake":0,"Meat on the Bone":6},{"Potion Belt":84,"The Specimen":87,"Oddly Smooth Stone":69,"Eternal Feather":24,"The Courier":84,"Paper Crane":84,"War Paint":92,"Medical Kit":32,"ClockworkSouvenir":106,"Sozu":65,"Blood Vial":111,"Tough Bandages":0,"Matryoshka":54,"Shuriken":28,"Bronze Scales":19,"Toolbox":58,"Tiny Chest":52,"Molten Egg 2":69,"Coffee Dripper":39,"Kunai":69,"Ring of the Snake":0,"Meat on the Bone":24}],"Ring of the Snake":[54],"Meat on the Bone":72},"card_choices":[{"not_picked":["Choke","Backflip"],"picked":"Heel Hook","floor":1.0},{"not_picked":["Outmaneuver","Poisoned Stab"],"picked":"Noxious Fumes","floor":2.0},{"not_picked":["Blade Dance","Flying Knee"],"picked":"Dagger Throw","floor":4.0},{"not_picked":["Deflect","Sucker Punch"],"picked":"Corpse Explosion","floor":5.0},{"not_picked":["Deadly Poison","Deflect"],"picked":"Well Laid Plans","floor":6.0},{"not_picked":["Underhanded Strike","Tactician"],"picked":"Poisoned Stab","floor":8.0},{"not_picked":["All Out Attack","Skewer"],"picked":"Prepared","floor":11.0},{"not_picked":["Poisoned Stab","Concentrate"],"picked":"Acrobatics","floor":12.0},{"not_picked":["Outmaneuver","Bouncing Flask","Reflex"],"picked":"SKIP","floor":13.0},{"not_picked":["Unload","Venomology"],"picked":"Doppelganger","floor":16.0},{"not_picked":["Flying Knee","Concentrate+1"],"picked":"Crippling Poison","floor":18.0},{"not_picked":["Masterful Stab","Slice","Choke+1"],"picked":"SKIP","floor":21.0},{"not_picked":["Cloak And Dagger","Well Laid Plans","Flying Knee"],"picked":"SKIP","floor":24.0},{"not_picked":["Skewer","Dagger Throw"],"picked":"Calculated Gamble","floor":27.0},{"not_picked":["Flechettes","Deflect","Finisher"],"picked":"SKIP","floor":29.0},{"not_picked":["Venomology","Grand Finale"],"picked":"Malaise","floor":33.0},{"not_picked":["All Out Attack+1","Acrobatics"],"picked":"Blade Dance+1","floor":35.0},{"not_picked":["Dagger Spray+1","Dodge and Roll"],"picked":"Sucker Punch+1","floor":38},{"not_picked":["Acrobatics","Masterful Stab+1"],"picked":"Blade Dance+1","floor":39},{"not_picked":["Heel Hook+1","Finisher+1","Deadly Poison"],"picked":"SKIP","floor":40},{"not_picked":["Transmutation","Jack Of All Trades"],"picked":"Purity","floor":41},{"not_picked":["Masterful Stab+1","Poisoned Stab+1"],"picked":"Blade Dance+1","floor":44},{"not_picked":["Blur","Dagger Spray+1"],"picked":"Backflip+1","floor":46},{"not_picked":["Finisher+1","Underhanded Strike+1","Cloak And Dagger"],"picked":"SKIP","floor":47},{"not_picked":["Backflip","Predator+1"],"picked":"PiercingWail","floor":48},{"not_picked":["Bane+1","Noxious Fumes"],"picked":"Setup+1","floor":54}],"player_experience":471013,"relics_obtained":[{"floor":6.0,"key":"Bronze Scales"},{"floor":8.0,"key":"Eternal Feather"},{"floor":9.0,"key":"Meat on the Bone"},{"floor":11.0,"key":"Shuriken"},{"floor":24.0,"key":"Tiny Chest"},{"floor":27.0,"key":"Matryoshka"},{"floor":36.0,"key":"Molten Egg 2"},{"floor":36.0,"key":"Kunai"},{"floor":40,"key":"Paper Crane"},{"floor":43,"key":"The Courier"},{"floor":43,"key":"Potion Belt"},{"floor":45,"key":"The Specimen"},{"floor":46,"key":"War Paint"},{"floor":54,"key":"Blood Vial"}],"event_choices":[{"damage_healed":0.0,"max_hp_gain":0.0,"max_hp_loss":0.0,"gold_gain":0.0,"cards_transformed":["Strike_G"],"event_name":"Living Wall","player_choice":"Change","floor":3.0,"gold_loss":0.0,"damage_taken":0.0,"cards_obtained":["Underhanded Strike"]},{"cards_removed":["Strike_G"],"damage_healed":0.0,"max_hp_gain":0.0,"max_hp_loss":0.0,"gold_gain":0.0,"event_name":"Beggar","player_choice":"Gave Gold","floor":19.0,"gold_loss":75.0,"damage_taken":0.0},{"damage_healed":21.0,"max_hp_gain":0.0,"max_hp_loss":0.0,"gold_gain":0.0,"event_name":"The Library","player_choice":"Heal","floor":20.0,"gold_loss":0.0,"damage_taken":0.0},{"damage_healed":0.0,"max_hp_gain":0.0,"max_hp_loss":0.0,"gold_gain":275.0,"event_name":"Golden Shrine","player_choice":"Desecrate","floor":22.0,"gold_loss":0.0,"damage_taken":0.0,"cards_obtained":["Regret"]},{"damage_healed":0,"gold_gain":0,"player_choice":"Memory 1","damage_taken":0,"max_hp_gain":0,"max_hp_loss":0,"event_name":"SensoryStone","floor":41,"gold_loss":0}],"is_beta":false,"boss_relics":[{"not_picked":["Runic Dome","Philosopher\u0027s Stone"],"picked":"Coffee Dripper"},{"not_picked":["Ring of the Serpent","SacredBark"],"picked":"Sozu"}],"items_purged_floors":[14,31],"is_endless":false,"potions_floor_spawned":[1,4,6,11,16,21,29,38,39,40,46],"killed_by":"The Heart","ascension_level":13}}