{"host":"0kk91h4bq4kgfj0u","time":1612456660,"event":{"mods":["BaseMod","Minty Spire (QoL Compilation)","StSLib"],"gold_per_floor":[116,126,126,143,162,195,195,225,225,26,26,58,78,78,78,78,78],"floor_reached":16,"language":"ENG","playtime":650,"items_purged":["Decay"],"score":199,"play_id":"f0f1bae3-dee9-4d16-a394-bb8aa719f3af","local_time":"20210204113740","is_ascension_mode":true,"campfire_choices":[{"floor":7,"key":"REST"},{"floor":15,"key":"REST"}],"circlet_count":0,"master_deck":["Strike_R","Strike_R","Strike_R","Strike_R","Strike_R","Defend_R","Defend_R","Defend_R","Defend_R","Bash","Clothesline","Iron Wave","Thunderclap","Uppercut","Inflame+1","Clothesline","Footwork","Infernal Blade","Injury"],"relics":["Burning Blood","Smiling Mask","Blood Vial","Darkstone Periapt","PrismaticShard","Incense Burner","Golden Idol"],"acts_visited":["Exordium"],"potions_floor_usage":[6,6,8,12],"damage_taken":[{"damage":12,"enemies":"2 Louse","floor":1,"turns":5},{"damage":5,"enemies":"Cultist","floor":2,"turns":4},{"damage":3,"enemies":"Small Slimes","floor":4,"turns":4},{"damage":27,"enemies":"Exordium Wildlife","floor":5,"turns":6},{"damage":37,"enemies":"Lagavulin","floor":6,"turns":8},{"damage":19,"enemies":"Gremlin Nob","floor":8,"turns":5},{"damage":15,"enemies":"3 Sentries","floor":12,"turns":6},{"damage":27,"enemies":"Large Slime","floor":13,"turns":8},{"damage":63,"enemies":"Slime Boss","floor":16,"turns":9}],"seed_played":"6738270365494258853","potions_obtained":[{"floor":2,"key":"SteroidPotion"},{"floor":4,"key":"EssenceOfSteel"},{"floor":5,"key":"ColorlessPotion"},{"floor":6,"key":"DistilledChaos"},{"floor":8,"key":"Ancient Potion"}],"is_trial":false,"path_per_floor":["M","M","?","M","M","E","R","E","T","$","?","E","M","?","R","B"],"character_chosen":"IRONCLAD","items_purchased":["PrismaticShard"],"campfire_rested":2,"item_purchase_floors":[10],"current_hp_per_floor":[82,83,83,86,65,34,62,49,49,49,49,42,23,29,59,0,0],"gold":78,"neow_bonus":"TWENTY_PERCENT_HP_BONUS","is_daily":false,"chose_seed":false,"campfire_upgraded":0,"win_rate":0.0,"timestamp":1612456660,"path_taken":["M","M","?","M","M","E","R","E","T","$","?","E","M","?","R","BOSS"],"items_purchased_type":["Relic"],"build_version":"2020-12-22","purchased_purges":1,"victory":false,"max_hp_per_floor":[96,96,96,96,96,96,96,96,96,96,96,96,96,102,102,102,102],"card_choices":[{"not_picked":["Rampage","Dual Wield"],"picked":"Clothesline","floor":1},{"not_picked":["Shockwave","Carnage"],"picked":"Iron Wave","floor":2},{"not_picked":["Rupture","Hemokinesis"],"picked":"Thunderclap","floor":4},{"not_picked":["Clash","Combust"],"picked":"Uppercut","floor":5},{"not_picked":["Anger","Immolate"],"picked":"Inflame","floor":6},{"not_picked":["Thunderclap","Warcry"],"picked":"Clothesline","floor":8},{"not_picked":["Go for the Eyes","Dagger Spray"],"picked":"Footwork","floor":12},{"not_picked":["Hologram","Dagger Spray"],"picked":"Infernal Blade","floor":13}],"player_experience":843333,"relics_obtained":[{"floor":6,"key":"Smiling Mask"},{"floor":8,"key":"Blood Vial"},{"floor":9,"key":"Darkstone Periapt"},{"floor":12,"key":"Incense Burner"}],"event_choices":[{"damage_healed":0,"gold_gain":0,"player_choice":"Ignored","damage_taken":0,"max_hp_gain":0,"max_hp_loss":0,"event_name":"Liars Game","floor":3,"gold_loss":0},{"damage_healed":0,"gold_gain":0,"player_choice":"Grow","damage_taken":0,"max_hp_gain":0,"max_hp_loss":0,"event_name":"Living Wall","floor":11,"gold_loss":0,"cards_upgraded":["Inflame"]},{"damage_healed":0,"gold_gain":0,"player_choice":"Take Wound","damage_taken":0,"relics_obtained":["Golden Idol"],"max_hp_gain":0,"max_hp_loss":0,"event_name":"Golden Idol","floor":14,"gold_loss":0,"cards_obtained":["Injury"]}],"is_beta":false,"boss_relics":[],"items_purged_floors":[10],"is_endless":false,"potions_floor_spawned":[2,4,5,6,8],"killed_by":"Slime Boss","ascension_level":9}}