{"host":"v6bx4j78sqvho3ll","time":1612472891,"event":{"mods":["AchievementEnabler","BaseMod","Colored Map","Colored Powertips","Minty Spire (QoL Compilation)","Relic Stats","StSLib"],"gold_per_floor":[117,117,117,130,143,143,154,172,221,238,255,51,68,78,78,183,183,193,193,28,28,42,42,61,61,112,112,112,112,112,112],"floor_reached":30,"language":"ENG","playtime":1804,"items_purged":[],"score":224,"play_id":"37ce5bd6-e7d8-401e-a3b9-8ad1568ef5ce","local_time":"20210204220811","is_ascension_mode":false,"campfire_choices":[{"data":"Coolheaded","floor":6,"key":"SMITH"},{"data":"Creative AI","floor":15,"key":"SMITH"},{"data":"Apotheosis","floor":23,"key":"SMITH"},{"floor":25,"key":"REST"},{"data":"Multi-Cast","floor":27,"key":"SMITH"},{"data":"Sweeping Beam","floor":29,"key":"SMITH"}],"circlet_count":0,"master_deck":["Strike_B","Defend_B","Defend_B","Defend_B","Defend_B","Zap","Dualcast","Hologram+1","Ball Lightning","Coolheaded+1","Creative AI+1","Self Repair","Cold Snap","BootSequence","Sweeping Beam+1","Multi-Cast+1","Rebound+1","Reinforced Body","Beam Cell","Apotheosis+1","Compile Driver","Tempest+1","Strike_G"],"relics":["Cracked Core","Anchor","Bag of Preparation","Frozen Eye","Inserter","Nunchaku"],"acts_visited":["Exordium","TheCity"],"potions_floor_usage":[7,8,13,13,30],"damage_taken":[{"damage":1,"enemies":"2 Louse","floor":1,"turns":3},{"damage":0,"enemies":"Small Slimes","floor":4,"turns":3},{"damage":1,"enemies":"Cultist","floor":5,"turns":3},{"damage":9,"enemies":"Exordium Thugs","floor":7,"turns":5},{"damage":0,"enemies":"Exordium Wildlife","floor":8,"turns":2},{"damage":2,"enemies":"3 Louse","floor":10,"turns":3},{"damage":0,"enemies":"Exordium Thugs","floor":11,"turns":3},{"damage":22,"enemies":"Gremlin Gang","floor":13,"turns":4},{"damage":7,"enemies":"Large Slime","floor":14,"turns":6},{"damage":30,"enemies":"The Guardian","floor":16,"turns":13},{"damage":23,"enemies":"Chosen","floor":18,"turns":5},{"damage":28,"enemies":"3 Byrds","floor":22,"turns":4},{"damage":41,"enemies":"Cultist and Chosen","floor":24,"turns":6},{"damage":40,"enemies":"Snecko","floor":30,"turns":5}],"seed_played":"549941816284273258","potions_obtained":[{"floor":1,"key":"Block Potion"},{"floor":4,"key":"FearPotion"},{"floor":5,"key":"Fire Potion"},{"floor":11,"key":"LiquidBronze"},{"floor":24,"key":"ColorlessPotion"}],"is_trial":false,"path_per_floor":["M","?","?","M","M","R","M","M","T","M","M","$","M","M","R","B",null,"M","?","$","?","M","R","M","R","T","R","?","R","M"],"character_chosen":"DEFECT","items_purchased":["Cold Snap","Frozen Eye","Apotheosis"],"campfire_rested":1,"item_purchase_floors":[12,12,20],"current_hp_per_floor":[74,79,79,79,78,78,69,69,69,67,67,67,52,52,52,22,80,64,64,64,64,46,46,15,39,39,39,39,39,0,0],"gold":112,"neow_bonus":"RANDOM_COMMON_RELIC","is_daily":false,"chose_seed":false,"campfire_upgraded":5,"win_rate":0.0,"timestamp":1612472891,"path_taken":["M","?","?","M","M","R","M","M","T","M","M","$","M","M","R","BOSS","M","?","$","?","M","R","M","R","T","R","?","R","?"],"items_purchased_type":["Card","Relic","Card"],"build_version":"2020-12-13","purchased_purges":0,"victory":false,"max_hp_per_floor":[75,80,80,80,80,80,80,80,80,80,80,80,80,80,80,80,80,80,80,80,80,80,80,80,80,80,80,80,80,80,80],"relic_stats":{"Nunchaku":[0],"Inserter":[10],"counters":[14,65],"Bag of Preparation":[18],"obtain_stats":[{"Frozen Eye":12,"Anchor":0,"Nunchaku":26,"Inserter":17,"Bag of Preparation":9,"Cracked Core":0},{"Frozen Eye":7,"Anchor":0,"Nunchaku":13,"Inserter":10,"Bag of Preparation":5,"Cracked Core":0},{"Frozen Eye":22,"Anchor":0,"Nunchaku":60,"Inserter":45,"Bag of Preparation":16,"Cracked Core":0}]},"card_choices":[{"not_picked":["Barrage","Compile Driver"],"picked":"Hologram","floor":1},{"not_picked":["Stack","Barrage"],"picked":"Ball Lightning","floor":4},{"not_picked":["Beam Cell","Steam Power"],"picked":"Coolheaded","floor":5},{"not_picked":["Skim","Gash","Steam"],"picked":"SKIP","floor":7},{"not_picked":["Coolheaded","Gash"],"picked":"Creative AI","floor":8},{"not_picked":["FTL","Barrage","Blizzard"],"picked":"SKIP","floor":10},{"not_picked":["Compile Driver","Machine Learning"],"picked":"Self Repair","floor":11},{"not_picked":["Reinforced Body","Chaos"],"picked":"BootSequence","floor":13},{"not_picked":["Beam Cell","Steam"],"picked":"Sweeping Beam","floor":14},{"not_picked":["Biased Cognition","Machine Learning"],"picked":"Multi-Cast","floor":16},{"not_picked":["Sweeping Beam","Conserve Battery"],"picked":"Rebound+1","floor":18},{"not_picked":["Barrage","Biased Cognition"],"picked":"Compile Driver","floor":22},{"not_picked":["Storm","Reprogram"],"picked":"Tempest+1","floor":24}],"player_experience":32731,"relics_obtained":[{"floor":9,"key":"Bag of Preparation"},{"floor":26,"key":"Nunchaku"}],"event_choices":[{"damage_healed":0,"gold_gain":0,"player_choice":"Donut","damage_taken":0,"max_hp_gain":5,"max_hp_loss":0,"event_name":"Big Fish","floor":2,"gold_loss":0},{"damage_healed":0,"gold_gain":0,"player_choice":"Grow","damage_taken":0,"max_hp_gain":0,"max_hp_loss":0,"event_name":"Living Wall","floor":3,"gold_loss":0,"cards_upgraded":["Hologram"]},{"damage_healed":0,"gold_gain":0,"cards_transformed":["Strike_B","Strike_B"],"player_choice":"Became Test Subject","damage_taken":0,"max_hp_gain":0,"max_hp_loss":0,"event_name":"Drug Dealer","floor":19,"gold_loss":0,"cards_obtained":["Reinforced Body","Beam Cell"]},{"cards_removed":["Strike_B"],"damage_healed":0,"gold_gain":0,"player_choice":"Took Card","damage_taken":0,"max_hp_gain":0,"max_hp_loss":0,"event_name":"NoteForYourself","floor":28,"gold_loss":0,"cards_obtained":["Strike_G"]}],"is_beta":false,"boss_relics":[{"not_picked":["Astrolabe","Sozu"],"picked":"Inserter"}],"items_purged_floors":[],"is_endless":false,"potions_floor_spawned":[1,4,5,11,24],"killed_by":"Snecko","ascension_level":0}}