{"host":"vyjryxuuuxkt43k4","time":1612409837,"event":{"mods":["AchievementEnabler","BaseMod","Colored Map","DeckTracker","Keyboard Shortcuts","Minty Spire (QoL Compilation)","Permanent Neow","Quick Restart","Rare Cards Sparkle","Relic Stats","StSLib","SuperFastMode","everything is the same but u backflip on backflip"],"gold_per_floor":[359,374,8,19,119,119,151,151,151,151,151,151],"floor_reached":11,"language":"KOR","playtime":1416,"items_purged":["Normality"],"score":114,"play_id":"82c3b8ce-92e6-4d43-ba6d-3423a0589ef2","local_time":"20210204123717","is_ascension_mode":true,"campfire_choices":[{"data":"Self Repair","floor":6.0,"key":"SMITH"},{"data":"BootSequence","floor":8,"key":"SMITH"},{"data":"Gash","floor":10,"key":"SMITH"}],"circlet_count":0,"master_deck":["AscendersBane","Strike_B","Strike_B","Strike_B","Strike_B","Defend_B","Defend_B","Defend_B","Defend_B","Zap","Dualcast","Gash+1","Sweeping Beam","Self Repair+1","BootSequence+1"],"relics":["Cracked Core","Meat on the Bone","Darkstone Periapt","Nunchaku"],"acts_visited":["Exordium"],"potions_floor_usage":[7],"damage_taken":[{"damage":10.0,"enemies":"2 Louse","floor":1.0,"turns":4.0},{"damage":10.0,"enemies":"Cultist","floor":2.0,"turns":5.0},{"damage":4.0,"enemies":"Jaw Worm","floor":4.0,"turns":4.0},{"damage":34,"enemies":"Gremlin Nob","floor":7,"turns":4},{"damage":56,"enemies":"Lagavulin","floor":11,"turns":6}],"seed_played":"-4897085192611604322","potions_obtained":[{"floor":2.0,"key":"BlessingOfTheForge"}],"is_trial":false,"path_per_floor":["M","M","$","M","?","R","E","R","T","R","E"],"character_chosen":"DEFECT","items_purchased":["Meat on the Bone","Self Repair"],"campfire_rested":0,"item_purchase_floors":[3,3],"current_hp_per_floor":[58,48,48,51,51,51,39,39,39,39,0,0],"gold":151,"neow_bonus":"TWO_FIFTY_GOLD","is_daily":false,"chose_seed":false,"campfire_upgraded":3,"win_rate":0.0,"timestamp":1612409837,"path_taken":["M","M","$","M","?","R","E","R","T","R","E"],"items_purchased_type":["Relic","Card"],"build_version":"2020-12-22","purchased_purges":1,"victory":false,"max_hp_per_floor":[75,75,75,75,75,75,75,75,75,75,75,75],"relic_stats":{"Darkstone Periapt":0,"Nunchaku":[1],"counters":[5,23],"obtain_stats":[{"Darkstone Periapt":7,"Nunchaku":9,"Cracked Core":0,"Meat on the Bone":3},{"Darkstone Periapt":4,"Nunchaku":4,"Cracked Core":0,"Meat on the Bone":2},{"Darkstone Periapt":17,"Nunchaku":17,"Cracked Core":0,"Meat on the Bone":9}],"Meat on the Bone":12},"card_choices":[{"not_picked":["Hologram","Redo"],"picked":"Gash","floor":1.0},{"not_picked":["Compile Driver","Leap"],"picked":"Sweeping Beam","floor":2.0},{"not_picked":["Sweeping Beam","Lockon","Redo"],"picked":"SKIP","floor":4.0},{"not_picked":["Hologram","Machine Learning"],"picked":"BootSequence","floor":7}],"player_experience":690365,"relics_obtained":[{"floor":7,"key":"Darkstone Periapt"},{"floor":9,"key":"Nunchaku"}],"event_choices":[{"damage_healed":0.0,"max_hp_gain":0.0,"max_hp_loss":0.0,"gold_gain":100.0,"event_name":"Golden Shrine","player_choice":"Pray","floor":5.0,"gold_loss":0.0,"damage_taken":0.0}],"is_beta":false,"boss_relics":[],"items_purged_floors":[3],"is_endless":false,"potions_floor_spawned":[2],"killed_by":"Lagavulin","ascension_level":12}}