{"host":"2se5dq1do2gp0x9k","time":1612417534,"event":{"mods":["AchievementEnabler","BaseMod","Block Reminder","Colored Map","Colored Powertips","Minty Spire (QoL Compilation)","Relic Stats","StSLib","SuperFastMode"],"gold_per_floor":[113,131,12,27,27,55,67,79,116,139,151,163,191,203,215,322,334,360,372,397,421,445,457,469,469],"floor_reached":24,"language":"ENG","playtime":643,"items_purged":["Strike_B"],"score":396,"play_id":"66bf8514-9617-4f46-8dcf-9c6b4f93c9d1","local_time":"20210203214534","is_ascension_mode":true,"campfire_choices":[{"data":"Defragment","floor":7,"key":"SMITH"},{"data":"Sweeping Beam","floor":11,"key":"SMITH"},{"data":"Zap","floor":15,"key":"SMITH"},{"floor":23,"key":"REST"}],"circlet_count":0,"master_deck":["AscendersBane","Strike_B","Strike_B","Strike_B","Defend_B","Defend_B","Defend_B","Defend_B","Zap+1","Dualcast","Darkness","Sweeping Beam+1","Defragment+1","Ball Lightning","Conserve Battery","Glacier","Skim","Echo Form","Cold Snap","Barrage","Self Repair"],"relics":["Cracked Core","StoneCalendar","MawBank","Bronze Scales","Bloody Idol","Inserter"],"acts_visited":["Exordium","TheCity"],"potions_floor_usage":[16,24],"damage_taken":[{"damage":1,"enemies":"Cultist","floor":1,"turns":3},{"damage":2,"enemies":"Jaw Worm","floor":2,"turns":4},{"damage":10,"enemies":"Small Slimes","floor":4,"turns":4},{"damage":8,"enemies":"Gremlin Nob","floor":6,"turns":3},{"damage":22,"enemies":"Exordium Wildlife","floor":10,"turns":5},{"damage":0,"enemies":"2 Fungi Beasts","floor":13,"turns":2},{"damage":15,"enemies":"Slime Boss","floor":16,"turns":7},{"damage":12,"enemies":"Shell Parasite","floor":18,"turns":5},{"damage":0,"enemies":"Spheric Guardian","floor":20,"turns":5},{"damage":44,"enemies":"Snake Plant","floor":21,"turns":3},{"damage":8,"enemies":"Centurion and Healer","floor":22,"turns":7},{"damage":39,"enemies":"Slavers","floor":24,"turns":2}],"seed_played":"7088508073237883063","potions_obtained":[{"floor":1,"key":"SteroidPotion"},{"floor":6,"key":"BlessingOfTheForge"},{"floor":16,"key":"Swift Potion"}],"is_trial":false,"path_per_floor":["M","M","$","M","$","E","R","$","T","M","R","$","M","?","R","B",null,"M","?","M","M","M","R","E"],"character_chosen":"DEFECT","items_purchased":["Defragment"],"campfire_rested":1,"item_purchase_floors":[3],"current_hp_per_floor":[63,61,61,51,51,43,43,43,43,21,21,21,21,21,21,6,45,33,33,43,9,11,33,0,0],"gold":469,"neow_bonus":"ONE_RARE_RELIC","is_daily":false,"chose_seed":false,"campfire_upgraded":3,"win_rate":0.0,"timestamp":1612417534,"path_taken":["M","M","?","M","$","E","R","$","T","M","R","$","M","?","R","BOSS","M","?","M","M","M","R","E"],"items_purchased_type":["Card"],"build_version":"2020-12-22","purchased_purges":1,"victory":false,"max_hp_per_floor":[64,64,64,64,64,64,64,64,64,64,64,64,64,58,58,58,58,58,58,58,58,58,58,58,58],"relic_stats":{"Inserter":[11],"counters":[12,50],"Bronze Scales":[90],"Bloody Idol":40,"StoneCalendar":[110],"MawBank":216,"obtain_stats":[{"Inserter":17,"Golden Idol":14,"Bronze Scales":9,"Bloody Idol":19,"StoneCalendar":0,"Cracked Core":0,"MawBank":6},{"Inserter":7,"Golden Idol":6,"Bronze Scales":4,"Bloody Idol":8,"StoneCalendar":0,"Cracked Core":0,"MawBank":4},{"Inserter":28,"Golden Idol":21,"Bronze Scales":14,"Bloody Idol":33,"StoneCalendar":0,"Cracked Core":0,"MawBank":14}]},"card_choices":[{"not_picked":["Fusion","Force Field"],"picked":"Darkness","floor":1},{"not_picked":["Barrage","Turbo"],"picked":"Sweeping Beam","floor":2},{"not_picked":["Cold Snap","Turbo"],"picked":"Ball Lightning","floor":4},{"not_picked":["Turbo","Sweeping Beam"],"picked":"Conserve Battery","floor":6},{"not_picked":["Loop","Cold Snap"],"picked":"Glacier","floor":10},{"not_picked":["Auto Shields","Beam Cell"],"picked":"Skim","floor":13},{"not_picked":["Biased Cognition","Creative AI"],"picked":"Echo Form","floor":16},{"not_picked":["Auto Shields","Gash"],"picked":"Cold Snap","floor":18},{"not_picked":["Doom and Gloom","Ball Lightning"],"picked":"Barrage","floor":20},{"not_picked":["Sweeping Beam","Leap","Rebound"],"picked":"SKIP","floor":21},{"not_picked":["Auto Shields","Sweeping Beam"],"picked":"Self Repair","floor":22}],"player_experience":4065823,"relics_obtained":[{"floor":6,"key":"MawBank"},{"floor":9,"key":"Bronze Scales"}],"event_choices":[{"damage_healed":0,"gold_gain":0,"player_choice":"Lose Max HP","damage_taken":0,"relics_obtained":["Golden Idol"],"max_hp_gain":0,"max_hp_loss":6,"event_name":"Golden Idol","floor":14,"gold_loss":0},{"damage_healed":0,"gold_gain":0,"player_choice":"Gave Idol","damage_taken":0,"relics_obtained":["Bloody Idol"],"max_hp_gain":0,"max_hp_loss":0,"event_name":"Forgotten Altar","floor":19,"relics_lost":["Golden Idol"],"gold_loss":0}],"is_beta":false,"boss_relics":[{"not_picked":["Runic Dome","FrozenCore"],"picked":"Inserter"}],"items_purged_floors":[3],"is_endless":false,"potions_floor_spawned":[1,6,16,18],"killed_by":"Slavers","ascension_level":20}}