{"host":"gc6vr5n3q8f0hswe","time":1612454908,"event":{"mods":["Act Like it!","Aspiration","BaseMod","Better Altar","Better Sensory Stone","Better Third Choice","Block Reminder","Conspire","Fox Events","Gensokyo","Hallownest","Highlight Path","Hubris","Infinite Spire","Jedi Mod","Lobotomy","LobotomyExtend","MarisaÅiñ∂âJÅ@ñÇóùçπÅj","Minty Spire (QoL Compilation)","Pale of the Ancients","Relic Stats","Reliquary","Replay The Spire","Somnambulant","StSLib","The Alterego","The Blue Laboratory","The Bug Knight","The Jungle","The Poker Player","The Wild Card","Uncapped","Wandering Minibosses"],"gold_per_floor":[359,379,391,391,386,410,410,415,439,439,429,429],"floor_reached":11,"language":"ENG","playtime":892,"items_purged":[],"score":75,"play_id":"79728b5a-e097-4e92-b862-1789139a3d41","local_time":"20210204160828","is_ascension_mode":false,"campfire_choices":[{"floor":7.0,"key":"REST"},{"floor":10.0,"key":"REST"}],"circlet_count":0,"master_deck":["Strike_P","Strike_P","Strike_P","Strike_P","Defend_P","Defend_P","Defend_P","Defend_P","Eruption","Vigilance","ClearTheMind","Replay:ManipulateFuture","Perseverance","Replay:AtTheReady"],"relics":["PureWater","LetterFromLob","Damaru","reliquary:IvoryTrinket"],"acts_visited":["Exordium"],"potions_floor_usage":[],"damage_taken":[{"damage":14.0,"enemies":"Gensokyo:Gryphon","floor":1.0,"turns":3.0},{"damage":5.0,"enemies":"Gensokyo:2_Kodama","floor":2.0,"turns":3.0},{"damage":1.0,"enemies":"Gensokyo:3_Fairies","floor":3.0,"turns":3.0},{"damage":10.0,"enemies":"Gensokyo:3_Kodama","floor":5.0,"turns":8.0},{"damage":18.0,"enemies":"Gensokyo:Cirno","floor":6.0,"turns":11.0},{"damage":15.0,"enemies":"Gensokyo:5_Fairies","floor":8.0,"turns":8.0},{"damage":48,"enemies":"Gensokyo:Mamizou","floor":11,"turns":13}],"seed_played":"2000626236111782213","potions_obtained":[{"floor":3.0,"key":"blueLaboratory:FrostheartPotion"},{"floor":6.0,"key":"blueLaboratory:Moonshine"},{"floor":8.0,"key":"blueLaboratory:PressurePotion"}],"is_trial":false,"path_per_floor":["M","M","M","?","M","E","R","M","T","R","E"],"character_chosen":"WATCHER","items_purchased":[],"campfire_rested":2,"item_purchase_floors":[],"current_hp_per_floor":[37,32,31,38,28,10,31,16,16,37,0,0],"gold":429,"neow_bonus":"TWO_FIFTY_GOLD","is_daily":false,"chose_seed":false,"campfire_upgraded":0,"win_rate":0.0,"timestamp":1612454908,"path_taken":["M","?","M","?","M","E","R","M","T","R","E"],"items_purchased_type":[],"build_version":"2020-12-22","purchased_purges":0,"victory":false,"max_hp_per_floor":[72,72,72,72,72,72,72,72,72,72,72,72],"relic_stats":{"counters":[7,49],"obtain_stats":[{"reliquary:IvoryTrinket":9,"Damaru":6,"LetterFromLob":1,"PureWater":0},{"reliquary:IvoryTrinket":6,"Damaru":5,"LetterFromLob":1,"PureWater":0},{"reliquary:IvoryTrinket":36,"Damaru":28,"LetterFromLob":3,"PureWater":0}]},"card_choices":[{"not_picked":["InnerPeace","BattleHymn"],"picked":"ClearTheMind","floor":1.0},{"not_picked":["CrushJoints","FlyingSleeves","Replay:Anticipation"],"picked":"SKIP","floor":2.0},{"not_picked":["InnerPeace","CrushJoints"],"picked":"Replay:ManipulateFuture","floor":3.0},{"not_picked":["WaveOfTheHand","Replay:ManipulateFuture","JustLucky"],"picked":"SKIP","floor":5.0},{"not_picked":["Nirvana","PathToVictory"],"picked":"Perseverance","floor":6.0},{"not_picked":["Scrawl","BowlingBash"],"picked":"Replay:AtTheReady","floor":8.0}],"player_experience":461215,"relics_obtained":[{"floor":1.0,"key":"LetterFromLob"},{"floor":6.0,"key":"Damaru"},{"floor":9.0,"key":"reliquary:IvoryTrinket"}],"event_choices":[],"is_beta":false,"boss_relics":[],"items_purged_floors":[],"is_endless":false,"potions_floor_spawned":[3,6,8],"killed_by":"Gensokyo:Mamizou","ascension_level":0}}