{"host":"k5wd0jv1m6dz3iwi","time":1612469696,"event":{"mods":["BaseMod","Better Vampires","Challenge The Spire","Custom Start","Highlight Path","Minty Spire (QoL Compilation)","Rare Cards Sparkle","Relic Stats","Slay the Relics Exporter","StSLib","everything is the same but u backflip on backflip"],"gold_per_floor":[112,112,132,132,142,142,161,204,213,250,270,308,308,335,335,426,426,439,364,112,138,138,175,175,190,199,199,208,236,246,288,288,382,391,420,441,1440,1497,1511,1511,1548,1548,1583,1623,1650,1666,1666,1710,1710,1719,1719,1719],"floor_reached":51,"language":"ENG","playtime":2510,"items_purged":["Defend_R"],"score":1959,"play_id":"93eb2d66-a22c-4f72-bbb7-710ab1c2b9fd","local_time":"20210204201456","daily_mods":["Cursed Run","Purple Cards","Lethality"],"is_ascension_mode":true,"campfire_choices":[{"floor":6,"key":"REST"},{"data":"Conclude","floor":13,"key":"SMITH"},{"data":"Fasting2","floor":15,"key":"SMITH"},{"floor":24,"key":"REST"},{"floor":27,"key":"REST"},{"data":"Corruption","floor":32,"key":"SMITH"},{"floor":40,"key":"REST"},{"floor":42,"key":"RECALL"},{"floor":49,"key":"REST"}],"circlet_count":0,"master_deck":["AscendersBane","Strike_R","Strike_R","Strike_R","Strike_R","Strike_R","Defend_R","Defend_R+1","Bash","Thunderclap+1","Spot Weakness","Flame Barrier+1","CutThroughFate","Shockwave","Pain","Pommel Strike","Consecrate","Conclude+1","Fasting2+1","Corruption+1","Rupture","Headbutt","Shrug It Off","Flame Barrier+1","Heavy Blade","Immolate","Feel No Pain","Injury","Shame","Collect","Decay","Corruption","CurseOfTheBell","ThirdEye","Feel No Pain","Sword Boomerang","Pummel","Writhe","Offering+1","Inflame+1","Flame Barrier+1","Doubt"],"relics":["Cursed Key","Darkstone Periapt","Du-Vu Doll","CeramicFish","Toy Ornithopter","StrikeDummy","Meat on the Bone","SlaversCollar","Orrery","Nilry\u0027s Codex","Shovel","The Courier","Juzu Bracelet","War Paint","Dead Branch","Calling Bell","Omamori","Paper Frog","Ice Cream","Charon\u0027s Ashes","Bottled Lightning","Toxic Egg 2","Centennial Puzzle"],"acts_visited":["Exordium","TheCity","TheBeyond"],"potions_floor_usage":[8,10,10,16,25,33,38,44,47,50],"damage_taken":[{"damage":10,"enemies":"Jaw Worm","floor":1,"turns":3},{"damage":0,"enemies":"Cultist","floor":3,"turns":2},{"damage":1,"enemies":"2 Louse","floor":5,"turns":2},{"damage":0,"enemies":"Red Slaver","floor":7,"turns":2},{"damage":6,"enemies":"Lagavulin","floor":8,"turns":4},{"damage":3,"enemies":"3 Sentries","floor":10,"turns":4},{"damage":3,"enemies":"Looter","floor":11,"turns":2},{"damage":0,"enemies":"Gremlin Nob","floor":12,"turns":2},{"damage":0,"enemies":"Lots of Slimes","floor":14,"turns":1},{"damage":2,"enemies":"Slime Boss","floor":16,"turns":4},{"damage":17,"enemies":"2 Thieves","floor":18,"turns":2},{"damage":25,"enemies":"Shell Parasite","floor":21,"turns":3},{"damage":26,"enemies":"Slavers","floor":23,"turns":2},{"damage":46,"enemies":"Snake Plant","floor":25,"turns":3},{"damage":33,"enemies":"Book of Stabbing","floor":29,"turns":3},{"damage":6,"enemies":"Sentry and Sphere","floor":30,"turns":3},{"damage":6,"enemies":"Slavers","floor":31,"turns":2},{"damage":13,"enemies":"Champ","floor":33,"turns":5},{"damage":14,"enemies":"3 Shapes","floor":35,"turns":3},{"damage":14,"enemies":"Orb Walker","floor":36,"turns":2},{"damage":48,"enemies":"2 Orb Walkers","floor":38,"turns":4},{"damage":39,"enemies":"Jaw Worm Horde","floor":39,"turns":4},{"damage":2,"enemies":"Giant Head","floor":41,"turns":2},{"damage":32,"enemies":"Reptomancer","floor":44,"turns":3},{"damage":0,"enemies":"4 Shapes","floor":45,"turns":1},{"damage":14,"enemies":"Sphere and 2 Shapes","floor":46,"turns":3},{"damage":13,"enemies":"Writhing Mass","floor":47,"turns":2},{"damage":19,"enemies":"Nemesis","floor":48,"turns":4},{"damage":71,"enemies":"Awakened One","floor":50,"turns":7},{"damage":43,"enemies":"Time Eater","floor":51,"turns":3}],"seed_played":"-8553876608814284785","potions_obtained":[{"floor":3,"key":"Ancient Potion"},{"floor":5,"key":"PowerPotion"},{"floor":8,"key":"PowerPotion"},{"floor":12,"key":"FearPotion"},{"floor":18,"key":"LiquidBronze"},{"floor":25,"key":"LiquidMemories"},{"floor":29,"key":"Energy Potion"},{"floor":33,"key":"FearPotion"},{"floor":36,"key":"SmokeBomb"},{"floor":41,"key":"Swift Potion"},{"floor":44,"key":"AttackPotion"}],"is_trial":true,"path_per_floor":["M","?","M","?","M","R","M","E","T","E","M","E","R","M","R","B",null,"M","?","$","M","?","E","R","M","T","R","?","E","M","E","R","B",null,"M","M","?","?","M","R","E","R","T","E","M","M","M","E","R","B","B"],"character_chosen":"IRONCLAD","items_purchased":["Orrery","Heavy Blade"],"campfire_rested":5,"item_purchase_floors":[20,20],"current_hp_per_floor":[58,35,35,35,34,56,56,50,56,63,60,60,60,60,60,69,83,66,66,66,53,32,18,44,15,21,48,54,33,39,45,45,55,99,85,71,71,40,13,46,56,56,62,47,59,57,61,54,89,41,0,0],"gold":1719,"neow_bonus":"","is_daily":false,"chose_seed":false,"campfire_upgraded":3,"win_rate":0.0,"timestamp":1612469696,"path_taken":["M","?","M","?","M","R","?","E","T","E","M","E","R","M","R","BOSS","M","?","$","M","?","E","R","?","T","R","?","E","M","E","R","BOSS","M","M","?","?","M","R","E","R","T","E","M","M","M","E","R","BOSS","BOSS"],"items_purchased_type":["Relic","Card"],"build_version":"2020-12-22","purchased_purges":1,"victory":false,"max_hp_per_floor":[75,75,75,75,75,75,75,75,81,81,81,81,81,81,81,87,87,87,87,87,87,87,87,87,87,93,93,99,99,99,99,99,105,111,111,111,111,111,111,111,111,111,117,117,117,117,117,117,117,123,123,123],"relic_stats":{"Darkstone Periapt":48,"counters":[30,87],"CeramicFish":270,"Dead Branch":[72],"Charon\u0027s Ashes":[148],"Juzu Bracelet":0,"War Paint":["Flame Barrier","Flame Barrier"],"Cursed Key":3,"Centennial Puzzle":[6],"Shovel":0,"obtain_stats":[{"Darkstone Periapt":0,"Ice Cream":34,"Nilry\u0027s Codex":22,"CeramicFish":8,"Dead Branch":31,"The Courier":26,"Charon\u0027s Ashes":38,"Juzu Bracelet":28,"Omamori":34,"War Paint":29,"Cursed Key":0,"Du-Vu Doll":0,"Calling Bell":34,"SlaversCollar":17,"Centennial Puzzle":48,"Shovel":23,"Orrery":20,"Bottled Lightning":41,"Toxic Egg 2":44,"StrikeDummy":10,"Toy Ornithopter":9,"Meat on the Bone":12,"Paper Frog":34},{"Darkstone Periapt":0,"Ice Cream":18,"Nilry\u0027s Codex":12,"CeramicFish":5,"Dead Branch":17,"The Courier":14,"Charon\u0027s Ashes":21,"Juzu Bracelet":14,"Omamori":18,"War Paint":15,"Cursed Key":0,"Du-Vu Doll":0,"Calling Bell":18,"SlaversCollar":10,"Centennial Puzzle":28,"Shovel":13,"Orrery":11,"Bottled Lightning":23,"Toxic Egg 2":24,"StrikeDummy":6,"Toy Ornithopter":5,"Meat on the Bone":8,"Paper Frog":18},{"Darkstone Periapt":0,"Ice Cream":49,"Nilry\u0027s Codex":31,"CeramicFish":13,"Dead Branch":44,"The Courier":36,"Charon\u0027s Ashes":58,"Juzu Bracelet":36,"Omamori":49,"War Paint":39,"Cursed Key":0,"Du-Vu Doll":0,"Calling Bell":49,"SlaversCollar":26,"Centennial Puzzle":77,"Shovel":33,"Orrery":28,"Bottled Lightning":64,"Toxic Egg 2":67,"StrikeDummy":17,"Toy Ornithopter":13,"Meat on the Bone":21,"Paper Frog":49}],"Toy Ornithopter":45,"Meat on the Bone":192},"card_choices":[{"not_picked":["Protect","EmptyMind"],"picked":"Thunderclap","floor":1},{"not_picked":["Iron Wave","ClearTheMind"],"picked":"Spot Weakness","floor":3},{"not_picked":["Thunderclap","Havoc"],"picked":"CutThroughFate","floor":5},{"not_picked":["Perseverance","Vengeance","Iron Wave"],"picked":"SKIP","floor":7},{"not_picked":["Iron Wave","BattleHymn"],"picked":"Shockwave","floor":8},{"not_picked":["CrushJoints","Reckless Charge"],"picked":"Pommel Strike","floor":10},{"not_picked":["DevaForm","Clash"],"picked":"Consecrate","floor":11},{"not_picked":["Evaluate","EmptyMind"],"picked":"Conclude","floor":12},{"not_picked":["ThirdEye","Anger"],"picked":"Fasting2","floor":14},{"not_picked":["Blasphemy","MasterReality"],"picked":"Corruption","floor":16},{"not_picked":["Sentinel","Evaluate","ClearTheMind"],"picked":"SKIP","floor":18},{"not_picked":["Evolve","Wild Strike"],"picked":"Rupture","floor":20},{"not_picked":["Body Slam","Protect"],"picked":"Headbutt","floor":20},{"not_picked":["Swivel","Fire Breathing"],"picked":"Shrug It Off","floor":20},{"not_picked":["Cleave","Conclude"],"picked":"Flame Barrier","floor":20},{"not_picked":["True Grit+1","Evaluate"],"picked":"Immolate","floor":21},{"not_picked":["SashWhip","FlurryOfBlows+1"],"picked":"Feel No Pain","floor":23},{"not_picked":["Hemokinesis","FlurryOfBlows","ReachHeaven"],"picked":"SKIP","floor":25},{"not_picked":["Alpha","Study+1","Warcry"],"picked":"SKIP","floor":29},{"not_picked":["Shrug It Off","Halt","Warcry"],"picked":"SKIP","floor":30},{"not_picked":["Searing Blow","Dropkick"],"picked":"Collect","floor":31},{"not_picked":["Bludgeon","Juggernaut"],"picked":"Corruption","floor":33},{"not_picked":["CrushJoints","Swivel"],"picked":"ThirdEye","floor":35},{"not_picked":["Protect","FlyingSleeves"],"picked":"Feel No Pain","floor":36},{"not_picked":["SashWhip","Wireheading"],"picked":"Sword Boomerang","floor":38},{"not_picked":["Entrench","CutThroughFate","Carnage"],"picked":"SKIP","floor":39},{"not_picked":["FlurryOfBlows","Blood for Blood+1"],"picked":"Pummel","floor":41},{"not_picked":["CarveReality","Warcry+1"],"picked":"Offering+1","floor":44},{"not_picked":["CutThroughFate","EmptyBody+1"],"picked":"Inflame+1","floor":45},{"not_picked":["Prostrate+1","Clash","Body Slam"],"picked":"SKIP","floor":46},{"not_picked":["Ghostly Armor+1","Evaluate+1"],"picked":"Flame Barrier+1","floor":48}],"player_experience":1280855,"relics_obtained":[{"floor":8,"key":"CeramicFish"},{"floor":9,"key":"Toy Ornithopter"},{"floor":10,"key":"StrikeDummy"},{"floor":12,"key":"Meat on the Bone"},{"floor":22,"key":"Nilry\u0027s Codex"},{"floor":23,"key":"Shovel"},{"floor":26,"key":"The Courier"},{"floor":29,"key":"War Paint"},{"floor":31,"key":"Dead Branch"},{"floor":34,"key":"Omamori"},{"floor":34,"key":"Paper Frog"},{"floor":34,"key":"Ice Cream"},{"floor":38,"key":"Charon\u0027s Ashes"},{"floor":41,"key":"Bottled Lightning"},{"floor":44,"key":"Toxic Egg 2"},{"floor":48,"key":"Centennial Puzzle"}],"event_choices":[{"damage_healed":0,"gold_gain":0,"player_choice":"Entered Light","damage_taken":23,"max_hp_gain":0,"max_hp_loss":0,"event_name":"Shining Light","floor":2,"gold_loss":0,"cards_upgraded":["Defend_R","Thunderclap"]},{"damage_healed":0,"gold_gain":0,"cards_transformed":["Defend_R"],"player_choice":"Transformed","damage_taken":0,"max_hp_gain":0,"max_hp_loss":0,"event_name":"Transmorgrifier","floor":4,"gold_loss":0,"cards_obtained":["Flame Barrier"]},{"cards_removed":["Writhe"],"damage_healed":0,"gold_gain":0,"player_choice":"Gave Gold","damage_taken":0,"max_hp_gain":0,"max_hp_loss":0,"event_name":"Beggar","floor":19,"gold_loss":75},{"damage_healed":0,"gold_gain":0,"player_choice":"Obtained Book","damage_taken":21,"max_hp_gain":0,"max_hp_loss":0,"event_name":"Cursed Tome","floor":22,"gold_loss":0},{"damage_healed":0,"gold_gain":0,"player_choice":"Stole Relic","damage_taken":0,"relics_obtained":["Juzu Bracelet"],"max_hp_gain":0,"max_hp_loss":0,"event_name":"Addict","floor":28,"gold_loss":0,"cards_obtained":["Shame"]},{"damage_healed":0,"gold_gain":999,"player_choice":"Gold","damage_taken":0,"max_hp_gain":0,"max_hp_loss":0,"event_name":"MindBloom","floor":37,"gold_loss":0,"cards_obtained":["Normality","Normality"]},{"damage_healed":0,"gold_gain":0,"player_choice":"Fight","damage_taken":0,"max_hp_gain":0,"max_hp_loss":0,"event_name":"Mysterious Sphere","floor":38,"gold_loss":0}],"is_beta":false,"boss_relics":[{"not_picked":["SacredBark","Ectoplasm"],"picked":"SlaversCollar"},{"not_picked":["Sozu","Runic Pyramid"],"picked":"Calling Bell"}],"items_purged_floors":[20],"is_endless":false,"potions_floor_spawned":[3,5,8,12,18,25,29,33,36,41,44,47],"killed_by":"Time Eater","ascension_level":20}}