{"host":"uv5ws9rdk87e8i5k","time":1612467075,"event":{"mods":["AchievementEnabler","BaseMod","Colored Map","Jorbs\u0027s Wanderer Trilogy","Minty Spire (QoL Compilation)","Permanent Neow","Quick Restart","StSLib","SuperFastMode","The Necromancer"],"gold_per_floor":[418,436,450,69,88,88,120,120,120,120,120],"floor_reached":10,"language":"ENG","playtime":182,"items_purged":["Strike_R"],"score":71,"play_id":"b1fa6214-61ec-44a1-a90e-da434af3c653","local_time":"20210204133115","is_ascension_mode":true,"campfire_choices":[{"data":"Hemokinesis","floor":6,"key":"SMITH"},{"data":"Demon Form","floor":8,"key":"SMITH"}],"circlet_count":0,"master_deck":["Strike_R","Strike_R","Strike_R","Strike_R","Defend_R","Defend_R","Defend_R","Defend_R","Bash","Iron Wave","Iron Wave","Hemokinesis+1","Headbutt","Demon Form+1"],"relics":["Burning Blood","Old Coin","Matryoshka","Shuriken","Vajra","HornCleat"],"acts_visited":["Exordium"],"potions_floor_usage":[10],"damage_taken":[{"damage":8,"enemies":"Jaw Worm","floor":1,"turns":4},{"damage":1,"enemies":"Cultist","floor":2,"turns":3},{"damage":4,"enemies":"Small Slimes","floor":3,"turns":3},{"damage":15,"enemies":"Exordium Thugs","floor":5,"turns":4},{"damage":5,"enemies":"Gremlin Nob","floor":7,"turns":3},{"damage":11,"enemies":"3 Sentries","floor":10,"turns":3}],"seed_played":"-854958994223941063","potions_obtained":[{"floor":2,"key":"BlessingOfTheForge"},{"floor":7,"key":"DistilledChaos"}],"is_trial":false,"path_per_floor":["M","M","M","$","M","R","E","R","T","E"],"character_chosen":"IRONCLAD","items_purchased":["Matryoshka","PowerPotion"],"campfire_rested":0,"item_purchase_floors":[4,4],"current_hp_per_floor":[70,72,72,72,63,63,64,64,64,53,53],"gold":120,"neow_bonus":"ONE_RARE_RELIC","is_daily":false,"chose_seed":false,"campfire_upgraded":2,"win_rate":0.0,"timestamp":1612467075,"path_taken":["M","M","M","$","M","R","E","R","T","E"],"items_purchased_type":["Relic","Potion"],"build_version":"2020-12-22","purchased_purges":1,"victory":false,"max_hp_per_floor":[72,72,72,72,72,72,72,72,72,72,72],"card_choices":[{"not_picked":["Carnage","Intimidate"],"picked":"Iron Wave","floor":1},{"not_picked":["Dual Wield","Intimidate"],"picked":"Iron Wave","floor":2},{"not_picked":["Pommel Strike","Body Slam"],"picked":"Hemokinesis","floor":3},{"not_picked":["Wild Strike","Warcry"],"picked":"Headbutt","floor":5},{"not_picked":["Clash","Rampage"],"picked":"Demon Form","floor":7}],"player_experience":228461,"relics_obtained":[{"floor":7,"key":"Shuriken"},{"floor":9,"key":"Vajra"},{"floor":9,"key":"HornCleat"}],"event_choices":[],"is_beta":false,"boss_relics":[],"items_purged_floors":[4],"is_endless":false,"potions_floor_spawned":[2,7],"killed_by":"3 Sentries","ascension_level":1}}