{"host":"74rphcgmhz43g39u","time":1612422403,"event":{"mods":["Act Like it!","BaseMod","Hallownest","Minty Spire (QoL Compilation)","Quick Restart","StSLib","The Bug Knight"],"gold_per_floor":[109,129,149,168,40,68,87,87,87,112,132,132,132,158,158,158,158],"floor_reached":16,"language":"ZHS","playtime":1028,"items_purged":["HollowMod:NailStrikeStart"],"score":152,"play_id":"de56c17a-bd74-448f-96ba-8bb4268a1885","local_time":"20210204150643","is_ascension_mode":true,"campfire_choices":[{"data":"HollowMod:HerrahsAnger","floor":8.0,"key":"SMITH"},{"floor":13.0,"key":"REST"},{"data":"HollowMod:LuriensSpire","floor":15.0,"key":"SMITH"}],"circlet_count":0,"master_deck":["HollowMod:NailStrikeStart","HollowMod:NailStrikeStart","HollowMod:NailStrikeStart","HollowMod:QuickDashStart","HollowMod:QuickDashStart","HollowMod:QuickDashStart","HollowMod:QuickDashStart","HollowMod:FocusHealStart","HollowMod:PogoStrike","CurseOfTheBell","HollowMod:BrokenVessel","HollowMod:HerrahsAnger+1","HollowMod:NewLittleFool","HollowMod:MonomonsArchive","HollowMod:BrokenVessel","HollowMod:MantisMark","HollowMod:LuriensSpire+1"],"relics":["Calling Bell","Strawberry","HollowMod:MantisClawRelic","Du-Vu Doll","Centennial Puzzle","HollowMod:StagPassRelic","Hallownest:DreamNailRelic","Potion Belt"],"acts_visited":["Exordium"],"potions_floor_usage":[16,16],"damage_taken":[{"damage":5.0,"enemies":"Hallownest:monsterHuskWarrior","floor":1.0,"turns":4.0},{"damage":5.0,"enemies":"Hallownest:monsterHuskGuard","floor":3.0,"turns":5.0},{"damage":8.0,"enemies":"Hallownest:2_Baldur","floor":4.0,"turns":3.0},{"damage":9.0,"enemies":"Hallownest:eliteVengeflyKing","floor":6.0,"turns":11.0},{"damage":8.0,"enemies":"Hallownest:monsterMossCharger","floor":7.0,"turns":5.0},{"damage":10.0,"enemies":"Hallownest:eliteCrystalGuardian","floor":10.0,"turns":5.0},{"damage":20.0,"enemies":"Hallownest:1_Baldur_1_Crawlid_1_Warrior","floor":11.0,"turns":6.0},{"damage":11.0,"enemies":"Hallownest:eliteMossKnight","floor":14.0,"turns":5.0},{"damage":33,"enemies":"Hallownest:BossBrokenVessel","floor":16,"turns":7}],"seed_played":"2719220714144812236","potions_obtained":[{"floor":1.0,"key":"SteroidPotion"},{"floor":4.0,"key":"Swift Potion"},{"floor":11.0,"key":"SpeedPotion"},{"floor":14.0,"key":"CultistPotion"}],"is_trial":false,"path_per_floor":["M","?","M","M","$","E","M","R","T","E","M","?","R","E","R","B"],"character_chosen":"THE_BUGKNIGHT","items_purchased":["HollowMod:NewLittleFool"],"campfire_rested":1,"item_purchase_floors":[5],"current_hp_per_floor":[70,70,65,57,57,48,40,40,40,30,10,10,34,23,23,0,0],"gold":158,"neow_bonus":"BOSS_RELIC","is_daily":false,"chose_seed":false,"campfire_upgraded":2,"win_rate":0.0,"timestamp":1612422403,"path_taken":["M","?","M","M","$","E","M","R","T","E","M","?","R","E","R","BOSS"],"items_purchased_type":["Card"],"build_version":"2020-12-22","purchased_purges":1,"victory":false,"max_hp_per_floor":[82,82,82,82,82,82,82,82,82,82,82,82,82,82,82,82,82],"card_choices":[{"not_picked":["HollowMod:DashSlash","HollowMod:VengefulVoid"],"picked":"HollowMod:BrokenVessel","floor":1.0},{"not_picked":["HollowMod:HeavyBlow","HollowMod:FastStrike"],"picked":"HollowMod:HerrahsAnger","floor":3.0},{"not_picked":["HollowMod:CycloneSlash","HollowMod:SharpenedNail","HollowMod:BaldurShell"],"picked":"SKIP","floor":4.0},{"not_picked":["HollowMod:SoulShaman","HollowMod:TaintedHusks"],"picked":"HollowMod:MonomonsArchive","floor":6.0},{"not_picked":["HollowMod:HeavyBlow","HollowMod:AbyssShriek","HollowMod:TaintedHusks"],"picked":"SKIP","floor":7.0},{"not_picked":["HollowMod:VengefulSpirit","HollowMod:HowlingWraiths"],"picked":"HollowMod:BrokenVessel","floor":10.0},{"not_picked":["HollowMod:SoulEater","HollowMod:GrimmsGift"],"picked":"HollowMod:MantisMark","floor":11.0},{"not_picked":["HollowMod:VengefulVoid","HollowMod:SiblingsSouls"],"picked":"HollowMod:LuriensSpire","floor":14.0}],"player_experience":655374,"relics_obtained":[{"floor":0.0,"key":"Strawberry"},{"floor":0.0,"key":"HollowMod:MantisClawRelic"},{"floor":0.0,"key":"Du-Vu Doll"},{"floor":6.0,"key":"Centennial Puzzle"},{"floor":10.0,"key":"HollowMod:StagPassRelic"},{"floor":14.0,"key":"Potion Belt"}],"event_choices":[],"is_beta":false,"boss_relics":[],"items_purged_floors":[5],"is_endless":false,"potions_floor_spawned":[1,4,11,14],"killed_by":"Hallownest:BossBrokenVessel","ascension_level":7}}