{"host":"z5bn7jsck728mmiq","time":1612429529,"event":{"mods":["BaseMod","Bestiary","DeckTracker","Hermit","Marisa????????","Minty Spire (QoL Compilation)","Permanent Neow","StSLib","The Disciple","The Gatherer","The Hierophant","The Servant 0.9.4","Trackpad","Wide Potions"],"gold_per_floor":[119,119,119,138,211,211,243,263,263,277,277,293,293,304,304,407,407,418,92,191,66,85,85,85],"floor_reached":23,"language":"ENG","playtime":1086,"items_purged":["Doubt"],"score":191,"play_id":"d5170528-11e4-4e5d-be30-0a3217e6e410","local_time":"20210204010529","is_ascension_mode":false,"campfire_choices":[{"data":"UpSweep","floor":6,"key":"SMITH"},{"floor":11,"key":"REST"},{"floor":15,"key":"REST"}],"circlet_count":0,"master_deck":["Strike_MRS","Strike_MRS","Strike_MRS","Strike_MRS","Defend_MRS","Defend_MRS","Defend_MRS","Defend_MRS","MasterSpark","UpSweep+1","StarDustReverie","DoubleSpark","GalacticHalo","IllusionStar","OpenUniverse","LuminesStrike+1","PropBag","MachineGunSpark","DarkMatter","DarkMatter","SatelliteIllusion","OrrerysSun","Singularity","IllusionStar","NonDirectionalLaser"],"relics":["MiniHakkero","Mango","Bottled Flame","Dream Catcher","StrikeDummy","RampagingMagicTools","Bottled Tornado","Shuriken"],"acts_visited":["Exordium","TheCity"],"potions_floor_usage":[16,16],"damage_taken":[{"damage":1,"enemies":"2 Louse","floor":1,"turns":3},{"damage":0,"enemies":"Small Slimes","floor":4,"turns":3},{"damage":50,"enemies":"Gremlin Nob","floor":7,"turns":6},{"damage":3,"enemies":"Jaw Worm","floor":8,"turns":3},{"damage":15,"enemies":"Gremlin Gang","floor":10,"turns":6},{"damage":2,"enemies":"Blue Slaver","floor":12,"turns":3},{"damage":13,"enemies":"Red Slaver","floor":14,"turns":4},{"damage":49,"enemies":"The Guardian","floor":16,"turns":13},{"damage":7,"enemies":"Spheric Guardian","floor":18,"turns":3},{"damage":30,"enemies":"2 Thieves","floor":22,"turns":3},{"damage":59,"enemies":"Slavers","floor":23,"turns":3}],"seed_played":"3472426414199776737","potions_obtained":[{"floor":8,"key":"PowerPotion"},{"floor":10,"key":"ShroomBrew"},{"floor":14,"key":"Energy Potion"},{"floor":22,"key":"SpeedPotion"}],"is_trial":false,"path_per_floor":["M","?","?","M","T","R","E","M","T","M","R","M","?","M","R","B",null,"M","$","?","$","M","E"],"character_chosen":"MARISA","items_purchased":["Bottled Tornado","Singularity","IllusionStar"],"campfire_rested":2,"item_purchase_floors":[19,19,21],"current_hp_per_floor":[74,88,81,81,81,81,31,28,28,13,39,37,37,24,50,1,89,82,82,82,82,52,0,0],"gold":85,"neow_bonus":"THREE_RARE_CARDS","is_daily":false,"chose_seed":false,"campfire_upgraded":1,"win_rate":0.0,"timestamp":1612429529,"path_taken":["M","?","?","M","?","R","E","M","T","?","R","M","?","M","R","BOSS","M","$","?","$","M","E"],"items_purchased_type":["Relic","Card","Card"],"build_version":"2020-12-22","purchased_purges":1,"victory":false,"max_hp_per_floor":[75,89,89,89,89,89,89,89,89,89,89,89,89,89,89,89,89,89,89,89,89,89,89,89],"card_choices":[{"not_picked":["CasketOfStar","BlazingStar"],"picked":"StarDustReverie","floor":0},{"not_picked":["SporeBomb","Acceleration"],"picked":"DoubleSpark","floor":1},{"not_picked":["MilkyWay","UnstableBomb"],"picked":"GalacticHalo","floor":4},{"not_picked":["DarkSpark","6A"],"picked":"IllusionStar","floor":7},{"not_picked":["BlazeAway","GrandCross"],"picked":"OpenUniverse","floor":8},{"not_picked":["PulseMagic","PowerUp"],"picked":"LuminesStrike","floor":10},{"not_picked":["WitchOfGreed","Singularity"],"picked":"PropBag","floor":11},{"not_picked":["AsteroidBelt","ChargeUpSpray"],"picked":"MachineGunSpark","floor":12},{"not_picked":["AlicesGift","WitchOfGreed"],"picked":"DarkMatter","floor":14},{"not_picked":["PulseMagic","6A"],"picked":"DarkMatter","floor":15},{"not_picked":["CollectingQuirk","CasketOfStar"],"picked":"SatelliteIllusion","floor":16},{"not_picked":["MachineGunSpark+1","PowerUp"],"picked":"OrrerysSun","floor":18},{"not_picked":["GrandCross","6A"],"picked":"NonDirectionalLaser","floor":22}],"player_experience":104036,"relics_obtained":[{"floor":5,"key":"Bottled Flame"},{"floor":7,"key":"Dream Catcher"},{"floor":9,"key":"StrikeDummy"}],"event_choices":[{"damage_healed":0,"gold_gain":0,"player_choice":"Box","damage_taken":0,"relics_obtained":["Mango"],"max_hp_gain":0,"max_hp_loss":0,"event_name":"Big Fish","floor":2,"gold_loss":0,"cards_obtained":["Regret"]},{"cards_removed":["Regret"],"damage_healed":0,"gold_gain":0,"player_choice":"Card Removal","damage_taken":7,"max_hp_gain":0,"max_hp_loss":0,"event_name":"Golden Wing","floor":3,"gold_loss":0},{"damage_healed":0,"gold_gain":0,"player_choice":"Upgraded","damage_taken":0,"max_hp_gain":0,"max_hp_loss":0,"event_name":"Upgrade Shrine","floor":13,"gold_loss":0,"cards_upgraded":["LuminesStrike"]},{"damage_healed":0,"gold_gain":99,"player_choice":"Stole From Cult","damage_taken":0,"max_hp_gain":0,"max_hp_loss":0,"event_name":"Nest","floor":20,"gold_loss":0}],"is_beta":false,"boss_relics":[{"not_picked":["Philosopher\u0027s Stone","trackpad:Coffee"],"picked":"RampagingMagicTools"}],"items_purged_floors":[21],"is_endless":false,"potions_floor_spawned":[8,10,14,22],"killed_by":"Slavers","ascension_level":0}}