{"host":"kqjncq1jgqa58i7s","time":1612469556,"event":{"mods":["AchievementEnabler","BaseMod","Colored Map","Minty Spire (QoL Compilation)","Relic Stats"],"gold_per_floor":[14,14,35,60,84,84,119,169,195,219,247,290,290,317,317,317,317],"floor_reached":16,"language":"ENG","playtime":770,"items_purged":[],"score":228,"play_id":"aa37c9d0-2a28-4ccc-bf6e-a1c19732f4e7","local_time":"20210204211236","is_ascension_mode":true,"campfire_choices":[{"data":"Rampage","floor":6,"key":"SMITH"},{"floor":15,"key":"REST"}],"circlet_count":0,"master_deck":["AscendersBane","Strike_R","Strike_R","Strike_R","Strike_R","Strike_R","Defend_R","Defend_R","Defend_R","Defend_R","Bash","Disarm","Sword Boomerang","Offering","Rampage+1","Heavy Blade","Corruption+1","Feel No Pain","Metallicize","Battle Trance"],"relics":["Burning Blood","Thread and Needle","Golden Idol","Orichalcum","CeramicFish","Omamori"],"acts_visited":["Exordium"],"potions_floor_usage":[7,11,16],"damage_taken":[{"damage":7,"enemies":"Jaw Worm","floor":1,"turns":5},{"damage":2,"enemies":"2 Louse","floor":3,"turns":4},{"damage":2,"enemies":"Cultist","floor":4,"turns":3},{"damage":8,"enemies":"Blue Slaver","floor":5,"turns":4},{"damage":10,"enemies":"Gremlin Nob","floor":7,"turns":3},{"damage":6,"enemies":"3 Louse","floor":10,"turns":4},{"damage":11,"enemies":"Gremlin Gang","floor":11,"turns":5},{"damage":16,"enemies":"3 Sentries","floor":12,"turns":9},{"damage":11,"enemies":"Lots of Slimes","floor":14,"turns":5},{"damage":45,"enemies":"Slime Boss","floor":16,"turns":9}],"seed_played":"-4109595328528535128","potions_obtained":[{"floor":1,"key":"Block Potion"},{"floor":4,"key":"DuplicationPotion"},{"floor":11,"key":"HeartOfIron"},{"floor":12,"key":"SpeedPotion"}],"is_trial":false,"path_per_floor":["M","?","M","M","M","R","E","?","T","M","M","E","?","M","R","B"],"character_chosen":"IRONCLAD","items_purchased":[],"campfire_rested":1,"item_purchase_floors":[],"current_hp_per_floor":[67,41,45,49,47,47,43,36,36,36,31,21,21,16,38,0,0],"gold":317,"neow_bonus":"ONE_RARE_RELIC","is_daily":false,"chose_seed":false,"campfire_upgraded":1,"win_rate":0.0,"timestamp":1612469556,"path_taken":["M","?","M","M","M","R","E","?","T","M","?","E","?","M","R","BOSS"],"items_purchased_type":[],"build_version":"2020-12-22","purchased_purges":0,"victory":false,"max_hp_per_floor":[75,75,75,75,75,75,75,75,75,75,75,75,75,75,75,75,75],"relic_stats":{"counters":[10,51],"Golden Idol":39,"CeramicFish":36,"Orichalcum":[102],"obtain_stats":[{"Golden Idol":2,"CeramicFish":9,"Thread and Needle":0,"Omamori":12,"Orichalcum":7,"Burning Blood":0},{"Golden Idol":1,"CeramicFish":5,"Thread and Needle":0,"Omamori":8,"Orichalcum":5,"Burning Blood":0},{"Golden Idol":5,"CeramicFish":19,"Thread and Needle":0,"Omamori":37,"Orichalcum":19,"Burning Blood":0}],"Burning Blood":54},"card_choices":[{"not_picked":["Seeing Red","True Grit"],"picked":"Disarm","floor":1},{"not_picked":["Anger","True Grit"],"picked":"Sword Boomerang","floor":3},{"not_picked":["Armaments","Twin Strike"],"picked":"Offering","floor":4},{"not_picked":["Clash","Battle Trance"],"picked":"Rampage","floor":5},{"not_picked":["Pummel","Wild Strike"],"picked":"Heavy Blade","floor":7},{"not_picked":["Pummel","Armaments"],"picked":"Corruption","floor":10},{"not_picked":["Sentinel","Iron Wave"],"picked":"Feel No Pain","floor":11},{"not_picked":["Flex","Uppercut"],"picked":"Metallicize","floor":12},{"not_picked":["Wild Strike","Headbutt"],"picked":"Battle Trance","floor":14}],"player_experience":1656248,"relics_obtained":[{"floor":7,"key":"Orichalcum"},{"floor":9,"key":"CeramicFish"},{"floor":12,"key":"Omamori"}],"event_choices":[{"damage_healed":0,"gold_gain":0,"player_choice":"Take Damage","damage_taken":26,"relics_obtained":["Golden Idol"],"max_hp_gain":0,"max_hp_loss":0,"event_name":"Golden Idol","floor":2,"gold_loss":0},{"damage_healed":0,"gold_gain":50,"player_choice":"Touch","damage_taken":7,"max_hp_gain":0,"max_hp_loss":0,"event_name":"FaceTrader","floor":8,"gold_loss":0},{"damage_healed":0,"gold_gain":0,"player_choice":"Grow","damage_taken":0,"max_hp_gain":0,"max_hp_loss":0,"event_name":"Living Wall","floor":13,"gold_loss":0,"cards_upgraded":["Corruption"]}],"is_beta":false,"boss_relics":[],"items_purged_floors":[],"is_endless":false,"potions_floor_spawned":[1,4,11,12],"killed_by":"Slime Boss","ascension_level":20}}