{"host":"126yiuos2nq86se7","time":1612427054,"event":{"mods":["AchievementEnabler","Act Like it!","BaseMod","Colored Map","Colored Powertips","Friendly Minions","Highlight Path","Hubris","Minty Spire (QoL Compilation)","Reimu??????","StSLib","SuperFastMode","The Animator"],"gold_per_floor":[118,138,158,178,178,207,207,222,222,238,238,238,41,54,54,153,153,165,165,148,148,161,161,179,179,257,287,287,37,37,54,54,149,149,161,36,36,51,51,83,83,103,103,103,117,117,146,146,146],"floor_reached":48,"language":"ENG","playtime":2601,"items_purged":["Eruption","Strike_P+1","Strike_P+1"],"score":564,"play_id":"c771dceb-c09a-4e4d-8dc0-8f2b881bd604","local_time":"20210204192414","is_ascension_mode":true,"campfire_choices":[{"data":"Prostrate","floor":7,"key":"SMITH"},{"floor":12,"key":"REST"},{"floor":15,"key":"REST"},{"data":"DevaForm","floor":23,"key":"SMITH"},{"data":"ForeignInfluence","floor":25,"key":"SMITH"},{"floor":30,"key":"REST"},{"floor":32,"key":"REST"},{"floor":46,"key":"REST"}],"circlet_count":0,"master_deck":["Strike_P+1","Strike_P+1","Defend_P+1","Defend_P+1","Defend_P+1","Defend_P+1","Vigilance+1","Sanctity","Prostrate+1","ForeignInfluence+1","CutThroughFate","Evaluate","CutThroughFate","Perseverance","WindmillStrike","Finesse","DevaForm+1","SandsOfTime+1","Evaluate+1","FollowUp+1","Fasting2","Wish","Protect+1","Wish","Pray","Consecrate","Parasite","Prostrate"],"relics":["PureWater","Dead Branch","hubris:CrystalStatue","Centennial Puzzle","hubris:VirtuousBlindfold","hubris:Towel","Mercury Hourglass","Lantern","Medical Kit","Fusion Hammer","hubris:Icosahedron","Unceasing Top","CloakClasp","Kunai","Meat on the Bone"],"acts_visited":["Exordium","TheCity","TheBeyond"],"potions_floor_usage":[6,16,27,33,33,40,47],"damage_taken":[{"damage":0,"enemies":"2 Louse","floor":1,"turns":4},{"damage":7,"enemies":"Jaw Worm","floor":2,"turns":9},{"damage":3,"enemies":"Cultist","floor":3,"turns":5},{"damage":0,"enemies":"Blue Slaver","floor":4,"turns":7},{"damage":20,"enemies":"3 Sentries","floor":6,"turns":14},{"damage":15,"enemies":"Gremlin Gang","floor":8,"turns":7},{"damage":0,"enemies":"Looter","floor":10,"turns":3},{"damage":0,"enemies":"Large Slime","floor":14,"turns":5},{"damage":8,"enemies":"The Guardian","floor":16,"turns":9},{"damage":0,"enemies":"Chosen","floor":18,"turns":6},{"damage":0,"enemies":"2 Thieves","floor":20,"turns":4},{"damage":5,"enemies":"Shelled Parasite and Fungi","floor":22,"turns":7},{"damage":10,"enemies":"Snecko","floor":24,"turns":5},{"damage":18,"enemies":"Slavers","floor":27,"turns":7},{"damage":10,"enemies":"3 Cultists","floor":31,"turns":5},{"damage":19,"enemies":"Champ","floor":33,"turns":8},{"damage":5,"enemies":"Orb Walker","floor":35,"turns":3},{"damage":18,"enemies":"3 Darklings","floor":38,"turns":5},{"damage":41,"enemies":"Reptomancer","floor":40,"turns":5},{"damage":0,"enemies":"Mind Bloom Boss Battle","floor":41,"turns":6},{"damage":0,"enemies":"Maw","floor":42,"turns":8},{"damage":0,"enemies":"Writhing Mass","floor":45,"turns":5},{"damage":10,"enemies":"Giant Head","floor":47,"turns":6},{"damage":56,"enemies":"Transient","floor":48,"turns":4}],"seed_played":"-7939875995545631209","potions_obtained":[{"floor":4,"key":"BottledMiracle"},{"floor":10,"key":"Weak Potion"},{"floor":14,"key":"EssenceOfSteel"},{"floor":24,"key":"StancePotion"},{"floor":27,"key":"GrandPatriotsElixir:ReiMu"},{"floor":38,"key":"Strength Potion"},{"floor":41,"key":"SneckoOil"},{"floor":42,"key":"ColorlessPotion"},{"floor":47,"key":"Strength Potion"}],"is_trial":false,"path_per_floor":["M","M","M","M","?","E","R","M","T","M","?","R","$","M","R","B",null,"M","?","M","?","M","R","M","R","T","E","?","$","R","M","R","B",null,"M","$","?","M","?","E","?","M","T","?","M","R","E","M"],"character_chosen":"WATCHER","items_purchased":["WindmillStrike","Finesse","Medical Kit"],"campfire_rested":5,"item_purchase_floors":[13,13,29],"current_hp_per_floor":[72,65,62,62,62,42,42,27,27,27,20,41,41,41,62,54,72,72,72,72,72,67,67,57,57,57,39,39,39,60,50,71,52,72,67,67,67,49,49,8,8,8,8,8,8,29,19,0,0],"gold":146,"neow_bonus":"UPGRADE_CARD","is_daily":false,"chose_seed":false,"campfire_upgraded":3,"win_rate":0.0,"timestamp":1612427054,"path_taken":["M","M","M","M","?","E","R","M","T","M","?","R","$","M","R","BOSS","M","?","M","?","M","R","M","R","T","E","?","$","R","?","R","BOSS","M","$","?","?","?","E","?","M","T","?","M","R","E","M"],"items_purchased_type":["Card","Card","Relic"],"build_version":"2020-12-22","purchased_purges":3,"victory":false,"max_hp_per_floor":[72,72,72,72,72,72,72,72,72,72,72,72,72,72,72,72,72,72,72,72,72,72,72,72,72,72,72,72,72,72,72,72,72,72,72,72,72,72,72,72,72,72,72,72,72,72,72,72,72],"card_choices":[{"not_picked":["Evaluate","PathToVictory"],"picked":"Sanctity","floor":1},{"not_picked":["ClearTheMind","EmptyFist"],"picked":"Prostrate","floor":2},{"not_picked":["InnerPeace","Protect"],"picked":"ForeignInfluence","floor":3},{"not_picked":["FlurryOfBlows","Wallop"],"picked":"CutThroughFate","floor":4},{"not_picked":["Indignation","Worship"],"picked":"Evaluate","floor":6},{"not_picked":["Worship","Meditate"],"picked":"CutThroughFate","floor":8},{"not_picked":["Ragnarok","WreathOfFlame"],"picked":"Perseverance","floor":10},{"not_picked":["WreathOfFlame","EmptyFist","BowlingBash"],"picked":"SKIP","floor":14},{"not_picked":["SpiritShield","Omniscience"],"picked":"DevaForm","floor":16},{"not_picked":["Nirvana","PathToVictory"],"picked":"SandsOfTime+1","floor":18},{"not_picked":["InnerPeace+1","ThirdEye","Crescendo+1"],"picked":"SKIP","floor":20},{"not_picked":["Prostrate","ClearTheMind"],"picked":"Evaluate+1","floor":22},{"not_picked":["TalkToTheHand","SandsOfTime","BowlingBash"],"picked":"SKIP","floor":24},{"not_picked":["Adaptation","EmptyMind+1"],"picked":"FollowUp+1","floor":27},{"not_picked":["SandsOfTime+1","BowlingBash"],"picked":"Fasting2","floor":31},{"not_picked":["ConjureBlade","Vault"],"picked":"Wish","floor":33},{"not_picked":["EmptyBody+1","JustLucky"],"picked":"Protect+1","floor":35},{"not_picked":["ClearTheMind+1","LikeWater"],"picked":"Pray","floor":38},{"not_picked":["FlurryOfBlows","ThirdEye+1"],"picked":"Consecrate","floor":40},{"not_picked":["Evaluate+1","ThirdEye","WaveOfTheHand+1"],"picked":"SKIP","floor":42},{"not_picked":["SignatureMove+1","Conclude+1"],"picked":"Prostrate","floor":45},{"not_picked":["Collect+1","CutThroughFate","Evaluate+1"],"picked":"SKIP","floor":47}],"player_experience":1586975,"relics_obtained":[{"floor":6,"key":"Dead Branch"},{"floor":9,"key":"hubris:CrystalStatue"},{"floor":26,"key":"Mercury Hourglass"},{"floor":27,"key":"Lantern"},{"floor":40,"key":"Unceasing Top"},{"floor":41,"key":"CloakClasp"},{"floor":43,"key":"Kunai"},{"floor":47,"key":"Meat on the Bone"}],"event_choices":[{"damage_healed":0,"gold_gain":0,"player_choice":"Ignored","damage_taken":0,"max_hp_gain":0,"max_hp_loss":0,"event_name":"Liars Game","floor":5,"gold_loss":0},{"damage_healed":0,"gold_gain":0,"player_choice":"Success","damage_taken":7,"relics_obtained":["Centennial Puzzle"],"max_hp_gain":0,"max_hp_loss":0,"event_name":"Scrap Ooze","floor":11,"gold_loss":0},{"damage_healed":0,"gold_gain":0,"player_choice":"Simplicity","damage_taken":0,"max_hp_gain":0,"max_hp_loss":0,"event_name":"Back to Basics","floor":19,"gold_loss":0,"cards_upgraded":["Strike_P","Strike_P","Strike_P","Strike_P","Defend_P","Defend_P","Defend_P","Defend_P"]},{"damage_healed":0,"gold_gain":0,"player_choice":"Ignored","damage_taken":0,"max_hp_gain":0,"max_hp_loss":0,"event_name":"NoteForYourself","floor":28,"gold_loss":0},{"damage_healed":0,"gold_gain":0,"player_choice":"Copied","damage_taken":0,"max_hp_gain":0,"max_hp_loss":0,"event_name":"Duplicator","floor":37,"gold_loss":0,"cards_obtained":["Wish"]},{"damage_healed":0,"gold_gain":0,"player_choice":"Fight","damage_taken":0,"max_hp_gain":0,"max_hp_loss":0,"event_name":"MindBloom","floor":41,"gold_loss":0},{"damage_healed":0,"gold_gain":0,"player_choice":"Ignored","damage_taken":0,"max_hp_gain":0,"max_hp_loss":0,"event_name":"Mysterious Sphere","floor":44,"gold_loss":0}],"is_beta":false,"boss_relics":[{"not_picked":["Calling Bell","Sozu"],"picked":"hubris:VirtuousBlindfold"},{"not_picked":["hubris:TerracottaHorce","SacredBark"],"picked":"Fusion Hammer"}],"items_purged_floors":[13,29,36],"is_endless":false,"potions_floor_spawned":[4,10,14,24,27,38,41,42,47],"killed_by":"Transient","ascension_level":1}}