{"host":"knspyp6dy614fx6e","time":1612403352,"event":{"mods":["ATMod(°¢èªMod)","Aspiration","BaseMod","Better Altar","Better Skull","Better Third Choice","Card Filter","DeckTracker","Dota2Spire","Energized Spire","Jedi Mod","Minty Spire (QoL Compilation)","Quick Restart","Relic Filter Mod","Relic Stats","Reliquary","Shop Mod","Spicy Shops","StSLib","TestMod","Waifu the Spire"],"gold_per_floor":[113,124,124,124,124,124,157,157,157,200,200,218,233,254,254,349,349,374,374,374],"floor_reached":19,"language":"ZHS","playtime":745,"items_purged":[],"score":404,"play_id":"fee16cd0-7713-4b24-b4e4-6d416fab51de","local_time":"20210204094912","is_ascension_mode":true,"campfire_choices":[{"floor":6.0,"key":"REST"},{"data":"AT_Dispersion","floor":8.0,"key":"SMITH"},{"data":"Evolve","floor":15.0,"key":"SMITH"}],"circlet_count":0,"master_deck":["AscendersBane","Strike_R","Strike_R","Strike_R","Strike_R","Defend_R","Defend_R","Defend_R","Defend_R","Bash","Evolve+1","Intimidate","Calculated Gamble+1","AT_Dispersion+1","Fire Breathing","Twin Strike","Heavy Blade","Offering","Body Slam"],"relics":["Burning Blood","AT_ATBox","testmod-TestBox","NeowsBlessing","Bag of Preparation","Golden Idol","testmod-Hope","reliquary:MedicineBall","Pantograph","Philosopher\u0027s Stone"],"acts_visited":["Exordium","TheCity"],"potions_floor_usage":[],"damage_taken":[{"damage":0.0,"enemies":"Jaw Worm","floor":1.0,"turns":1.0},{"damage":0.0,"enemies":"Small Slimes","floor":2.0,"turns":1.0},{"damage":0.0,"enemies":"Lagavulin","floor":7.0,"turns":1.0},{"damage":20.0,"enemies":"Gremlin Nob","floor":10.0,"turns":4.0},{"damage":4.0,"enemies":"Cultist","floor":12.0,"turns":3.0},{"damage":2.0,"enemies":"2 Fungi Beasts","floor":13.0,"turns":4.0},{"damage":0.0,"enemies":"Lots of Slimes","floor":14.0,"turns":1.0},{"damage":5.0,"enemies":"Slime Boss","floor":16.0,"turns":6.0},{"damage":15.0,"enemies":"2 Thieves","floor":18.0,"turns":4.0},{"damage":0,"enemies":"3 Byrds","floor":19,"turns":1}],"seed_played":"-1229877779298852216","potions_obtained":[{"floor":1.0,"key":"Block Potion"},{"floor":10.0,"key":"AttackPotion"},{"floor":14.0,"key":"PowerPotion"}],"is_trial":false,"path_per_floor":["M","M","?","?","?","R","E","R","T","E","?","M","M","M","R","B",null,"M","M"],"character_chosen":"IRONCLAD","items_purchased":[],"campfire_rested":1,"item_purchase_floors":[],"current_hp_per_floor":[74,75,39,39,13,35,41,41,41,27,27,29,33,75,75,75,75,66,66,66],"gold":374,"neow_bonus":"THREE_ENEMY_KILL","is_daily":false,"chose_seed":false,"campfire_upgraded":2,"win_rate":0.0,"timestamp":1612403352,"path_taken":["M","M","?","?","?","R","E","R","T","E","?","?","M","M","R","BOSS","M","M"],"items_purchased_type":[],"build_version":"2020-12-22","purchased_purges":0,"victory":false,"max_hp_per_floor":[75,75,75,75,75,75,75,75,75,75,75,75,75,75,75,75,75,75,75,75],"relic_stats":{"counters":[10,26],"Golden Idol":55,"Pantograph":0,"Bag of Preparation":[16],"obtain_stats":[{"AT_ATBox":0,"testmod-TestBox":0,"NeowsBlessing":0,"Golden Idol":5,"Pantograph":10,"testmod-Hope":7,"Philosopher\u0027s Stone":17,"Bag of Preparation":3,"reliquary:MedicineBall":9,"Burning Blood":0},{"AT_ATBox":0,"testmod-TestBox":0,"NeowsBlessing":0,"Golden Idol":2,"Pantograph":4,"testmod-Hope":3,"Philosopher\u0027s Stone":8,"Bag of Preparation":2,"reliquary:MedicineBall":3,"Burning Blood":0},{"AT_ATBox":0,"testmod-TestBox":0,"NeowsBlessing":0,"Golden Idol":2,"Pantograph":7,"testmod-Hope":3,"Philosopher\u0027s Stone":21,"Bag of Preparation":2,"reliquary:MedicineBall":3,"Burning Blood":0}],"Burning Blood":42},"card_choices":[{"not_picked":["Dark Embrace","Pommel Strike"],"picked":"Evolve","floor":1.0},{"not_picked":["Headbutt","Body Slam"],"picked":"Intimidate","floor":2.0},{"not_picked":["Iron Wave","Clash"],"picked":"AT_Dispersion","floor":7.0},{"not_picked":["Burning Pact","Hemokinesis"],"picked":"Fire Breathing","floor":10.0},{"not_picked":["Evolve","Thunderclap"],"picked":"Twin Strike","floor":12.0},{"not_picked":["Infernal Blade","Flex"],"picked":"Heavy Blade","floor":13.0},{"not_picked":["Clothesline","Heavy Blade","Headbutt"],"picked":"SKIP","floor":14.0},{"not_picked":["AT_Dispersion","Juggernaut"],"picked":"Offering","floor":16.0},{"not_picked":["Twin Strike","Dual Wield"],"picked":"Body Slam","floor":18.0}],"player_experience":320368,"relics_obtained":[{"floor":7.0,"key":"testmod-Hope"},{"floor":9.0,"key":"reliquary:MedicineBall"},{"floor":10.0,"key":"Pantograph"}],"event_choices":[{"damage_healed":0.0,"max_hp_gain":0.0,"max_hp_loss":0.0,"gold_gain":0.0,"event_name":"Liars Game","player_choice":"Ignored","floor":4.0,"gold_loss":0.0,"damage_taken":0.0},{"damage_healed":0.0,"max_hp_gain":0.0,"max_hp_loss":0.0,"gold_gain":0.0,"event_name":"Golden Idol","player_choice":"Take Damage","floor":5.0,"gold_loss":0.0,"damage_taken":26.0,"relics_obtained":["Golden Idol"]},{"cards_removed":["Strike_R"],"damage_healed":0.0,"max_hp_gain":0.0,"max_hp_loss":0.0,"gold_gain":0.0,"event_name":"Bonfire Elementals","player_choice":"Offered Basic","floor":11.0,"gold_loss":0.0,"damage_taken":0.0}],"is_beta":false,"boss_relics":[{"not_picked":["aspiration:DefectSkillbook","testmod-Recursion"],"picked":"Philosopher\u0027s Stone"}],"items_purged_floors":[],"is_endless":false,"potions_floor_spawned":[1,10,14],"killed_by":"3 Byrds","ascension_level":20}}