{"host":"g1qzxxy7a24sg3a3","time":1612420332,"event":{"mods":["ATMod(阿瑾Mod)","Act Like it!","Arknights","BaseMod","Custom Start","Gensokyo","GungeonMod","Hallownest","Lobotomy","LobotomyExtend","Minty Spire (QoL Compilation)","MostiFishMod","Pale of the Ancients","Replay The Spire","SOS（斯巴达之子）","Shop Mod","Spicy Shops","StSLib","TestMod","The Administrix","The Bug Knight","Waifu the Spire","WarShipGirlsR/战舰少女R mod","【遗物卡牌】REMEMod","残留之物"],"gold_per_floor":[113,60,60,60,60,90,90,90,90,121,121,134,134,134,134,233,233,250,175,193,118,118,118,143,143,143,173,272,272,285,298,298,397,397,415,430,330,380,380,380,412,412,412,412,422,422,450,450,450],"floor_reached":48,"language":"ZHS","playtime":1286,"items_purged":["Defend_R","Strike_R"],"score":698,"play_id":"d52f842d-5c65-4111-bae0-63a754f415bf","local_time":"20210204143212","is_ascension_mode":false,"campfire_choices":[{"data":"Eruption","floor":7.0,"key":"SMITH"},{"data":"ReplayTheSpireMod:Limb From Limb","floor":11.0,"key":"SMITH"},{"data":"AT_IchimonjiDouble","floor":13.0,"key":"SMITH"},{"data":"AT_FamilyPortrait","floor":15.0,"key":"SMITH"},{"floor":23,"key":"RECALL"},{"data":"Crescendo","floor":25,"key":"SMITH"},{"data":"Bludgeon","floor":32,"key":"SMITH"},{"data":"J.A.X.","floor":40,"key":"SMITH"},{"data":"Heavy Blade","floor":42,"key":"SMITH"}],"circlet_count":0,"master_deck":["Strike_R","Strike_R","Strike_R","Strike_R","Defend_R","Defend_R","Defend_R","AT_FamilyPortrait+1","Anger","Heavy Blade+1","Perfected Strike","ReplayTheSpireMod:Limb From Limb+1","Woodsman","AT_IchimonjiDouble+1","HappyTeddy","Offering","Crescendo+1","J.A.X.+1","Bludgeon+1","AT_BreakingExtremeWeapon"],"relics":["AT_ATBox","DaveBox","testmod-TestBox","REME_ComplimentaryCards","Transparent","testmod-Justice","CogitoBucket","SynthV:TestCard","Replay:M_SmolderingBlood","testmod-Alchemist","Orichalcum","testmod-TurbochargingSystem","LetterFromLob","AT_ForceNature","Replay:Grab Bag","SlaversCollar","Busted Crown","REME_LowDesire","AT_SunfireAegis","Bag of Marbles","Centennial Puzzle","HollowMod:LifeEnderRelic","Garlic","Replay:Accelerometer","Electric Blood","AT_Manta","DaCapo","Replay:Bottled Eggs"],"acts_visited":["Exordium","TheCity","TheBeyond"],"potions_floor_usage":[45],"damage_taken":[{"damage":32.0,"enemies":"Small Slimes","floor":1.0,"turns":2.0},{"damage":32.0,"enemies":"Lagavulin","floor":6.0,"turns":2.0},{"damage":32.0,"enemies":"3 Sentries","floor":10.0,"turns":2.0},{"damage":16.0,"enemies":"Jaw Worm","floor":12.0,"turns":1.0},{"damage":8.0,"enemies":"Slime Boss","floor":16.0,"turns":1.0},{"damage":21.0,"enemies":"3 Byrds","floor":18.0,"turns":1.0},{"damage":8,"enemies":"Spheric Guardian","floor":20,"turns":1},{"damage":17,"enemies":"Gremlin Leader","floor":24,"turns":1},{"damage":44,"enemies":"REME_1_Revenger","floor":27,"turns":1},{"damage":19,"enemies":"Shelled Parasite and Fungi","floor":30,"turns":1},{"damage":44,"enemies":"Snecko","floor":31,"turns":3},{"damage":49,"enemies":"Automaton","floor":33,"turns":2},{"damage":9,"enemies":"Orb Walker","floor":35,"turns":1},{"damage":15,"enemies":"3 Shapes","floor":36,"turns":1},{"damage":45,"enemies":"Mind Bloom Boss Battle","floor":38,"turns":1},{"damage":40,"enemies":"R_Hoarder","floor":41,"turns":4},{"damage":66,"enemies":"Spire Growth","floor":45,"turns":1},{"damage":52,"enemies":"Maw","floor":48,"turns":1}],"seed_played":"4517266817239226795","potions_obtained":[{"floor":16.0,"key":"BlessingOfTheForge"},{"floor":33,"key":"SteroidPotion"},{"floor":35,"key":"Venom Potion"},{"floor":47,"key":"DistilledChaos"},{"floor":47,"key":"Energy Potion"}],"is_trial":false,"path_per_floor":["M","$","?","?","$","E","R","?","T","E","R","M","R","T","R","B",null,"M","?","M","$","?","R","E","R","T","E","?","T","M","M","R","B",null,"M","M","$","?","?","R","E","R","T","?","M","?","?","M"],"character_chosen":"IRONCLAD","items_purchased":["Heavy Blade"],"campfire_rested":0,"item_purchase_floors":[2],"current_hp_per_floor":[80,80,80,55,55,71,71,63,63,79,79,80,80,80,80,80,80,80,80,80,80,80,80,80,80,80,80,80,80,80,80,80,80,80,80,80,80,80,80,80,83,83,83,83,72,72,52,0,0],"gold":450,"neow_bonus":"","is_daily":false,"chose_seed":false,"campfire_upgraded":8,"win_rate":0.0,"timestamp":1612420332,"path_taken":["M","$","?","?","$","E","R","?","T","E","R","M","R","?","R","BOSS","M","?","M","$","?","R","E","R","T","E","?","?","M","M","R","BOSS","M","M","$","?","?","R","E","R","T","?","?","?","?","M"],"items_purchased_type":["Card"],"build_version":"2020-12-22","purchased_purges":2,"victory":false,"max_hp_per_floor":[80,80,80,80,80,80,80,80,80,80,80,80,80,80,80,80,80,80,80,80,80,80,80,80,80,80,80,80,80,80,80,80,80,80,80,80,80,80,80,80,83,83,83,83,83,83,83,83,83],"card_choices":[{"not_picked":["Flex","Body Slam"],"picked":"Anger","floor":1.0},{"not_picked":["Flame Barrier","Clothesline","Thunderclap","Sword Boomerang"],"picked":"Perfected Strike","floor":6.0},{"not_picked":["Murderer","MHz","CherryBlossoms"],"picked":"Singing Bowl","floor":6.0},{"not_picked":["VoidDream","Wellcheers"],"picked":"HeroicMonk","floor":6.0},{"not_picked":["PunishingBird","WallGazer","UniverseFragment"],"picked":"Singing Bowl","floor":10.0},{"not_picked":["Body Slam","Life Link","AT_ManFootWork","Shrug It Off"],"picked":"ReplayTheSpireMod:Limb From Limb","floor":10.0},{"not_picked":["SpiderBud","FairyFestival"],"picked":"Woodsman","floor":12.0},{"not_picked":["FollowUp","AT_CaressingTears","BowlingBash","Headbutt"],"picked":"AT_IchimonjiDouble","floor":12.0},{"not_picked":["WallGazer","Alriune","GreedKing"],"picked":"Singing Bowl","floor":16.0},{"not_picked":["BigBird","DespairKnight"],"picked":"HappyTeddy","floor":16.0},{"not_picked":["Demonic Infusion","MostiFishMod:OrdinaryWorld","AT_Dispersion","MostiFishMod:RacingGame"],"picked":"Offering","floor":16.0},{"not_picked":["Spot Weakness","Wild Strike","Ghostly Armor","testmod-ChaoticCore"],"picked":"SKIP","floor":18},{"not_picked":["Spot Weakness","Wild Strike","Ghostly Armor","testmod-ChaoticCore"],"picked":"SKIP","floor":18},{"not_picked":["REME_FearOfPain","FlyingSleeves+1","testmod-SunMoon"],"picked":"Crescendo","floor":20},{"not_picked":["AT_IchimonjiDouble+1","Brutality","BowlingBash+1","Replay:Bootleg Shield Generator"],"picked":"SKIP","floor":24},{"not_picked":["Burning Pact+1","Headbutt","AT_GerminateFire","MostiFishMod:MusicBox"],"picked":"SKIP","floor":27},{"not_picked":["Pummel+1","Entrench","AT_DrawKnifeCut","REME_BattleFury"],"picked":"SKIP","floor":30},{"not_picked":["Thunderclap","Abandon+1","ReplayTheSpireMod:Uncanny Aura"],"picked":"Bludgeon","floor":31},{"not_picked":["Anger","Rampage","Pommel Strike","testmod-ConditionedReflex"],"picked":"SKIP","floor":35},{"not_picked":["Wild Strike+1","Armaments","REME_Scribble","Replay:Parry"],"picked":"SKIP","floor":36},{"not_picked":["Body Slam","Combust+1","Rampage+1","testmod-Librarian"],"picked":"SKIP","floor":41},{"not_picked":["MostiFishMod:KnuckleDown","Twin Strike","Headbutt"],"picked":"AT_BreakingExtremeWeapon","floor":45}],"player_experience":71707,"relics_obtained":[{"floor":1.0,"key":"SynthV:TestCard"},{"floor":6.0,"key":"Orichalcum"},{"floor":10.0,"key":"testmod-TurbochargingSystem"},{"floor":12.0,"key":"LetterFromLob"},{"floor":14.0,"key":"AT_ForceNature"},{"floor":17.0,"key":"AT_SunfireAegis"},{"floor":17.0,"key":"Bag of Marbles"},{"floor":24,"key":"Centennial Puzzle"},{"floor":26,"key":"HollowMod:LifeEnderRelic"},{"floor":27,"key":"Garlic"},{"floor":29,"key":"Replay:Accelerometer"},{"floor":38,"key":"AT_Manta"},{"floor":41,"key":"DaCapo"},{"floor":43,"key":"Replay:Bottled Eggs"}],"event_choices":[{"damage_healed":0.0,"max_hp_gain":0.0,"max_hp_loss":0.0,"gold_gain":0.0,"event_name":"Scrap Ooze","player_choice":"Success","floor":4.0,"gold_loss":0.0,"damage_taken":25.0,"relics_obtained":["testmod-Alchemist"]},{"damage_healed":0.0,"max_hp_gain":0.0,"max_hp_loss":0.0,"gold_gain":0.0,"event_name":"恩洛斯的盘子","player_choice":"Ignored","floor":8.0,"gold_loss":0.0,"damage_taken":8.0},{"cards_removed":["HeroicMonk"],"damage_healed":0,"gold_gain":0,"player_choice":"Gave Gold","damage_taken":0,"max_hp_gain":0,"max_hp_loss":0,"event_name":"Beggar","floor":19,"gold_loss":75},{"damage_healed":0,"gold_gain":0,"player_choice":"Obtain J.A.X.","damage_taken":0,"max_hp_gain":0,"max_hp_loss":0,"event_name":"Drug Dealer","floor":22,"gold_loss":0,"cards_obtained":["J.A.X."]},{"damage_healed":0,"gold_gain":99,"player_choice":"Stole From Cult","damage_taken":0,"max_hp_gain":0,"max_hp_loss":0,"event_name":"Nest","floor":28,"gold_loss":0},{"damage_healed":0,"gold_gain":0,"player_choice":"Fight","damage_taken":0,"max_hp_gain":0,"max_hp_loss":0,"event_name":"MindBloom","floor":38,"gold_loss":0},{"damage_healed":0,"gold_gain":0,"player_choice":"Bought 0 Potions","damage_taken":0,"max_hp_gain":0,"max_hp_loss":0,"event_name":"The Woman in Blue","floor":44,"gold_loss":0},{"damage_healed":0,"gold_gain":0,"player_choice":"Ignored","damage_taken":0,"max_hp_gain":0,"max_hp_loss":0,"event_name":"给自己的盒子","floor":46,"gold_loss":0}],"is_beta":false,"boss_relics":[{"not_picked":["Ooze Armor","BloodWine"],"picked":"Replay:Grab Bag"},{"not_picked":["Philosopher\u0027s Stone","Velvet Choker"],"picked":"SlaversCollar"},{"not_picked":["Runic Dome","Fusion Hammer"],"picked":"Busted Crown"},{"not_picked":["testmod-StringDisintegrator","SacredBark"],"picked":"REME_LowDesire"},{"not_picked":["Black Star","Runic Pyramid"],"picked":"Electric Blood"}],"items_purged_floors":[21,37],"is_endless":false,"potions_floor_spawned":[16,20,30,33,35,36,41],"killed_by":"Maw","ascension_level":0}}