{"host":"exhp4inpfmbngj23","time":1612470226,"event":{"mods":["Abigail Mod","BaseMod","Beaked The Cultist","Friendly Minions","Kiyohime????","Koishi","Minty Spire (QoL Compilation)","StSLib","The Alterego","The Marked"],"gold_per_floor":[119,129,129,204,304,304,320,320,320,336,355,375,387,420,420,518,518,535,31,44,56,56,56,56],"floor_reached":23,"language":"ENG","playtime":1407,"items_purged":[],"score":195,"play_id":"32de3df4-62fb-4403-b0d8-eb3483357cc8","local_time":"20210204122346","is_ascension_mode":false,"campfire_choices":[{"data":"theMarked:ChainLightning","floor":6,"key":"SMITH"},{"floor":8,"key":"RECALL"},{"floor":15,"key":"REST"}],"circlet_count":0,"master_deck":["theMarked:Strike","theMarked:Strike","theMarked:Strike","theMarked:Strike","theMarked:Strike","theMarked:Defend","theMarked:Defend","theMarked:Defend","theMarked:Defend","theMarked:SoldierOfQuellstein+1","theMarked:SwordAndMagic","theMarked:ChainLightning+1","theMarked:MuscleMemory","theMarked:Aftermath","theMarked:BanishingStrike","theMarked:Improvise","theMarked:ComboAttacks","theMarked:ThrowWeapon","theMarked:Vacuum","theMarked:StartUp+1","Apotheosis","theMarked:StartUp","theMarked:ResourceFulStrike","theMarked:AttractMetal"],"relics":["theMarked:ArtifactOfAir","Pocketwatch","theMarked:Eyepatch","theMarked:NailFile"],"acts_visited":["Exordium","TheCity"],"potions_floor_usage":[23],"damage_taken":[{"damage":1,"enemies":"Cultist","floor":1,"turns":3},{"damage":0,"enemies":"Small Slimes","floor":2,"turns":2},{"damage":0,"enemies":"2 Louse","floor":7,"turns":2},{"damage":1,"enemies":"Exordium Thugs","floor":10,"turns":3},{"damage":10,"enemies":"Looter","floor":11,"turns":3},{"damage":10,"enemies":"Large Slime","floor":12,"turns":4},{"damage":0,"enemies":"3 Louse","floor":13,"turns":3},{"damage":21,"enemies":"Lagavulin","floor":14,"turns":6},{"damage":25,"enemies":"The Guardian","floor":16,"turns":10},{"damage":10,"enemies":"3 Byrds","floor":18,"turns":6},{"damage":10,"enemies":"Chosen","floor":20,"turns":3},{"damage":35,"enemies":"Snake Plant","floor":21,"turns":3},{"damage":23,"enemies":"Book of Stabbing","floor":23,"turns":4}],"seed_played":"-3380259515587844006","potions_obtained":[{"floor":10,"key":"Ancient Potion"},{"floor":11,"key":"DuplicationPotion"},{"floor":13,"key":"DuplicationPotion"},{"floor":18,"key":"Energy Potion"}],"is_trial":false,"path_per_floor":["M","M","?","?","?","R","M","R","T","M","M","M","M","E","R","B",null,"M","$","M","M","?","E"],"character_chosen":"THE_DEFAULT","items_purchased":["Apotheosis","theMarked:NailFile","theMarked:StartUp"],"campfire_rested":1,"item_purchase_floors":[19,19,19],"current_hp_per_floor":[76,76,76,65,65,65,65,65,65,64,54,44,44,23,46,21,77,67,67,57,22,22,0,0],"gold":56,"neow_bonus":"TEN_PERCENT_HP_BONUS","is_daily":false,"chose_seed":false,"campfire_upgraded":1,"win_rate":0.0,"timestamp":1612470226,"path_taken":["M","?","?","?","?","R","M","R","T","M","M","M","?","E","R","BOSS","M","$","M","M","?","E"],"items_purchased_type":["Card","Relic","Card"],"build_version":"2020-12-22","purchased_purges":0,"victory":false,"max_hp_per_floor":[77,77,77,77,77,77,77,77,77,77,77,77,77,77,77,77,77,77,77,77,77,77,77,77],"card_choices":[{"not_picked":["theMarked:TwofoldDefense","theMarked:EmpowerWeapon"],"picked":"theMarked:SwordAndMagic","floor":1},{"not_picked":["theMarked:Polarize","theMarked:Parkour"],"picked":"theMarked:ChainLightning","floor":2},{"not_picked":["theMarked:ElectricStrings","theMarked:TunnelVision"],"picked":"theMarked:MuscleMemory","floor":7},{"not_picked":["theMarked:ElectricStrings","theMarked:Frustration"],"picked":"theMarked:Aftermath","floor":10},{"not_picked":["theMarked:Parkour","theMarked:LightningStrikesTwice"],"picked":"theMarked:BanishingStrike","floor":11},{"not_picked":["theMarked:ChainLightning","theMarked:RepellingDischarge"],"picked":"theMarked:Improvise","floor":12},{"not_picked":["theMarked:Reabsorb","theMarked:Memento"],"picked":"theMarked:ComboAttacks","floor":13},{"not_picked":["theMarked:Convert","theMarked:SwordAndMagic"],"picked":"theMarked:ThrowWeapon","floor":14},{"not_picked":["theMarked:EternalStudent","theMarked:Defy"],"picked":"theMarked:Vacuum","floor":16},{"not_picked":["theMarked:PowerFlow","theMarked:HeightenedSenses+1"],"picked":"theMarked:StartUp+1","floor":18},{"not_picked":["theMarked:HeightenedSenses","theMarked:AttractMetal"],"picked":"theMarked:ResourceFulStrike","floor":20},{"not_picked":["theMarked:TunnelVision","theMarked:ResourceFulStrike"],"picked":"theMarked:AttractMetal","floor":21}],"player_experience":2068911,"relics_obtained":[{"floor":14,"key":"Pocketwatch"}],"event_choices":[{"damage_healed":0,"gold_gain":0,"player_choice":"Grow","damage_taken":0,"max_hp_gain":0,"max_hp_loss":0,"event_name":"Living Wall","floor":3,"gold_loss":0,"cards_upgraded":["theMarked:SoldierOfQuellstein"]},{"damage_healed":0,"gold_gain":75,"player_choice":"Gather Gold","damage_taken":11,"max_hp_gain":0,"max_hp_loss":0,"event_name":"World of Goop","floor":4,"gold_loss":0},{"damage_healed":0,"gold_gain":100,"player_choice":"Pray","damage_taken":0,"max_hp_gain":0,"max_hp_loss":0,"event_name":"Golden Shrine","floor":5,"gold_loss":0},{"damage_healed":0,"gold_gain":0,"player_choice":"Ignored","damage_taken":0,"max_hp_gain":0,"max_hp_loss":0,"event_name":"Ghosts","floor":22,"gold_loss":0}],"is_beta":false,"boss_relics":[{"not_picked":["Sozu","SlaversCollar"],"picked":"theMarked:Eyepatch"}],"items_purged_floors":[],"is_endless":false,"potions_floor_spawned":[10,11,13,18,20],"killed_by":"Book of Stabbing","ascension_level":0}}