{"host":"4cz9gr89nglr7k8k","time":1612471651,"event":{"mods":["BaseMod","Minty Spire (QoL Compilation)","Relic Stats","Slay-I"],"gold_per_floor":[13,30,30,42,42,42,77,77,150,176,18,18,18,33,33,108,108,82,101,13,13,13,13,28,40,40,40,72,21,21,21,21,99,99,110,110,60,19,38,38,55,55,55],"floor_reached":42,"language":"DEU","playtime":1115,"items_purged":[],"score":894,"play_id":"adbb81de-52be-4b15-8b6a-0bcf014b63e6","local_time":"20210204214731","is_ascension_mode":true,"campfire_choices":[{"floor":6,"key":"REST"},{"floor":12,"key":"REST"},{"floor":15,"key":"REST"},{"floor":23,"key":"REST"},{"floor":30,"key":"REST"},{"data":"Infernal Blade","floor":32,"key":"SMITH"},{"floor":40,"key":"REST"}],"circlet_count":0,"master_deck":["AscendersBane","Strike_R+1","Strike_R+1","Strike_R+1","Strike_R+1","Strike_R+1","Defend_R+1","Defend_R+1","Defend_R+1","Defend_R+1","Bash+1","Cleave+1","Clash","Perfected Strike","Ghostly Armor","Wild Strike","Inflame+1","Cleave","Anger","Bash","Feed+1","Barricade+1","Armaments","True Grit+1","Inflame+1","Iron Wave","Infernal Blade+1","Berserk+1","Flex","Writhe","Juggernaut+1","Heavy Blade","Pummel","Seeing Red","Iron Wave+1"],"relics":["Burning Blood","Toy Ornithopter","Frozen Egg 2","Regal Pillow","Runic Dome","Kunai","Mummified Hand","White Beast Statue","Mercury Hourglass","SacredBark"],"acts_visited":["Exordium","TheCity","TheBeyond"],"potions_floor_usage":[16,19,28,28,39,42,42],"damage_taken":[{"damage":6,"enemies":"Cultist","floor":1,"turns":3},{"damage":16,"enemies":"Small Slimes","floor":2,"turns":3},{"damage":7,"enemies":"Jaw Worm","floor":4,"turns":2},{"damage":31,"enemies":"Gremlin Nob","floor":7,"turns":4},{"damage":39,"enemies":"Lagavulin","floor":10,"turns":6},{"damage":6,"enemies":"2 Fungi Beasts","floor":14,"turns":3},{"damage":51,"enemies":"Hexaghost","floor":16,"turns":8},{"damage":23,"enemies":"2 Thieves","floor":18,"turns":4},{"damage":24,"enemies":"Spheric Guardian","floor":19,"turns":4},{"damage":34,"enemies":"Snecko","floor":24,"turns":5},{"damage":31,"enemies":"Cultist and Chosen","floor":25,"turns":6},{"damage":27,"enemies":"Book of Stabbing","floor":28,"turns":4},{"damage":81,"enemies":"Automaton","floor":33,"turns":11},{"damage":30,"enemies":"Orb Walker","floor":35,"turns":4},{"damage":2,"enemies":"3 Shapes","floor":39,"turns":3},{"damage":45,"enemies":"Writhing Mass","floor":41,"turns":6},{"damage":97,"enemies":"Reptomancer","floor":42,"turns":7}],"seed_played":"5076834802827731782","potions_obtained":[{"floor":4,"key":"ElixirPotion"},{"floor":14,"key":"LiquidBronze"},{"floor":16,"key":"LiquidBronze"},{"floor":19,"key":"BloodPotion"},{"floor":25,"key":"Strength Potion"},{"floor":33,"key":"ColorlessPotion"},{"floor":35,"key":"Ancient Potion"},{"floor":39,"key":"Block Potion"}],"is_trial":false,"path_per_floor":["M","M","$","M","?","R","E","?","T","E","$","R","?","M","R","B",null,"M","M","$","?","?","R","M","M","T","$","E","$","R","?","R","B",null,"M","?","?","$","M","R","M","E"],"character_chosen":"IRONCLAD","items_purchased":["Inflame+1","Cleave","Anger","Inflame+1","Flex","Pummel"],"campfire_rested":6,"item_purchase_floors":[11,11,11,20,29,38],"current_hp_per_floor":[82,72,72,71,44,70,45,45,45,12,12,53,53,53,89,44,78,61,48,48,48,48,89,61,39,39,39,49,49,92,92,92,17,76,52,52,52,52,61,95,60,0,0],"gold":55,"neow_bonus":"TWENTY_PERCENT_HP_BONUS","is_daily":false,"chose_seed":false,"campfire_upgraded":1,"win_rate":0.0,"timestamp":1612471651,"path_taken":["M","?","$","M","?","R","E","?","T","E","$","R","?","?","R","BOSS","M","M","$","?","?","R","?","M","T","$","E","$","R","?","R","BOSS","M","?","?","$","M","R","?","E"],"items_purchased_type":["Card","Card","Card","Card","Card","Card"],"build_version":"2020-12-22","purchased_purges":0,"victory":false,"max_hp_per_floor":[89,89,89,89,89,89,89,89,89,89,89,89,89,89,89,89,89,89,89,89,89,89,89,89,92,92,92,95,95,95,95,95,95,95,95,95,95,95,95,95,99,99,99],"relic_stats":{"Regal Pillow":61,"counters":[17,83],"Mummified Hand":[20],"Kunai":[13],"obtain_stats":[{"Runic Dome":17,"Regal Pillow":10,"Mummified Hand":26,"SacredBark":34,"Kunai":22,"Frozen Egg 2":9,"Burning Blood":0,"Toy Ornithopter":7,"White Beast Statue":28,"Mercury Hourglass":31},{"Runic Dome":7,"Regal Pillow":5,"Mummified Hand":11,"SacredBark":13,"Kunai":9,"Frozen Egg 2":4,"Burning Blood":0,"Toy Ornithopter":4,"White Beast Statue":12,"Mercury Hourglass":12},{"Runic Dome":29,"Regal Pillow":18,"Mummified Hand":48,"SacredBark":63,"Kunai":37,"Frozen Egg 2":12,"Burning Blood":0,"Toy Ornithopter":12,"White Beast Statue":52,"Mercury Hourglass":52}],"Burning Blood":96,"Toy Ornithopter":30,"Mercury Hourglass":[141]},"card_choices":[{"not_picked":["Headbutt","Wild Strike"],"picked":"Cleave","floor":1},{"not_picked":["Cleave","Warcry"],"picked":"Clash","floor":2},{"not_picked":["Rupture","Wild Strike"],"picked":"Perfected Strike","floor":4},{"not_picked":["Pommel Strike","Shrug It Off"],"picked":"Ghostly Armor","floor":7},{"not_picked":["Warcry","Clothesline"],"picked":"Wild Strike","floor":10},{"not_picked":["Flame Barrier","Sword Boomerang"],"picked":"Feed","floor":14},{"not_picked":["Impervious","Double Tap"],"picked":"Barricade+1","floor":16},{"not_picked":["Body Slam","True Grit"],"picked":"Armaments","floor":18},{"not_picked":["Clothesline","Entrench"],"picked":"True Grit+1","floor":19},{"not_picked":["Warcry","Clothesline"],"picked":"Iron Wave","floor":24},{"not_picked":["Anger","Feel No Pain+1"],"picked":"Infernal Blade","floor":25},{"not_picked":["Wild Strike+1","Uppercut"],"picked":"Berserk+1","floor":28},{"not_picked":["Offering","Fiend Fire"],"picked":"Juggernaut+1","floor":33},{"not_picked":["Rupture+1","Ghostly Armor"],"picked":"Heavy Blade","floor":35},{"not_picked":["Sever Soul","Warcry+1"],"picked":"Seeing Red","floor":39},{"not_picked":["Havoc","Clash"],"picked":"Iron Wave+1","floor":41}],"player_experience":1538672,"relics_obtained":[{"floor":7,"key":"Toy Ornithopter"},{"floor":9,"key":"Frozen Egg 2"},{"floor":10,"key":"Regal Pillow"},{"floor":26,"key":"Mummified Hand"},{"floor":28,"key":"White Beast Statue"}],"event_choices":[{"damage_healed":0,"gold_gain":0,"player_choice":"Entered Light","damage_taken":27,"max_hp_gain":0,"max_hp_loss":0,"event_name":"Shining Light","floor":5,"gold_loss":0,"cards_upgraded":["Strike_R","Bash"]},{"damage_healed":0,"gold_gain":0,"player_choice":"Searched \u00271\u0027 times","damage_taken":0,"max_hp_gain":0,"max_hp_loss":0,"event_name":"Dead Adventurer","floor":8,"gold_loss":0},{"damage_healed":0,"gold_gain":0,"player_choice":"1 cards matched","damage_taken":0,"max_hp_gain":0,"max_hp_loss":0,"event_name":"Match and Keep!","floor":13,"gold_loss":0,"cards_obtained":["Bash"]},{"damage_healed":0,"gold_gain":0,"player_choice":"Simplicity","damage_taken":0,"max_hp_gain":0,"max_hp_loss":0,"event_name":"Back to Basics","floor":21,"gold_loss":0,"cards_upgraded":["Strike_R","Strike_R","Strike_R","Strike_R","Defend_R","Defend_R","Defend_R","Defend_R"]},{"damage_healed":0,"gold_gain":0,"player_choice":"Gave Potion","damage_taken":0,"relics_obtained":["Kunai"],"max_hp_gain":0,"max_hp_loss":0,"event_name":"WeMeetAgain","floor":22,"gold_loss":0},{"damage_healed":0,"gold_gain":0,"player_choice":"Opened","damage_taken":0,"relics_obtained":["Mercury Hourglass"],"max_hp_gain":0,"max_hp_loss":0,"event_name":"The Mausoleum","floor":31,"gold_loss":0,"cards_obtained":["Writhe"]},{"damage_healed":0,"gold_gain":0,"player_choice":"Ignored","damage_taken":0,"max_hp_gain":0,"max_hp_loss":0,"event_name":"Mysterious Sphere","floor":36,"gold_loss":0},{"damage_healed":0,"gold_gain":0,"player_choice":"Upgraded Two","damage_taken":0,"max_hp_gain":0,"max_hp_loss":0,"event_name":"Designer","floor":37,"gold_loss":50,"cards_upgraded":["Cleave","Feed"]}],"is_beta":false,"boss_relics":[{"not_picked":["Empty Cage","Sozu"],"picked":"Runic Dome"},{"not_picked":["Tiny House","Snecko Eye"],"picked":"SacredBark"}],"items_purged_floors":[],"is_endless":false,"potions_floor_spawned":[4,14,16,19,25,33,35,39,41],"killed_by":"Reptomancer","ascension_level":20}}