{"host":"h2977v3ax51ohsow","time":1612430600,"event":{"mods":["Act Like it!","BaseMod","Colored Powertips","Koishi","Lobotomy","LobotomyExtend","Marisa£®ÏF”Í°°ƒß¿Ì…≥£©","Minty Spire (QoL Compilation)","Reimu£®≤©¿ˆ¡È√Œ£©","Remilia£®¿Ÿ√◊¿Ú—«£©","StSLib","The Administrix","The Servant 0.9.4"],"gold_per_floor":[119,130,161,192,220,270,303,227,227,227,252,276,276,294,294,294,294],"floor_reached":16,"language":"ZHS","playtime":1215,"items_purged":[],"score":113,"play_id":"fc70a89b-4db8-4936-8f90-9e9fe7b80600","local_time":"20210204172320","is_ascension_mode":true,"campfire_choices":[{"floor":13,"key":"REST"},{"data":"Occultation","floor":15,"key":"SMITH"}],"circlet_count":0,"master_deck":["Strike_MRS","Strike_MRS","Strike_MRS","Strike_MRS","Defend_MRS","Defend_MRS","Defend_MRS","Defend_MRS","MasterSpark","UpSweep","WitchOfGreed","JA","DarkMatter","FieryBird","PowerUp","Variant","CasketOfStar","OSAHOGD","RefractionSpark","RefractionSpark","NonDirectionalLaser","MilkyWay","Injury","Yin","WitchLeyline","Occultation+1","RefractionSpark"],"relics":["MiniHakkero","CogitoBucket","RabbitCall","LetterFromLob","Gambling Chip","TreeSap","Golden Idol","Yang_Lob"],"acts_visited":["Exordium"],"potions_floor_usage":[4,6,6,6,6,7,11,12,14],"damage_taken":[{"damage":0,"enemies":"Small Slimes","floor":1,"turns":4},{"damage":1,"enemies":"Jaw Worm","floor":2,"turns":4},{"damage":5,"enemies":"2 Louse","floor":3,"turns":3},{"damage":11,"enemies":"Red Slaver","floor":4,"turns":3},{"damage":9,"enemies":"Blue Slaver","floor":5,"turns":3},{"damage":16,"enemies":"Lagavulin","floor":6,"turns":6},{"damage":37,"enemies":"Exordium Wildlife","floor":7,"turns":9},{"damage":0,"enemies":"2 Fungi Beasts","floor":11,"turns":2},{"damage":0,"enemies":"Large Slime","floor":12,"turns":3},{"damage":0,"enemies":"Looter","floor":14,"turns":2},{"damage":39,"enemies":"Hexaghost","floor":16,"turns":9}],"seed_played":"-693927789878638086","potions_obtained":[{"floor":1,"key":"BottledSpark"},{"floor":2,"key":"Regen Potion"},{"floor":3,"key":"EntropicBrew"},{"floor":4,"key":"ZuzhouPotion:ReiMu"},{"floor":4,"key":"Fire Potion"},{"floor":7,"key":"DistilledChaos"},{"floor":12,"key":"Energy Potion"}],"is_trial":false,"path_per_floor":["M","M","M","M","M","E","M","$","T","?","M","M","R","M","R","B"],"character_chosen":"MARISA","items_purchased":["NonDirectionalLaser","MilkyWay"],"campfire_rested":1,"item_purchase_floors":[8,8],"current_hp_per_floor":[75,74,69,67,58,42,5,5,5,5,5,5,27,27,27,0,0],"gold":294,"neow_bonus":"","is_daily":false,"chose_seed":false,"campfire_upgraded":1,"win_rate":0.0,"timestamp":1612430600,"path_taken":["M","M","M","M","M","E","M","$","T","?","M","M","R","M","R","BOSS"],"items_purchased_type":["Card","Card"],"build_version":"2020-12-22","purchased_purges":0,"victory":false,"max_hp_per_floor":[75,75,75,75,75,75,75,75,75,75,75,75,75,75,75,60,60],"card_choices":[{"not_picked":["SpiderBud","OldLady","Bloodbath"],"picked":"Singing Bowl","floor":1},{"not_picked":["EnergyFlow","GravityBeat"],"picked":"WitchOfGreed","floor":1},{"not_picked":["CherryBlossoms","OSAHOGD","VoidDream"],"picked":"Singing Bowl","floor":2},{"not_picked":["6A","GalacticHalo"],"picked":"JA","floor":2},{"not_picked":["MeatLantern","OldLady","ShyLook"],"picked":"Singing Bowl","floor":3},{"not_picked":["DoubleSpark","WitchLeyline"],"picked":"DarkMatter","floor":3},{"not_picked":["GreedKing","Scorched","MHz"],"picked":"Singing Bowl","floor":4},{"not_picked":["Yin","HeroicMonk"],"picked":"FieryBird","floor":4},{"not_picked":["GalacticHalo","AsteroidBelt"],"picked":"PowerUp","floor":4},{"not_picked":["LittleHelper","WallGazer"],"picked":"Variant","floor":5},{"not_picked":["Robbery","LuminesStrike"],"picked":"CasketOfStar","floor":5},{"not_picked":["Bloodbath","Scorched","VoidDream"],"picked":"Singing Bowl","floor":6},{"not_picked":["WhitesApple","CherryBlossoms"],"picked":"OSAHOGD","floor":6},{"not_picked":["AsteroidBelt","6A"],"picked":"RefractionSpark","floor":6},{"not_picked":["VoidDream","BeautyBeast","OldLady"],"picked":"Singing Bowl","floor":7},{"not_picked":["WitchOfGreed","DoubleSpark"],"picked":"RefractionSpark","floor":7},{"not_picked":["BlackSwan","HappyTeddy","CherryBlossoms"],"picked":"Singing Bowl","floor":11},{"not_picked":["SnowQueen","Scarecrow"],"picked":"Yin","floor":11},{"not_picked":["NonDirectionalLaser","SporeBomb"],"picked":"WitchLeyline","floor":11},{"not_picked":["LuminesStrike","Robbery"],"picked":"Occultation","floor":12},{"not_picked":["Murderer","Wellcheers","OldLady"],"picked":"Singing Bowl","floor":14},{"not_picked":["EnergyFlow","WitchLeyline"],"picked":"RefractionSpark","floor":14}],"player_experience":139206,"relics_obtained":[{"floor":1,"key":"LetterFromLob"},{"floor":6,"key":"Gambling Chip"}],"event_choices":[{"damage_healed":0,"gold_gain":0,"player_choice":"Take Wound","damage_taken":0,"relics_obtained":["Golden Idol"],"max_hp_gain":0,"max_hp_loss":0,"event_name":"Golden Idol","floor":10,"gold_loss":0,"cards_obtained":["Injury"]}],"is_beta":false,"boss_relics":[],"items_purged_floors":[],"is_endless":false,"potions_floor_spawned":[1,2,4,5,12],"killed_by":"Hexaghost","ascension_level":1}}