{"host":"md0dejzd6k70gl1f","time":1612445716,"event":{"mods":["BaseMod","Minty Spire (QoL Compilation)","Quick Restart"],"gold_per_floor":[112,122,137,23,39,39,39,39,39,54,88,88,98,132,132,206,206,219,237,44,44,56,56,81,93,120,120,136,136,148,148,148],"floor_reached":31,"language":"ENG","playtime":1482,"items_purged":["Strike_G","Strike_G"],"score":563,"play_id":"f0dc7510-a6de-4871-a098-d1348883c682","local_time":"20210204143516","is_ascension_mode":true,"campfire_choices":[{"data":"Envenom","floor":6,"key":"SMITH"},{"data":"Neutralize","floor":8,"key":"SMITH"},{"floor":12,"key":"REST"},{"floor":15,"key":"REST"},{"data":"Footwork","floor":23,"key":"SMITH"},{"data":"Cloak And Dagger","floor":27,"key":"SMITH"},{"data":"Catalyst","floor":29,"key":"SMITH"}],"circlet_count":0,"master_deck":["AscendersBane","Strike_G","Strike_G","Strike_G","Defend_G","Defend_G","Defend_G","Defend_G","Survivor","Neutralize+1","Heel Hook","Escape Plan","Leg Sweep","Infinite Blades","Envenom+1","Dagger Spray","Heel Hook","Bane","Corpse Explosion","Footwork+1","Dodge and Roll","Cloak And Dagger+1","Catalyst+1","Blade Dance","Dodge and Roll"],"relics":["Ring of the Snake","Mummified Hand","Bottled Flame","Bronze Scales","SlaversCollar","Toy Ornithopter","Strawberry"],"acts_visited":["Exordium","TheCity"],"potions_floor_usage":[11,16,19,24,28],"damage_taken":[{"damage":7,"enemies":"Jaw Worm","floor":1,"turns":7},{"damage":4,"enemies":"Cultist","floor":2,"turns":5},{"damage":4,"enemies":"Small Slimes","floor":3,"turns":6},{"damage":12,"enemies":"Exordium Thugs","floor":5,"turns":9},{"damage":2,"enemies":"3 Louse","floor":10,"turns":5},{"damage":22,"enemies":"3 Sentries","floor":11,"turns":11},{"damage":15,"enemies":"Lots of Slimes","floor":13,"turns":5},{"damage":8,"enemies":"Lagavulin","floor":14,"turns":6},{"damage":22,"enemies":"Slime Boss","floor":16,"turns":8},{"damage":21,"enemies":"Chosen","floor":18,"turns":6},{"damage":18,"enemies":"Spheric Guardian","floor":19,"turns":8},{"damage":0,"enemies":"3 Cultists","floor":22,"turns":3},{"damage":39,"enemies":"Gremlin Leader","floor":24,"turns":7},{"damage":8,"enemies":"Snake Plant","floor":25,"turns":4},{"damage":18,"enemies":"Cultist and Chosen","floor":28,"turns":5},{"damage":26,"enemies":"Shelled Parasite and Fungi","floor":30,"turns":6},{"damage":5,"enemies":"Snecko","floor":31,"turns":6}],"seed_played":"6402057065633908551","potions_obtained":[{"floor":3,"key":"FearPotion"},{"floor":5,"key":"GhostInAJar"},{"floor":11,"key":"Dexterity Potion"},{"floor":16,"key":"DuplicationPotion"},{"floor":19,"key":"SteroidPotion"}],"is_trial":false,"path_per_floor":["M","M","M","$","M","R","?","R","T","M","E","R","M","E","R","B",null,"M","M","$","?","M","R","E","M","T","R","M","R","M","M"],"character_chosen":"THE_SILENT","items_purchased":["Infinite Blades","Footwork","Dodge and Roll"],"campfire_rested":2,"item_purchase_floors":[4,20,20],"current_hp_per_floor":[58,54,50,50,38,38,38,38,38,36,14,35,20,12,33,11,57,36,18,18,82,82,82,43,35,42,42,29,29,3,0,0],"gold":148,"neow_bonus":"TEN_PERCENT_HP_BONUS","is_daily":false,"chose_seed":false,"campfire_upgraded":5,"win_rate":0.0,"timestamp":1612445716,"path_taken":["M","M","M","$","M","R","?","R","T","M","E","R","?","E","R","BOSS","M","?","$","?","M","R","E","M","T","R","M","R","M","?"],"items_purchased_type":["Card","Card","Card"],"build_version":"2020-12-22","purchased_purges":2,"victory":false,"max_hp_per_floor":[72,72,72,72,72,72,72,72,72,72,72,72,72,72,72,72,72,72,72,72,82,82,82,82,82,89,89,89,89,89,89,89],"card_choices":[{"not_picked":["Quick Slash","Slice"],"picked":"Heel Hook","floor":1},{"not_picked":["Concentrate","Riddle With Holes"],"picked":"Escape Plan","floor":2},{"not_picked":["Dodge and Roll","Deflect"],"picked":"Leg Sweep","floor":3},{"not_picked":["Bane","Acrobatics"],"picked":"Envenom","floor":5},{"not_picked":["Slice","Prepared"],"picked":"Dagger Spray","floor":10},{"not_picked":["Catalyst","Escape Plan"],"picked":"Heel Hook","floor":11},{"not_picked":["Dagger Throw","Prepared"],"picked":"Bane","floor":13},{"not_picked":["Poisoned Stab","Bouncing Flask"],"picked":"Corpse Explosion","floor":14},{"not_picked":["Die Die Die","Corpse Explosion"],"picked":"Malaise","floor":16},{"not_picked":["Flying Knee","Expertise","Masterful Stab"],"picked":"SKIP","floor":18},{"not_picked":["Reflex+1","Riddle With Holes","Setup"],"picked":"SKIP","floor":19},{"not_picked":["Dagger Throw","Flechettes"],"picked":"Cloak And Dagger","floor":22},{"not_picked":["Slice","Choke","Deflect"],"picked":"SKIP","floor":24},{"not_picked":["Skewer+1","Sucker Punch"],"picked":"Catalyst","floor":25},{"not_picked":["Slice","Setup"],"picked":"Blade Dance","floor":28},{"not_picked":["Setup","Cloak And Dagger"],"picked":"Dodge and Roll","floor":30}],"player_experience":469976,"relics_obtained":[{"floor":9,"key":"Mummified Hand"},{"floor":11,"key":"Bottled Flame"},{"floor":14,"key":"Bronze Scales"},{"floor":24,"key":"Toy Ornithopter"},{"floor":26,"key":"Strawberry"}],"event_choices":[{"cards_removed":["Defend_G"],"damage_healed":0,"gold_gain":0,"player_choice":"Card Removal","damage_taken":0,"max_hp_gain":0,"max_hp_loss":0,"event_name":"Wheel of Change","floor":7,"gold_loss":0},{"cards_removed":["Malaise"],"damage_healed":54,"gold_gain":0,"player_choice":"Offered Rare","damage_taken":0,"max_hp_gain":10,"max_hp_loss":0,"event_name":"Bonfire Elementals","floor":21,"gold_loss":0}],"is_beta":false,"boss_relics":[{"not_picked":["Fusion Hammer","Calling Bell"],"picked":"SlaversCollar"}],"items_purged_floors":[4,20],"is_endless":false,"potions_floor_spawned":[3,5,10,11,14,16,19,22],"killed_by":"Snecko","ascension_level":20}}