{"host":"121m0oxswv9tg9hk","time":1612480907,"event":{"mods":["AchievementEnabler","BaseMod","Better Third Choice","Downfall","Minty Spire (QoL Compilation)","StSLib"],"gold_per_floor":[99,109,124,124,141,41,41,66,84,234,234,265,296,308,339,446,458,470,502,527,539,551,582,594,638,140,140,140,169,169,169,180,284,284,284,298,309,321,154,154,154,139,173,212,112,127,144,179,79,79,79,111,9,9,9,9],"floor_reached":57,"language":"ENG","playtime":7625,"items_purged":["Guardian:Strike_Guardian","Guardian:Defend_Guardian","Guardian:Strike_Guardian"],"score":2007,"play_id":"3018c5c8-7e0c-43e1-a60b-51c05dfec21e","local_time":"20210205002147","is_ascension_mode":true,"campfire_choices":[{"floor":1,"key":"RECALL"},{"data":"Guardian:PrimingBeam","floor":6,"key":"SMITH"},{"data":"Caltrops","floor":11,"key":"SMITH"},{"data":"Guardian:AncientConstruct","floor":18,"key":"SMITH"},{"floor":28,"key":"REST"},{"floor":30,"key":"REST"},{"data":"Guardian:FuturePlans","floor":35,"key":"SMITH"},{"data":"Guardian:ConstructionForm","floor":40,"key":"SMITH"},{"data":"Guardian:Planning","floor":45,"key":"SMITH"},{"data":"Guardian:PiercingHide","floor":49,"key":"SMITH"},{"data":"Guardian:DonusPower","floor":54,"key":"SMITH"}],"circlet_count":0,"master_deck":["Guardian:Defend_Guardian","Guardian:Defend_Guardian","Guardian:CurlUp","Guardian:TwinSlam","Guardian:ChargeCore","Guardian:PrimingBeam+1","Caltrops+1","Guardian:Recover","Guardian:BronzeOrb","Guardian:PiercingHide+1","downfall:Icky","Guardian:FloatingOrbs","Guardian:ShieldCharger","Guardian:AncientConstruct+1","Guardian:PiercingHide+1","Guardian:TimeCapacitor+1","Guardian:DonusPower+1","Guardian:Planning+1","Guardian:FuturePlans+1","Guardian:FloatingOrbs+1","Guardian:Repulse","expansioncontent:PolyBeam","Guardian:TemporalShield+1","Guardian:RevengeProtocol","Guardian:PrismaticBarrier+1","Guardian:ConstructionForm+1","Caltrops+1","Guardian:ShieldCharger","Doubt","Guardian:TimeCapacitor","Guardian:ChargeCore+1","Guardian:MultiBeam+1","Guardian:SentryBeam+1","Guardian:TemporalStrike+1","Guardian:DonusPower+1"],"relics":["Cursed Key","Guardian:DefensiveModeMoreBlock","downfall:HeartBlessingRed","Boot","MawBank","downfall:ShatteredFragment","Astrolabe","Pear","Bag of Marbles","Membership Card","Gremlin Horn","MutagenicStrength","Kunai","sneckomod:SneckoTalon","DollysMirror","Molten Egg 2","Mercury Hourglass","downfall:HeartBlessingBlue","Anchor","downfall:HeartBlessingGreen","Blue Candle","Medical Kit"],"acts_visited":["Exordium","TheCity","TheBeyond","TheEnding"],"potions_floor_usage":[13,15,16,20,25,29,36,46,47,50,55,56,56],"damage_taken":[{"damage":4,"enemies":"2 Louse","floor":2,"turns":2},{"damage":0,"enemies":"Small Slimes","floor":3,"turns":3},{"damage":0,"enemies":"Jaw Worm","floor":5,"turns":4},{"damage":10,"enemies":"3 Sentries","floor":8,"turns":8},{"damage":0,"enemies":"Exordium Wildlife","floor":9,"turns":3},{"damage":0,"enemies":"Lagavulin","floor":12,"turns":6},{"damage":0,"enemies":"3 Louse","floor":13,"turns":3},{"damage":0,"enemies":"Exordium Wildlife","floor":15,"turns":4},{"damage":2,"enemies":"WA_ARCHETYPE_RETAIN","floor":16,"turns":7},{"damage":0,"enemies":"Spheric Guardian","floor":19,"turns":3},{"damage":2,"enemies":"Chosen","floor":20,"turns":4},{"damage":24,"enemies":"Snake Plant","floor":23,"turns":4},{"damage":0,"enemies":"Gremlin Leader","floor":25,"turns":9},{"damage":5,"enemies":"downfall:FleeingMerchant","floor":26,"turns":4},{"damage":9,"enemies":"Slavers","floor":29,"turns":3},{"damage":0,"enemies":"Snecko","floor":32,"turns":4},{"damage":0,"enemies":"SI_MIRROR_ARCHETYPE","floor":33,"turns":8},{"damage":0,"enemies":"3 Darklings","floor":36,"turns":3},{"damage":0,"enemies":"3 Shapes","floor":37,"turns":3},{"damage":13,"enemies":"Jaw Worm Horde","floor":38,"turns":4},{"damage":0,"enemies":"downfall:FleeingMerchant","floor":39,"turns":4},{"damage":0,"enemies":"downfall:FleeingMerchant","floor":42,"turns":4},{"damage":5,"enemies":"Giant Head","floor":43,"turns":7},{"damage":0,"enemies":"downfall:FleeingMerchant","floor":44,"turns":1},{"damage":9,"enemies":"Sphere and 2 Shapes","floor":46,"turns":4},{"damage":2,"enemies":"Transient","floor":47,"turns":5},{"damage":0,"enemies":"Reptomancer","floor":48,"turns":6},{"damage":0,"enemies":"IC_BLOCK_ARCHETYPE","floor":50,"turns":11},{"damage":0,"enemies":"downfall:CharBossMerchant","floor":52,"turns":9},{"damage":2,"enemies":"downfall:NeowBoss","floor":55,"turns":11},{"damage":6,"enemies":"downfall:NeowBossFinal","floor":56,"turns":11}],"seed_played":"-1189606937509257165","potions_obtained":[{"floor":3,"key":"Fruit Juice"},{"floor":8,"key":"LiquidMemories"},{"floor":9,"key":"Guardian:AcceleratePotion"},{"floor":15,"key":"SkillPotion"},{"floor":16,"key":"EssenceOfSteel"},{"floor":23,"key":"LiquidMemories"},{"floor":25,"key":"Strength Potion"},{"floor":32,"key":"Swift Potion"},{"floor":37,"key":"Energy Potion"},{"floor":46,"key":"SpeedPotion"},{"floor":47,"key":"sneckomod:MuddlingPotion"},{"floor":48,"key":"DistilledChaos"}],"is_trial":false,"path_per_floor":["R","M","M","?","M","R","T","E","M","?","R","E","M","?","M","B",null,"R","M","M","?","?","M","T","E","$","?","R","E","R","?","M","B",null,"R","M","M","M","$","R","T","?","E","$","R","M","M","E","R","B",null,"E","$","R","B","B",null],"character_chosen":"GUARDIAN","items_purchased":["Membership Card","Guardian:Gem_Orange","Guardian:Gem_White","Guardian:Repulse","expansioncontent:PolyBeam","Gremlin Horn","DollysMirror","Guardian:ShieldCharger","Guardian:Gem_Cyan","Guardian:SentryBeam+1","Regen Potion","Mercury Hourglass","Guardian:TemporalStrike+1","Medical Kit","Block Potion"],"campfire_rested":2,"item_purchase_floors":[26,26,26,26,26,26,39,39,44,44,44,44,44,53,53],"current_hp_per_floor":[72,68,68,59,59,59,59,49,49,49,49,49,49,25,25,23,66,66,66,64,74,74,50,50,50,45,45,72,63,90,90,90,90,90,90,90,90,77,77,77,77,77,72,72,82,85,88,88,88,88,101,101,101,101,99,93],"gold":9,"neow_bonus":"BOSS_RELIC","is_daily":false,"chose_seed":false,"campfire_upgraded":8,"win_rate":0.0,"timestamp":1612480907,"path_taken":["R","M","M","?","M","R","T","E","M","?","R","E","M","?","M","BOSS","R","M","M","?","?","M","T","E","$","?","R","E","R","?","M","BOSS","R","M","M","M","$","R","T","?","E","$","R","M","M","E","R","BOSS","E","$","R","BOSS","BOSS"],"items_purchased_type":["Relic","Card","Card","Card","Card","Relic","Relic","Card","Card","Card","Potion","Relic","Card","Relic","Potion"],"build_version":"2020-12-22","purchased_purges":3,"victory":true,"max_hp_per_floor":[80,80,80,80,80,80,80,80,80,80,80,80,80,80,80,80,80,80,80,80,90,90,90,90,90,90,90,90,90,90,90,90,90,90,90,90,90,90,90,90,90,90,90,90,100,100,105,105,105,105,105,105,105,105,105,105],"card_choices":[{"not_picked":["Guardian:TemporalShield","Guardian:Gem_Red"],"picked":"Guardian:ChargeCore","floor":2},{"not_picked":["Guardian:PrismaticBarrier","Guardian:CrystalBeam"],"picked":"Guardian:PrimingBeam","floor":3},{"not_picked":["Guardian:TimeCapacitor","Guardian:VentSteam"],"picked":"Guardian:Recover","floor":5},{"not_picked":["Guardian:VentSteam","Guardian:StasisStrike"],"picked":"Guardian:BronzeOrb","floor":8},{"not_picked":["Guardian:BodySlam","Guardian:RollAttack"],"picked":"Guardian:PiercingHide","floor":9},{"not_picked":["Guardian:VentSteam","Guardian:RevengeProtocol"],"picked":"Guardian:FloatingOrbs","floor":12},{"not_picked":["Guardian:RollAttack","Guardian:Suspension"],"picked":"Guardian:ShieldCharger","floor":13},{"not_picked":["Guardian:Planning","Guardian:PolyBeam"],"picked":"Guardian:Gem_Cyan","floor":15},{"not_picked":["Guardian:CompilePackage","Guardian:ExploitGems"],"picked":"Guardian:AncientConstruct","floor":16},{"not_picked":["Guardian:MultiBeam","Guardian:Gem_Lightblue"],"picked":"Guardian:Planning","floor":19},{"not_picked":["Guardian:Recover","Guardian:PiercingHide"],"picked":"Guardian:FuturePlans","floor":20},{"not_picked":["Guardian:MultiBeam+1","Guardian:Incinerate","Guardian:Gem_Lightblue"],"picked":"SKIP","floor":23},{"not_picked":["Guardian:Incinerate+1","Guardian:SpikerProtocol"],"picked":"Guardian:FloatingOrbs+1","floor":25},{"not_picked":["Guardian:BodySlam","Guardian:StasisField"],"picked":"Guardian:Gem_White","floor":26},{"not_picked":["Guardian:Planning","Guardian:TemporalShield","Guardian:RefractedBeam"],"picked":"SKIP","floor":29},{"not_picked":["Guardian:Gem_Cyan","Guardian:CrystalBeam"],"picked":"Guardian:TemporalShield+1","floor":32},{"not_picked":["Guardian:AncientConstruct","Guardian:HyperBeam_Guardian"],"picked":"Guardian:RevengeProtocol","floor":33},{"not_picked":["Guardian:TemporalStrike+1","Guardian:Harden"],"picked":"Guardian:PrismaticBarrier+1","floor":36},{"not_picked":["Guardian:ChargeCore+1","Guardian:BodySlam"],"picked":"Guardian:Gem_Red","floor":37},{"not_picked":["Guardian:VentSteam","Guardian:Gem_Green"],"picked":"Guardian:Gem_Yellow","floor":38},{"not_picked":["Guardian:PiercingHide","Guardian:BronzeArmor+1"],"picked":"Guardian:ConstructionForm","floor":39},{"not_picked":["Guardian:Reroute+1","Guardian:PiercingHide+1"],"picked":"Guardian:TimeCapacitor","floor":42},{"not_picked":["Guardian:PrismaticBarrier","Guardian:Incinerate+1"],"picked":"Guardian:ChargeCore+1","floor":43},{"not_picked":["Guardian:Reroute+1","Guardian:DonusPower"],"picked":"Guardian:MultiBeam+1","floor":44},{"not_picked":["Guardian:Gem_Lightblue","Guardian:ChargeUp"],"picked":"Guardian:Gem_Purple","floor":46},{"not_picked":["Guardian:TemporalStrike+1","Guardian:RollAttack+1","Guardian:PrismaticBarrier+1"],"picked":"SKIP","floor":47},{"not_picked":["Guardian:Planning","Guardian:EvasiveProtocol"],"picked":"Guardian:Gem_Blue","floor":48},{"not_picked":["Guardian:GemFire+1","Guardian:Incinerate+1"],"picked":"Guardian:DonusPower","floor":52}],"player_experience":2601151,"relics_obtained":[{"floor":8,"key":"Boot"},{"floor":12,"key":"MawBank"},{"floor":25,"key":"Bag of Marbles"},{"floor":29,"key":"Kunai"},{"floor":43,"key":"Molten Egg 2"},{"floor":48,"key":"Anchor"},{"floor":52,"key":"Blue Candle"}],"event_choices":[{"damage_healed":0,"gold_gain":1,"player_choice":"Card Relic ","damage_taken":9,"max_hp_gain":0,"max_hp_loss":0,"event_name":"betterThird:BetterScrap","floor":4,"gold_loss":0,"cards_obtained":["Caltrops","Rainbow"]},{"damage_healed":0,"gold_gain":0,"player_choice":"Stole Relic","damage_taken":0,"relics_obtained":["Pear"],"max_hp_gain":0,"max_hp_loss":0,"event_name":"Addict","floor":21,"gold_loss":0,"cards_obtained":["Pride"]},{"damage_healed":0,"gold_gain":0,"player_choice":"Inject Mutagens","damage_taken":0,"relics_obtained":["MutagenicStrength"],"max_hp_gain":0,"max_hp_loss":0,"event_name":"Drug Dealer","floor":27,"gold_loss":0}],"is_beta":false,"boss_relics":[{"not_picked":["Calling Bell","Busted Crown"],"picked":"Astrolabe"},{"not_picked":["Tiny House","Runic Dome"],"picked":"sneckomod:SneckoTalon"}],"items_purged_floors":[26,39,44],"is_endless":false,"potions_floor_spawned":[3,8,9,15,16,23,25,32,37,46,47,48],"ascension_level":9}}