{"host":"jlk2k69f9c6o7b3e","time":1612412965,"event":{"mods":["AchievementEnabler","BaseMod","Minty Spire (QoL Compilation)","StSLib"],"gold_per_floor":[118,118,138,156,156,189,207,232,232,232,249,249,266,295,295,398,448,460,480,480,100,117,117,145,158,158,193,221,258,281,307,319,436,448,474,497,235,255,268,295,315,343,418,418,453,205,238,5,5,5],"floor_reached":51,"language":"ZHS","playtime":5932,"items_purged":["Defend_G","Pain"],"score":1418,"play_id":"03d03636-56b4-4fc0-9f6c-af0c5375a664","local_time":"20210204122925","is_ascension_mode":true,"campfire_choices":[{"data":"Calculated Gamble","floor":10.0,"key":"SMITH"},{"data":"Tactician","floor":12.0,"key":"SMITH"},{"data":"Blade Dance","floor":15.0,"key":"SMITH"},{"data":"Infinite Blades","floor":23.0,"key":"SMITH"},{"data":"Accuracy","floor":32.0,"key":"SMITH"},{"data":"Wraith Form v2","floor":49,"key":"SMITH"}],"circlet_count":0,"master_deck":["Strike_G","Strike_G","Strike_G+1","Strike_G","Strike_G","Defend_G","Defend_G","Survivor","Neutralize","Blade Dance","Quick Slash","Blade Dance+1","Calculated Gamble+1","Tactician+1","Dagger Throw","Escape Plan","Escape Plan","Blade Dance","Unload","Tools of the Trade","Infinite Blades","Expertise+1","Accuracy+1","Infinite Blades+1","Blade Dance","Calculated Gamble","Leg Sweep","Prepared","Dash+1","Escape Plan","Slice+1","Acrobatics+1","Accuracy+1","Wraith Form v2+1","Escape Plan","Reflex","Panache","Calculated Gamble","Infinite Blades+1","Leg Sweep+1","Deflect+1","Reflex+1","Dagger Throw+1","Escape Plan+1","Wraith Form v2","Concentrate","Escape Plan","Acrobatics","Underhanded Strike+1"],"relics":["Ring of the Snake","NeowsBlessing","Art of War","Gremlin Horn","Bottled Flame","Bottled Lightning","Tiny House","PreservedInsect","Dead Branch","InkBottle","MawBank","MealTicket","Coffee Dripper","Anchor","Pantograph","Ninja Scroll","WarpedTongs","Paper Crane","Orrery","The Courier","Membership Card","Tough Bandages"],"acts_visited":["Exordium","TheCity","TheBeyond"],"potions_floor_usage":[50,50],"damage_taken":[{"damage":0.0,"enemies":"Cultist","floor":1.0,"turns":1.0},{"damage":0.0,"enemies":"Jaw Worm","floor":3.0,"turns":1.0},{"damage":0.0,"enemies":"Small Slimes","floor":4.0,"turns":1.0},{"damage":0.0,"enemies":"Gremlin Nob","floor":6.0,"turns":2.0},{"damage":6.0,"enemies":"Exordium Thugs","floor":7.0,"turns":4.0},{"damage":30.0,"enemies":"Lagavulin","floor":8.0,"turns":5.0},{"damage":4.0,"enemies":"Blue Slaver","floor":11.0,"turns":3.0},{"damage":0.0,"enemies":"Large Slime","floor":13.0,"turns":5.0},{"damage":0.0,"enemies":"Gremlin Nob","floor":14.0,"turns":1.0},{"damage":18.0,"enemies":"Slime Boss","floor":16.0,"turns":8.0},{"damage":13.0,"enemies":"Shell Parasite","floor":18.0,"turns":4.0},{"damage":7.0,"enemies":"3 Byrds","floor":19.0,"turns":4.0},{"damage":7.0,"enemies":"Shelled Parasite and Fungi","floor":22.0,"turns":2.0},{"damage":10.0,"enemies":"Book of Stabbing","floor":24.0,"turns":2.0},{"damage":0.0,"enemies":"Centurion and Healer","floor":25.0,"turns":2.0},{"damage":9.0,"enemies":"Gremlin Leader","floor":27.0,"turns":3.0},{"damage":0.0,"enemies":"3 Cultists","floor":28.0,"turns":2.0},{"damage":0.0,"enemies":"Slavers","floor":29.0,"turns":2.0},{"damage":5.0,"enemies":"Shelled Parasite and Fungi","floor":30.0,"turns":4.0},{"damage":0.0,"enemies":"Sentry and Sphere","floor":31.0,"turns":3.0},{"damage":3.0,"enemies":"Automaton","floor":33.0,"turns":4.0},{"damage":4.0,"enemies":"3 Shapes","floor":35.0,"turns":3.0},{"damage":0.0,"enemies":"Orb Walker","floor":36.0,"turns":3.0},{"damage":0.0,"enemies":"4 Shapes","floor":38.0,"turns":2.0},{"damage":0.0,"enemies":"3 Darklings","floor":39.0,"turns":3.0},{"damage":0.0,"enemies":"Reptomancer","floor":40.0,"turns":4.0},{"damage":0.0,"enemies":"Jaw Worm Horde","floor":41.0,"turns":2.0},{"damage":0.0,"enemies":"Nemesis","floor":42.0,"turns":3.0},{"damage":0.0,"enemies":"Giant Head","floor":45.0,"turns":1.0},{"damage":11,"enemies":"Nemesis","floor":47,"turns":3},{"damage":4,"enemies":"Awakened One","floor":50,"turns":9}],"seed_played":"196544493638361615","potions_obtained":[{"floor":3.0,"key":"Regen Potion"},{"floor":4.0,"key":"DuplicationPotion"},{"floor":5.0,"key":"Weak Potion"},{"floor":5.0,"key":"Fire Potion"},{"floor":5.0,"key":"PowerPotion"},{"floor":7.0,"key":"GamblersBrew"},{"floor":11.0,"key":"AttackPotion"},{"floor":13.0,"key":"DuplicationPotion"},{"floor":16.0,"key":"LiquidBronze"},{"floor":17.0,"key":"DistilledChaos"},{"floor":19.0,"key":"CultistPotion"},{"floor":24.0,"key":"Energy Potion"},{"floor":25.0,"key":"SkillPotion"},{"floor":28.0,"key":"CultistPotion"},{"floor":38.0,"key":"ColorlessPotion"},{"floor":39.0,"key":"Fire Potion"},{"floor":42.0,"key":"Dexterity Potion"},{"floor":45.0,"key":"Fruit Juice"}],"is_trial":false,"path_per_floor":["M","?","M","M","?","E","M","E","T","R","M","R","M","E","R","B",null,"M","M","?","$","M","R","E","M","T","E","M","E","M","M","R","B",null,"M","M","$","M","M","E","M","E","T","?","E","$","E","$","R","B",null],"character_chosen":"THE_SILENT","items_purchased":["Infinite Blades","PreservedInsect","Blade Dance","Calculated Gamble","Reflex","Panache","Calculated Gamble","Orrery","Membership Card","Tough Bandages"],"campfire_rested":0,"item_purchase_floors":[21,21,21,21,37,37,37,46,48,48],"current_hp_per_floor":[63,63,63,63,63,63,57,27,27,27,23,23,23,23,23,5,59,46,39,39,39,32,32,22,22,22,13,13,13,8,8,8,5,58,54,54,69,69,69,69,69,69,69,69,69,75,64,75,75,71],"gold":5,"neow_bonus":"THREE_ENEMY_KILL","is_daily":false,"chose_seed":false,"campfire_upgraded":6,"win_rate":0.0,"timestamp":1612412965,"path_taken":["M","?","M","?","?","E","M","E","T","R","M","R","?","E","R","BOSS","M","M","?","$","?","R","E","M","T","E","M","E","M","M","R","BOSS","M","M","$","M","M","E","M","E","T","?","E","$","E","?","R","BOSS"],"items_purchased_type":["Card","Relic","Card","Card","Card","Card","Card","Relic","Relic","Relic"],"build_version":"2020-12-22","purchased_purges":2,"victory":true,"max_hp_per_floor":[70,70,70,70,70,70,70,70,70,70,70,70,70,70,70,70,75,75,75,75,75,75,75,75,75,75,75,75,75,75,75,75,75,75,75,75,75,75,75,75,75,75,75,75,75,75,75,75,75,75],"card_choices":[{"not_picked":["Acrobatics","Footwork"],"picked":"Blade Dance","floor":1.0},{"not_picked":["Poisoned Stab","Outmaneuver"],"picked":"Blade Dance","floor":3.0},{"not_picked":["Corpse Explosion","Eviscerate"],"picked":"Calculated Gamble","floor":4.0},{"not_picked":["Outmaneuver","Acrobatics"],"picked":"Tactician","floor":6.0},{"not_picked":["Poisoned Stab","Quick Slash"],"picked":"Dagger Throw","floor":7.0},{"not_picked":["Deflect","Concentrate"],"picked":"Escape Plan","floor":8.0},{"not_picked":["Setup","Bane"],"picked":"Escape Plan","floor":11.0},{"not_picked":["Quick Slash","Deflect"],"picked":"Blade Dance","floor":13.0},{"not_picked":["Backflip","Choke"],"picked":"Unload","floor":14.0},{"not_picked":["Doppelganger","Night Terror"],"picked":"Tools of the Trade","floor":16.0},{"not_picked":["Sucker Punch","Bouncing Flask"],"picked":"Infinite Blades","floor":17.0},{"not_picked":["Flying Knee","Slice+1"],"picked":"Expertise+1","floor":18.0},{"not_picked":["Quick Slash+1","Deadly Poison+1"],"picked":"Accuracy+1","floor":19.0},{"not_picked":["Grand Finale","Bane"],"picked":"Leg Sweep","floor":22.0},{"not_picked":["Skewer","Sucker Punch+1","Footwork+1"],"picked":"SKIP","floor":24.0},{"not_picked":["Expertise","Sucker Punch+1"],"picked":"Prepared","floor":25.0},{"not_picked":["Catalyst","Crippling Poison"],"picked":"Dash+1","floor":27.0},{"not_picked":["Poisoned Stab+1","Dodge and Roll"],"picked":"Escape Plan","floor":28.0},{"not_picked":["Backflip","Blur"],"picked":"Slice+1","floor":29.0},{"not_picked":["Footwork","Dagger Throw"],"picked":"Acrobatics+1","floor":30.0},{"not_picked":["Slice","Dagger Throw"],"picked":"Accuracy","floor":31.0},{"not_picked":["Venomology","Grand Finale"],"picked":"Wraith Form v2","floor":33.0},{"not_picked":["Heel Hook","Deflect"],"picked":"Escape Plan","floor":35.0},{"not_picked":["Deadly Poison","Bane+1","Acrobatics"],"picked":"SKIP","floor":36.0},{"not_picked":["Blur","Outmaneuver"],"picked":"Infinite Blades+1","floor":38.0},{"not_picked":["Outmaneuver","Blade Dance+1"],"picked":"Leg Sweep+1","floor":39.0},{"not_picked":["Poisoned Stab","Distraction"],"picked":"Deflect+1","floor":40.0},{"not_picked":["Noxious Fumes","Quick Slash"],"picked":"Reflex+1","floor":41.0},{"not_picked":["Sucker Punch","All Out Attack"],"picked":"Dagger Throw+1","floor":42.0},{"not_picked":["Quick Slash","Dagger Throw+1"],"picked":"Escape Plan+1","floor":45.0},{"not_picked":["Flying Knee","Sucker Punch+1"],"picked":"Wraith Form v2","floor":46.0},{"not_picked":["Outmaneuver+1","Dagger Spray"],"picked":"Concentrate","floor":46.0},{"not_picked":["Grand Finale","Poisoned Stab+1"],"picked":"Escape Plan","floor":46.0},{"not_picked":["All Out Attack","Predator"],"picked":"Acrobatics","floor":46.0},{"not_picked":["Noxious Fumes","Leg Sweep+1"],"picked":"Underhanded Strike+1","floor":47}],"player_experience":340949,"relics_obtained":[{"floor":6.0,"key":"Art of War"},{"floor":8.0,"key":"Gremlin Horn"},{"floor":9.0,"key":"Bottled Flame"},{"floor":14.0,"key":"Bottled Lightning"},{"floor":24.0,"key":"Dead Branch"},{"floor":26.0,"key":"InkBottle"},{"floor":27.0,"key":"MawBank"},{"floor":29.0,"key":"MealTicket"},{"floor":40.0,"key":"Anchor"},{"floor":42.0,"key":"Pantograph"},{"floor":43.0,"key":"Ninja Scroll"},{"floor":45.0,"key":"Paper Crane"},{"floor":47,"key":"The Courier"}],"event_choices":[{"damage_healed":0.0,"max_hp_gain":0.0,"max_hp_loss":0.0,"gold_gain":0.0,"cards_transformed":["Defend_G"],"event_name":"Transmorgrifier","player_choice":"Transformed","floor":2.0,"gold_loss":0.0,"damage_taken":0.0,"cards_obtained":["Quick Slash"]},{"damage_healed":0.0,"max_hp_gain":0.0,"max_hp_loss":0.0,"gold_gain":0.0,"event_name":"Lab","player_choice":"Got Potions","floor":5.0,"gold_loss":0.0,"damage_taken":0.0},{"cards_removed":["Defend_G"],"damage_healed":0.0,"max_hp_gain":0.0,"max_hp_loss":0.0,"gold_gain":0.0,"event_name":"Bonfire Elementals","player_choice":"Offered Basic","floor":20.0,"gold_loss":0.0,"damage_taken":0.0},{"damage_healed":0.0,"max_hp_gain":0.0,"max_hp_loss":0.0,"gold_gain":0.0,"event_name":"Accursed Blacksmith","player_choice":"Rummage","floor":44.0,"gold_loss":0.0,"damage_taken":0.0,"relics_obtained":["WarpedTongs"],"cards_obtained":["Pain"]}],"is_beta":false,"boss_relics":[{"not_picked":["Snecko Eye","Runic Dome"],"picked":"Tiny House"},{"not_picked":["SlaversCollar","Velvet Choker"],"picked":"Coffee Dripper"}],"items_purged_floors":[21,46],"is_endless":false,"potions_floor_spawned":[3,4,7,11,13,16,19,24,25,28,38,39,42,45],"ascension_level":7}}