{"host":"zf1gvustpgbojd4t","time":1612417599,"event":{"mods":["Act Like it!","BaseMod","Downfall","Hallownest","Map Debug Mod","Minty Spire (QoL Compilation)","MostiFishMod","Replay The Spire","StSLib"],"gold_per_floor":[99,99,99,99,84,84,84,84,101,117,27,59,59,59,69,173,173,73,79,179,195,210,85,85,85],"floor_reached":23,"language":"ZHS","playtime":740,"items_purged":["Slimebound:Strike_Slimebound","Slimebound:Strike_Slimebound","Slimebound:Strike_Slimebound"],"score":185,"play_id":"1dddd5c2-8a1b-42e7-a7cb-e9c6dee514f2","local_time":"20210204134639","is_ascension_mode":false,"campfire_choices":[{"floor":1,"key":"RECALL"},{"data":"Slimebound:LeechEnergy","floor":8,"key":"SMITH"},{"data":"Slimebound:DuplicatedForm","floor":13,"key":"SMITH"},{"data":"Slimebound:CheckThePlaybook","floor":18,"key":"SMITH"}],"circlet_count":0,"master_deck":["Slimebound:Tackle","Slimebound:Defend_Slimebound","Slimebound:Defend_Slimebound","Slimebound:Defend_Slimebound","Slimebound:Defend_Slimebound","Slimebound:Split","Slimebound:CorrosiveSpit","Slimebound:BestDefense","Slimebound:LeechEnergy+1","Slimebound:DisruptingSlam","Slimebound:RollThrough","Slimebound:CheckThePlaybook+1","Slimebound:DuplicatedForm+1","Slimebound:GoopSpray","Slimebound:MinionMaster","Doubt","Slimebound:Repurpose","Slimebound:SplitMire+1","Slimebound:LeechEnergy"],"relics":["Slimebound:AbsorbEndCombat","DaveBox","ShadowXiaoBlade","downfall:HeartsMalice","ArrowTower","Anchor","downfall:BrokenWingStatue","Replay:Ancient Bell","Omamori","Snack Pack","TungstenRod","downfall:HeartBlessingRed","Sling","downfall:GremlinWheel"],"acts_visited":["Exordium","TheCity"],"potions_floor_usage":[11,16],"damage_taken":[{"damage":0,"enemies":"2 Louse","floor":2,"turns":1},{"damage":0,"enemies":"Small Slimes","floor":3,"turns":1},{"damage":0,"enemies":"Cultist","floor":4,"turns":1},{"damage":10,"enemies":"downfall:FleeingMerchant","floor":5,"turns":4},{"damage":3,"enemies":"Gremlin Gang","floor":9,"turns":3},{"damage":0,"enemies":"3 Louse","floor":10,"turns":2},{"damage":0,"enemies":"downfall:FleeingMerchant","floor":11,"turns":4},{"damage":6,"enemies":"Gremlin Nob","floor":12,"turns":2},{"damage":8,"enemies":"Large Slime","floor":15,"turns":4},{"damage":40,"enemies":"IC_STATUS_ARCHETYPE","floor":16,"turns":4},{"damage":11,"enemies":"downfall:FleeingMerchant","floor":19,"turns":4},{"damage":21,"enemies":"downfall:FleeingMerchant","floor":20,"turns":4},{"damage":1,"enemies":"3 Byrds","floor":21,"turns":3},{"damage":0,"enemies":"Spheric Guardian","floor":22,"turns":2}],"seed_played":"-1456952456415693020","potions_obtained":[{"floor":10,"key":"Adrenaline Potion"},{"floor":12,"key":"Adrenaline Potion"},{"floor":16,"key":"FearPotion"},{"floor":21,"key":"Elixir"}],"is_trial":false,"path_per_floor":["R","M","M","M","$","?","T","R","M","M","$","E","R","?","M","B",null,"R","$","?","M","M","$"],"character_chosen":"SLIMEBOUND","items_purchased":["Slimebound:Repurpose","Sling"],"campfire_rested":0,"item_purchase_floors":[19,19],"current_hp_per_floor":[65,65,65,65,57,50,50,50,49,49,53,49,49,49,45,24,65,65,54,37,38,38,38,38,38],"gold":85,"neow_bonus":"THREE_ENEMY_KILL","is_daily":false,"chose_seed":false,"campfire_upgraded":3,"win_rate":0.0,"timestamp":1612417599,"path_taken":["R","M","M","M","$","?","T","R","M","M","$","E","R","?","M","BOSS","R","$","?","?","M","$"],"items_purchased_type":["Card","Relic"],"build_version":"2020-12-22","purchased_purges":3,"victory":false,"max_hp_per_floor":[65,65,65,65,65,65,65,65,65,65,65,65,65,65,65,65,65,65,65,65,65,65,65,65,65],"card_choices":[{"not_picked":["Slimebound:Prepare","Slimebound:ServeAndProtect","Slimebound:ComboTackle"],"picked":"SKIP","floor":2},{"not_picked":["Slimebound:Chomp","Slimebound:SplitMire"],"picked":"Slimebound:BestDefense","floor":3},{"not_picked":["Slimebound:ProtectTheBoss","Slimebound:Prepare"],"picked":"Slimebound:LeechEnergy","floor":4},{"not_picked":["Slimebound:GoopSpray","Slimebound:OneTwoCombo"],"picked":"Slimebound:DisruptingSlam","floor":5},{"not_picked":["Slimebound:SplitMire","Slimebound:Replication","Slimebound:Schlurp"],"picked":"SKIP","floor":9},{"not_picked":["Slimebound:Grow","Slimebound:LeechEnergy"],"picked":"Slimebound:RollThrough","floor":10},{"not_picked":["Slimebound:LeechEnergy","Slimebound:GoopTackle"],"picked":"Slimebound:CheckThePlaybook","floor":11},{"not_picked":["Slimebound:RollThrough","Slimebound:SplitMire"],"picked":"Slimebound:DuplicatedForm","floor":12},{"not_picked":["Slimebound:LivingWall","Slimebound:RollThrough"],"picked":"Slimebound:GoopSpray","floor":15},{"not_picked":["Slimebound:Teamwork","Slimebound:PrepareCrush"],"picked":"Slimebound:MinionMaster","floor":16},{"not_picked":["Hallucinations","ReplayTheSpireMod:Faulty Equipment"],"picked":"Normality","floor":17},{"not_picked":["Decay","Languid"],"picked":"CommonCold","floor":17},{"not_picked":["Normality","downfall:Aged"],"picked":"Doubt","floor":17},{"not_picked":["Slimebound:PressTheAttack+1","Slimebound:LeadByExample+1","Slimebound:PrepareCrush"],"picked":"SKIP","floor":19},{"not_picked":["Slimebound:Prepare","Slimebound:GoopTackle"],"picked":"Slimebound:SplitMire+1","floor":21},{"not_picked":["Slimebound:GoopTackle","Slimebound:RollThrough"],"picked":"Slimebound:LeechEnergy","floor":22}],"player_experience":88154,"relics_obtained":[{"floor":12,"key":"Anchor"},{"floor":20,"key":"downfall:GremlinWheel"}],"event_choices":[{"damage_healed":0,"gold_gain":0,"player_choice":"Success","damage_taken":7,"relics_obtained":["ArrowTower"],"max_hp_gain":0,"max_hp_loss":0,"event_name":"Scrap Ooze","floor":6,"gold_loss":0}],"is_beta":false,"boss_relics":[{"not_picked":["Coffee Dripper","SlaversCollar"],"picked":"Replay:Ancient Bell"},{"not_picked":["Bag of Preparation","Tiny Chest"],"picked":"Omamori"},{"not_picked":["Mummified Hand","ReplayTheSpireMod:Ninjato"],"picked":"Snack Pack"},{"not_picked":["Replay:Arrowhead","Ginger"],"picked":"TungstenRod"}],"items_purged_floors":[11,19,23],"is_endless":false,"potions_floor_spawned":[10,12,16,21],"ascension_level":0}}