{"host":"00f1p9ihhzi7hxfk","time":1612440816,"event":{"mods":["AchievementEnabler","BaseMod","Colored Map","Colored Powertips","Minty Spire (QoL Compilation)","Rare Cards Sparkle","Relic Stats"],"gold_per_floor":[109,109,34,47,59,59,59],"floor_reached":6,"language":"DEU","playtime":427,"items_purged":[],"score":36,"play_id":"788e18ea-1363-4fa7-9670-a91112ee98b5","local_time":"20210204131336","is_ascension_mode":false,"campfire_choices":[],"circlet_count":0,"master_deck":["Strike_P","Strike_P","Strike_P","Defend_P","Defend_P","Defend_P","Vigilance","EmptyBody","Worship","Sanctity","Vengeance","FollowUp"],"relics":["PureWater","Unceasing Top"],"acts_visited":["Exordium"],"potions_floor_usage":[],"damage_taken":[{"damage":0,"enemies":"Small Slimes","floor":1,"turns":3},{"damage":7,"enemies":"2 Louse","floor":4,"turns":4},{"damage":4,"enemies":"Cultist","floor":5,"turns":5},{"damage":72,"enemies":"Gremlin Nob","floor":6,"turns":4}],"seed_played":"-1679079344725143210","potions_obtained":[{"floor":1,"key":"Fire Potion"}],"is_trial":false,"path_per_floor":["M","?","?","M","M","E"],"character_chosen":"WATCHER","items_purchased":[],"campfire_rested":0,"item_purchase_floors":[],"current_hp_per_floor":[65,58,58,51,47,0,0],"gold":59,"neow_bonus":"TRANSFORM_TWO_CARDS","is_daily":false,"chose_seed":false,"campfire_upgraded":0,"win_rate":0.0,"timestamp":1612440816,"path_taken":["M","?","?","M","?","E"],"items_purchased_type":[],"build_version":"2020-12-22","purchased_purges":0,"victory":false,"max_hp_per_floor":[65,65,65,65,65,65,65],"relic_stats":{"counters":[4,16],"obtain_stats":[{"PureWater":0,"Unceasing Top":3},{"PureWater":0,"Unceasing Top":1},{"PureWater":0,"Unceasing Top":3}],"Unceasing Top":[0]},"card_choices":[{"not_picked":["EmptyFist","PathToVictory"],"picked":"Sanctity","floor":1},{"not_picked":["Evaluate","ClearTheMind"],"picked":"Vengeance","floor":4},{"not_picked":["Consecrate","Nirvana"],"picked":"FollowUp","floor":5}],"player_experience":96938,"relics_obtained":[],"event_choices":[{"cards_removed":["Strike_P"],"damage_healed":0,"gold_gain":0,"player_choice":"Card Removal","damage_taken":7,"max_hp_gain":0,"max_hp_loss":0,"event_name":"Golden Wing","floor":2,"gold_loss":0},{"damage_healed":0,"gold_gain":0,"player_choice":"Paid Gold","damage_taken":0,"relics_obtained":["Unceasing Top"],"max_hp_gain":0,"max_hp_loss":0,"event_name":"WeMeetAgain","floor":3,"gold_loss":75}],"is_beta":false,"boss_relics":[],"items_purged_floors":[],"is_endless":false,"potions_floor_spawned":[1],"killed_by":"Gremlin Nob","ascension_level":0}}