{"host":"c6u7e77myxvw4d0m","time":1612478593,"event":{"mods":["AchievementEnabler","BaseMod","Bestiary","Colored Map","Colored Powertips","Minty Spire (QoL Compilation)","Rare Cards Sparkle","Relic Stats","everything is the same but u backflip on backflip"],"gold_per_floor":[113,113,9,32,52,52,90,90,90,90,123,137,137,156,156,250,250,275,288,321,339,18,18,33,33,58,78,78,122,122,146,146,241,241,265,26,26,40,373,407,407,433,433,433,433,445,445,445],"floor_reached":47,"language":"ENG","playtime":3708,"items_purged":["Injury","Strike_G"],"score":1101,"play_id":"bebefa80-0582-43b1-b6b2-0d87640e20f6","local_time":"20210205004313","is_ascension_mode":true,"campfire_choices":[{"data":"Dash","floor":6.0,"key":"SMITH"},{"data":"Blade Dance","floor":8.0,"key":"SMITH"},{"floor":10.0,"key":"REST"},{"data":"Poisoned Stab","floor":15.0,"key":"SMITH"},{"floor":23.0,"key":"REST"},{"data":"Blade Dance","floor":25.0,"key":"SMITH"},{"floor":28.0,"key":"REST"},{"floor":32.0,"key":"REST"},{"data":"Blade Dance","floor":41,"key":"SMITH"}],"circlet_count":0,"master_deck":["AscendersBane","Strike_G","Defend_G","Defend_G","Defend_G","Defend_G","Defend_G","Survivor","Neutralize","Dash+1","Dagger Spray","Sucker Punch","Masterful Stab","Blade Dance+1","Poisoned Stab+1","Accuracy+1","Backflip+1","Die Die Die","Blade Dance+1","Terror+1","Noxious Fumes+1","Infinite Blades+1","A Thousand Cuts+1","Crippling Poison","Accuracy+1","Deflect","Finisher","Deflect+1","Venomology","Cloak And Dagger","Panache+1","Well Laid Plans+1","Blur","Blade Dance+1","Writhe","Well Laid Plans+1","Leg Sweep","Trip","Blade Dance"],"relics":["Ring of the Snake","Ice Cream","Frozen Egg 2","White Beast Statue","Empty Cage","Red Mask","Membership Card","War Paint","Oddly Smooth Stone","Cursed Key","Smiling Mask","Paper Crane"],"acts_visited":["Exordium","TheCity","TheBeyond"],"potions_floor_usage":[35,38,40,42,46,47],"damage_taken":[{"damage":0.0,"enemies":"2 Louse","floor":1.0,"turns":5.0},{"damage":0.0,"enemies":"Small Slimes","floor":4.0,"turns":2.0},{"damage":0.0,"enemies":"Cultist","floor":5.0,"turns":4.0},{"damage":28.0,"enemies":"Lagavulin","floor":7.0,"turns":7.0},{"damage":12.0,"enemies":"3 Sentries","floor":11.0,"turns":7.0},{"damage":0.0,"enemies":"Blue Slaver","floor":12.0,"turns":4.0},{"damage":0.0,"enemies":"3 Louse","floor":14.0,"turns":3.0},{"damage":26.0,"enemies":"The Guardian","floor":16.0,"turns":14.0},{"damage":7.0,"enemies":"2 Thieves","floor":18.0,"turns":4.0},{"damage":0.0,"enemies":"3 Byrds","floor":19.0,"turns":4.0},{"damage":0.0,"enemies":"Masked Bandits","floor":20.0,"turns":2.0},{"damage":26.0,"enemies":"Snecko","floor":21.0,"turns":4.0},{"damage":9.0,"enemies":"Centurion and Healer","floor":24.0,"turns":5.0},{"damage":13.0,"enemies":"Chosen and Byrds","floor":27.0,"turns":5.0},{"damage":5.0,"enemies":"Gremlin Leader","floor":29.0,"turns":4.0},{"damage":27.0,"enemies":"Shelled Parasite and Fungi","floor":31.0,"turns":4.0},{"damage":13.0,"enemies":"Champ","floor":33.0,"turns":9.0},{"damage":9,"enemies":"3 Darklings","floor":35,"turns":5},{"damage":0,"enemies":"3 Shapes","floor":38,"turns":6},{"damage":8,"enemies":"Nemesis","floor":40,"turns":5},{"damage":34,"enemies":"Giant Head","floor":42,"turns":5},{"damage":0,"enemies":"Maw","floor":46,"turns":5},{"damage":38,"enemies":"Transient","floor":47,"turns":5}],"seed_played":"-6326046844712261864","potions_obtained":[{"floor":1.0,"key":"SpeedPotion"},{"floor":7.0,"key":"Swift Potion"},{"floor":12.0,"key":"Energy Potion"},{"floor":14.0,"key":"Swift Potion"},{"floor":16.0,"key":"Energy Potion"},{"floor":18.0,"key":"Explosive Potion"},{"floor":19.0,"key":"LiquidMemories"},{"floor":20.0,"key":"AttackPotion"},{"floor":21.0,"key":"GamblersBrew"},{"floor":24.0,"key":"SkillPotion"},{"floor":27.0,"key":"DistilledChaos"},{"floor":29.0,"key":"Explosive Potion"},{"floor":31.0,"key":"Dexterity Potion"},{"floor":33.0,"key":"PowerPotion"},{"floor":35,"key":"Dexterity Potion"},{"floor":38,"key":"Strength Potion"},{"floor":40,"key":"CultistPotion"},{"floor":42,"key":"DuplicationPotion"},{"floor":46,"key":"Ancient Potion"}],"is_trial":false,"path_per_floor":["M","?","$","M","M","R","E","R","T","R","E","M","?","M","R","B",null,"M","M","?","M","$","R","M","R","T","M","R","E","?","M","R","B",null,"M","$","?","M","?","E","R","E","T","T","?","M","M"],"character_chosen":"THE_SILENT","items_purchased":["Dagger Spray","Membership Card","A Thousand Cuts+1","Crippling Poison","PowerPotion","Panache+1","Well Laid Plans+1","Blur","Blade Dance"],"campfire_rested":4,"item_purchase_floors":[3,22,22,22,22,36,36,36,36],"current_hp_per_floor":[65,65,65,65,65,65,37,37,37,58,46,46,46,46,46,20,59,52,52,52,26,26,47,38,38,38,25,46,41,41,14,35,22,60,51,51,65,65,65,57,57,23,23,23,23,23,0,0],"gold":445,"neow_bonus":"TEN_PERCENT_HP_BONUS","is_daily":false,"chose_seed":false,"campfire_upgraded":5,"win_rate":0.0,"timestamp":1612478593,"path_taken":["M","?","$","M","M","R","E","R","T","R","E","M","?","M","R","BOSS","M","M","?","M","$","R","M","R","T","M","R","E","?","M","R","BOSS","M","$","?","M","?","E","R","E","T","?","?","M","?"],"items_purchased_type":["Card","Relic","Card","Card","Potion","Card","Card","Card","Card"],"build_version":"2020-12-22","purchased_purges":2,"victory":false,"max_hp_per_floor":[72,72,72,72,72,72,72,72,72,72,72,72,72,72,72,72,72,72,72,72,72,72,72,72,72,72,72,72,72,72,72,72,72,72,72,72,72,72,72,72,72,72,72,72,72,72,72,72],"relic_stats":{"counters":[23,118],"War Paint":["Backflip","Terror"],"Cursed Key":0,"Smiling Mask":0,"obtain_stats":[{"Ice Cream":7,"Golden Idol":2,"Oddly Smooth Stone":29,"Frozen Egg 2":9,"War Paint":26,"Paper Crane":42,"Empty Cage":17,"Cursed Key":34,"Smiling Mask":40,"White Beast Statue":11,"Red Mask":20,"Membership Card":22,"Ring of the Snake":0},{"Ice Cream":4,"Golden Idol":1,"Oddly Smooth Stone":15,"Frozen Egg 2":4,"War Paint":13,"Paper Crane":21,"Empty Cage":8,"Cursed Key":17,"Smiling Mask":20,"White Beast Statue":5,"Red Mask":11,"Membership Card":12,"Ring of the Snake":0},{"Ice Cream":18,"Golden Idol":5,"Oddly Smooth Stone":74,"Frozen Egg 2":18,"War Paint":65,"Paper Crane":108,"Empty Cage":46,"Cursed Key":87,"Smiling Mask":103,"White Beast Statue":25,"Red Mask":56,"Membership Card":60,"Ring of the Snake":0}],"Ring of the Snake":[46]},"card_choices":[{"not_picked":["Setup","Masterful Stab"],"picked":"Dash","floor":1.0},{"not_picked":["Underhanded Strike","Flechettes"],"picked":"Sucker Punch","floor":4.0},{"not_picked":["Outmaneuver","PiercingWail"],"picked":"Masterful Stab","floor":5.0},{"not_picked":["Outmaneuver","Leg Sweep"],"picked":"Blade Dance","floor":7.0},{"not_picked":["Dodge and Roll","Sucker Punch"],"picked":"Poisoned Stab","floor":11.0},{"not_picked":["Prepared","Dagger Throw"],"picked":"Accuracy+1","floor":12.0},{"not_picked":["Bane","Underhanded Strike"],"picked":"Backflip","floor":14.0},{"not_picked":["Adrenaline","Storm of Steel"],"picked":"Die Die Die","floor":16.0},{"not_picked":["Deflect","All Out Attack"],"picked":"Blade Dance","floor":18.0},{"not_picked":["Acrobatics","Flying Knee"],"picked":"Terror","floor":19.0},{"not_picked":["Prepared","Leg Sweep"],"picked":"Noxious Fumes+1","floor":20.0},{"not_picked":["All Out Attack","Slice"],"picked":"Infinite Blades+1","floor":21.0},{"not_picked":["Skewer","Setup"],"picked":"Accuracy+1","floor":24.0},{"not_picked":["Dagger Throw","Eviscerate"],"picked":"Deflect","floor":27.0},{"not_picked":["Adrenaline","Skewer"],"picked":"Finisher","floor":29.0},{"not_picked":["Underhanded Strike+1","Dodge and Roll"],"picked":"Deflect+1","floor":31.0},{"not_picked":["Bullet Time","Grand Finale"],"picked":"Venomology","floor":33.0},{"not_picked":["Deadly Poison","Flying Knee+1"],"picked":"Cloak And Dagger","floor":35},{"not_picked":["Distraction","Masterful Stab","Underhanded Strike+1"],"picked":"SKIP","floor":38},{"not_picked":["Burst","Tactician+1"],"picked":"Well Laid Plans+1","floor":40},{"not_picked":["Deflect+1","Blade Dance"],"picked":"Leg Sweep","floor":42},{"not_picked":["Madness","Mayhem+1"],"picked":"Trip","floor":45},{"not_picked":["Quick Slash","Dagger Throw"],"picked":"Blade Dance","floor":46}],"player_experience":673107,"relics_obtained":[{"floor":7.0,"key":"Ice Cream"},{"floor":9.0,"key":"Frozen Egg 2"},{"floor":11.0,"key":"White Beast Statue"},{"floor":20.0,"key":"Red Mask"},{"floor":26.0,"key":"War Paint"},{"floor":29.0,"key":"Oddly Smooth Stone"},{"floor":40,"key":"Smiling Mask"},{"floor":42,"key":"Paper Crane"}],"event_choices":[{"damage_healed":0.0,"max_hp_gain":0.0,"max_hp_loss":0.0,"gold_gain":0.0,"event_name":"Golden Idol","player_choice":"Take Wound","floor":2.0,"gold_loss":0.0,"damage_taken":0.0,"relics_obtained":["Golden Idol"],"cards_obtained":["Injury"]},{"cards_removed":["Strike_G"],"damage_healed":0.0,"max_hp_gain":0.0,"max_hp_loss":0.0,"gold_gain":0.0,"event_name":"Purifier","player_choice":"Purged","floor":13.0,"gold_loss":0.0,"damage_taken":0.0},{"damage_healed":0.0,"max_hp_gain":0.0,"max_hp_loss":0.0,"gold_gain":0.0,"event_name":"Masked Bandits","player_choice":"Fought Bandits","floor":20.0,"gold_loss":0.0,"damage_taken":0.0},{"damage_healed":0.0,"max_hp_gain":0.0,"max_hp_loss":0.0,"gold_gain":0.0,"event_name":"Cursed Tome","player_choice":"Ignored","floor":30.0,"gold_loss":0.0,"damage_taken":0.0},{"damage_healed":14,"gold_gain":0,"player_choice":"Writhe","damage_taken":0,"max_hp_gain":0,"max_hp_loss":0,"event_name":"Winding Halls","floor":37,"gold_loss":0,"cards_obtained":["Writhe"]},{"damage_healed":0,"gold_gain":333,"player_choice":"Gave Idol","damage_taken":0,"max_hp_gain":0,"max_hp_loss":0,"event_name":"The Moai Head","floor":39,"relics_lost":["Golden Idol"],"gold_loss":0},{"damage_healed":0,"gold_gain":0,"player_choice":"Memory 1","damage_taken":0,"max_hp_gain":0,"max_hp_loss":0,"event_name":"SensoryStone","floor":45,"gold_loss":0}],"is_beta":false,"boss_relics":[{"not_picked":["Pandora\u0027s Box","Sozu"],"picked":"Empty Cage"},{"not_picked":["Philosopher\u0027s Stone","Snecko Eye"],"picked":"Cursed Key"}],"items_purged_floors":[3,36],"is_endless":false,"potions_floor_spawned":[1,7,12,14,16,18,19,20,21,24,27,29,31,33,35,38,40,42,46],"killed_by":"Transient","ascension_level":20}}