{"host":"uv231blk40vjdojr","time":1612436253,"event":{"mods":["BaseMod","Bestiary","Minty Spire (QoL Compilation)","Relic Stats"],"gold_per_floor":[118,134,149,149,164,195,195,230,255,255,255,284,334,48,48,122,122,122,62,62,62,20,20,20,20,20,20,20,20,20],"floor_reached":29,"language":"ENG","playtime":1248,"items_purged":[],"score":572,"play_id":"5a8aaa6d-d19f-4b46-a71e-74d668595cfd","local_time":"20210204115733","is_ascension_mode":true,"campfire_choices":[{"floor":10.0,"key":"REST"},{"floor":15.0,"key":"REST"},{"floor":23,"key":"REST"},{"floor":25,"key":"REST"},{"data":"Eruption","floor":27,"key":"SMITH"}],"circlet_count":0,"master_deck":["AscendersBane","Strike_P","Strike_P","Strike_P","Strike_P","Defend_P","Defend_P","Defend_P","Defend_P+1","Eruption+1","Vigilance","Meditate","BowlingBash","BowlingBash+1","Adaptation","CrushJoints","FlurryOfBlows","MentalFortress","WindmillStrike","Vault","Wallop","ThirdEye","EmptyFist","Conclude","Tantrum","Vault","Perseverance","Meditate"],"relics":["PureWater","Oddly Smooth Stone","Du-Vu Doll","Boot","Art of War","Akabeko","Dream Catcher","Question Card","Ectoplasm","InkBottle"],"acts_visited":["Exordium","TheCity"],"potions_floor_usage":[21,24,29],"damage_taken":[{"damage":0.0,"enemies":"Cultist","floor":1.0,"turns":2.0},{"damage":6.0,"enemies":"Jaw Worm","floor":2.0,"turns":3.0},{"damage":0.0,"enemies":"Small Slimes","floor":3.0,"turns":2.0},{"damage":5.0,"enemies":"Looter","floor":5.0,"turns":2.0},{"damage":31.0,"enemies":"3 Sentries","floor":6.0,"turns":13.0},{"damage":0.0,"enemies":"Lagavulin","floor":8.0,"turns":3.0},{"damage":10.0,"enemies":"3 Sentries","floor":12.0,"turns":3.0},{"damage":21.0,"enemies":"The Guardian","floor":16.0,"turns":14.0},{"damage":3.0,"enemies":"Chosen","floor":18.0,"turns":4.0},{"damage":8.0,"enemies":"2 Thieves","floor":19.0,"turns":3.0},{"damage":11,"enemies":"Shelled Parasite and Fungi","floor":21,"turns":4},{"damage":22,"enemies":"Gremlin Leader","floor":24,"turns":4},{"damage":20,"enemies":"Snake Plant","floor":28,"turns":3},{"damage":21,"enemies":"Slavers","floor":29,"turns":3}],"seed_played":"3205851835524068160","potions_obtained":[{"floor":3.0,"key":"SpeedPotion"},{"floor":6.0,"key":"Fire Potion"},{"floor":12.0,"key":"BottledMiracle"},{"floor":16.0,"key":"BlessingOfTheForge"},{"floor":28,"key":"SkillPotion"}],"is_trial":false,"path_per_floor":["M","M","M","?","M","E","?","E","T","R","?","E","T","$","R","B",null,"M","M","?","M","$","R","E","R","T","R","M","E"],"character_chosen":"WATCHER","items_purchased":["Question Card","Conclude"],"campfire_rested":4,"item_purchase_floors":[14,22],"current_hp_per_floor":[61,55,55,55,50,19,19,19,19,39,19,9,9,9,29,8,53,50,42,28,17,17,38,16,37,37,37,17,0,0],"gold":20,"neow_bonus":"RANDOM_COMMON_RELIC","is_daily":false,"chose_seed":false,"campfire_upgraded":1,"win_rate":0.0,"timestamp":1612436253,"path_taken":["M","M","M","?","M","E","?","E","T","R","?","E","?","?","R","BOSS","M","?","?","M","$","R","E","R","T","R","M","E"],"items_purchased_type":["Relic","Card"],"build_version":"2020-12-22","purchased_purges":0,"victory":false,"max_hp_per_floor":[68,68,68,68,68,68,68,68,68,68,68,68,68,68,68,68,68,68,68,73,73,73,73,73,73,73,73,73,73,73],"relic_stats":{"Dream Catcher":3,"counters":[14,63],"Ectoplasm":179,"Art of War":[9],"Boot":[4],"Question Card":9,"obtain_stats":[{"Du-Vu Doll":6,"Dream Catcher":13,"Oddly Smooth Stone":0,"Ectoplasm":17,"Art of War":9,"PureWater":0,"Boot":8,"Question Card":14,"Akabeko":12,"InkBottle":24},{"Du-Vu Doll":5,"Dream Catcher":7,"Oddly Smooth Stone":0,"Ectoplasm":8,"Art of War":6,"PureWater":0,"Boot":6,"Question Card":7,"Akabeko":7,"InkBottle":12},{"Du-Vu Doll":22,"Dream Catcher":28,"Oddly Smooth Stone":0,"Ectoplasm":42,"Art of War":25,"PureWater":0,"Boot":25,"Question Card":28,"Akabeko":28,"InkBottle":57}],"InkBottle":[2]},"card_choices":[{"not_picked":["ThirdEye","PathToVictory"],"picked":"Meditate","floor":1.0},{"not_picked":["Evaluate","JustLucky"],"picked":"BowlingBash","floor":2.0},{"not_picked":["Prostrate","Protect"],"picked":"BowlingBash","floor":3.0},{"not_picked":["Weave","ClearTheMind"],"picked":"Adaptation","floor":5.0},{"not_picked":["DeusExMachina","Protect"],"picked":"CrushJoints","floor":6.0},{"not_picked":["Prostrate","InnerPeace"],"picked":"FlurryOfBlows","floor":8.0},{"not_picked":["Meditate","Sanctity"],"picked":"MentalFortress","floor":12.0},{"not_picked":["CarveReality","MentalFortress","Evaluate"],"picked":"WindmillStrike","floor":15.0},{"not_picked":["Alpha","Ragnarok","Blasphemy"],"picked":"Vault","floor":16.0},{"not_picked":["TalkToTheHand","Indignation","SashWhip"],"picked":"Wallop","floor":18.0},{"not_picked":["Evaluate","FollowUp","Sanctity"],"picked":"ThirdEye","floor":19.0},{"not_picked":["Prostrate","SashWhip","SandsOfTime+1"],"picked":"EmptyFist","floor":21},{"not_picked":["Nirvana","Evaluate","PathToVictory"],"picked":"Tantrum","floor":23},{"not_picked":["CutThroughFate","WindmillStrike","WreathOfFlame+1"],"picked":"Vault","floor":24},{"not_picked":["SandsOfTime","CutThroughFate","EmptyBody"],"picked":"Perseverance","floor":25},{"not_picked":["EmptyBody","Consecrate","ClearTheMind+1"],"picked":"Meditate","floor":28}],"player_experience":739689,"relics_obtained":[{"floor":6.0,"key":"Du-Vu Doll"},{"floor":8.0,"key":"Boot"},{"floor":9.0,"key":"Art of War"},{"floor":12.0,"key":"Akabeko"},{"floor":13.0,"key":"Dream Catcher"},{"floor":24,"key":"InkBottle"}],"event_choices":[{"damage_healed":0.0,"max_hp_gain":0.0,"max_hp_loss":0.0,"gold_gain":0.0,"event_name":"Liars Game","player_choice":"Ignored","floor":4.0,"gold_loss":0.0,"damage_taken":0.0},{"damage_healed":0.0,"max_hp_gain":0.0,"max_hp_loss":0.0,"gold_gain":0.0,"event_name":"Golden Wing","player_choice":"Ignored","floor":7.0,"gold_loss":0.0,"damage_taken":0.0},{"damage_healed":0.0,"max_hp_gain":0.0,"max_hp_loss":0.0,"gold_gain":0.0,"event_name":"Shining Light","player_choice":"Entered Light","floor":11.0,"gold_loss":0.0,"damage_taken":20.0,"cards_upgraded":["BowlingBash","Defend_P"]},{"damage_healed":0.0,"max_hp_gain":0.0,"max_hp_loss":0.0,"gold_gain":0.0,"event_name":"Knowing Skull","player_choice":"POTION POTION ","floor":20.0,"potions_obtained":["Fruit Juice","Strength Potion"],"gold_loss":0.0,"damage_taken":19.0,"cards_obtained":[]}],"is_beta":false,"boss_relics":[{"not_picked":["Pandora\u0027s Box","Runic Dome"],"picked":"Ectoplasm"}],"items_purged_floors":[],"is_endless":false,"potions_floor_spawned":[3,6,12,16,18,28],"killed_by":"Slavers","ascension_level":20}}