{"host":"3azvxbhvx7nk2p5g","time":1612453502,"event":{"mods":["BaseMod","KinomotoSakuraMod(Ä¾Ö®±¾Ó£)","Minty Spire (QoL Compilation)","StSLib","The Blackbeard","The Runesmith","The Senshi"],"gold_per_floor":[115,115,130,145,173,173,123,123,176,176,176,262,99,149,149,269,269,302,267,592,265,319,372,429,461,461,587,637,740,740,538,538,675,675,687,747,797,899,1039,373,423,433,515,79,150,189,216,243,243,319],"floor_reached":51,"language":"ZHS","playtime":2627,"items_purged":["blackbeard:BlackbeardStrike","Regret","blackbeard:BlackbeardDefend","blackbeard:CannonballSupply"],"score":844,"play_id":"c2cab02a-2023-4a65-ac00-d1a4af2a1aa5","local_time":"20210204234502","is_ascension_mode":false,"campfire_choices":[{"data":"blackbeard:BuriedTreasure","floor":6.0,"key":"SMITH"},{"data":"blackbeard:CannonballSupply","floor":8.0,"key":"SMITH"},{"data":"blackbeard:Cutlass","floor":11.0,"key":"SMITH"},{"data":"blackbeard:PiratesWill","floor":15.0,"key":"SMITH"},{"floor":30.0,"key":"RECALL"},{"data":"blackbeard:PiratesWill","floor":32.0,"key":"SMITH"},{"data":"blackbeard:BoostMorale","floor":49,"key":"SMITH"}],"circlet_count":0,"master_deck":["blackbeard:IntimidatingStrike","blackbeard:BlackbeardDefend","blackbeard:Cutlass+1","blackbeard:CannonballSupply+1","blackbeard:BuriedTreasure+1","blackbeard:Toast","blackbeard:BrownPants+1","blackbeard:Spear","blackbeard:PiratesWill+1","blackbeard:ReapersScythe","blackbeard:TerrorOfTheSeas","blackbeard:Eyepatch","blackbeard:PirateEarring+1","blackbeard:SwordDance+1","blackbeard:AgileStrike","blackbeard:WoodenLeg","blackbeard:PiratesWill+1","blackbeard:BountyHunter","CurseOfTheBell","blackbeard:GoldenCannonball+1","blackbeard:Toast+1","blackbeard:GoldenDefense+1","blackbeard:GoldenStrike","blackbeard:BoostMorale+1","blackbeard:Rum","blackbeard:FinalBarrage+1","blackbeard:TacticalRetreat+1","blackbeard:BrownPants+1","blackbeard:CaptainsHat","blackbeard:DoubleBottom+1"],"relics":["blackbeard:LoadTheGoldenCannons","Centennial Puzzle","SsserpentHead","Orichalcum","Strange Spoon","Pocketwatch","Runesmith:Nanobots","Calling Bell","Potion Belt","Mercury Hourglass","Ice Cream","Peace Pipe","Molten Egg 2","Mummified Hand","Ginger","Vajra","Pantograph"],"acts_visited":["Exordium","TheCity","TheBeyond"],"potions_floor_usage":[],"damage_taken":[{"damage":9.0,"enemies":"Jaw Worm","floor":1.0,"turns":4.0},{"damage":0.0,"enemies":"Cultist","floor":3.0,"turns":3.0},{"damage":0.0,"enemies":"2 Louse","floor":4.0,"turns":2.0},{"damage":2.0,"enemies":"2 Fungi Beasts","floor":5.0,"turns":5.0},{"damage":6.0,"enemies":"Lots of Slimes","floor":12.0,"turns":4.0},{"damage":9.0,"enemies":"The Guardian","floor":16.0,"turns":13.0},{"damage":0.0,"enemies":"3 Byrds","floor":18.0,"turns":7.0},{"damage":4.0,"enemies":"Spheric Guardian","floor":22.0,"turns":4.0},{"damage":10.0,"enemies":"Book of Stabbing","floor":23.0,"turns":4.0},{"damage":7.0,"enemies":"Chosen and Byrds","floor":24.0,"turns":7.0},{"damage":0.0,"enemies":"Centurion and Healer","floor":25.0,"turns":5.0},{"damage":7.0,"enemies":"Snake Plant","floor":27.0,"turns":5.0},{"damage":1.0,"enemies":"Sentry and Sphere","floor":29.0,"turns":4.0},{"damage":36.0,"enemies":"Automaton","floor":33.0,"turns":8.0},{"damage":0.0,"enemies":"Orb Walker","floor":35.0,"turns":1.0},{"damage":0.0,"enemies":"3 Darklings","floor":36.0,"turns":5.0},{"damage":13.0,"enemies":"Sphere and 2 Shapes","floor":38.0,"turns":5.0},{"damage":12.0,"enemies":"2 Orb Walkers","floor":39.0,"turns":4.0},{"damage":0.0,"enemies":"Jaw Worm Horde","floor":42.0,"turns":2.0},{"damage":20.0,"enemies":"Reptomancer","floor":45.0,"turns":5.0},{"damage":0.0,"enemies":"Transient","floor":46.0,"turns":5.0},{"damage":0,"enemies":"Nemesis","floor":47,"turns":1},{"damage":0,"enemies":"Spire Growth","floor":48,"turns":2},{"damage":18,"enemies":"Awakened One","floor":50,"turns":8}],"seed_played":"-4705168592869432592","potions_obtained":[{"floor":1.0,"key":"SkillPotion"},{"floor":5.0,"key":"BlessingOfTheForge"},{"floor":18.0,"key":"SkillPotion"},{"floor":25.0,"key":"Regen Potion"},{"floor":33.0,"key":"Block Potion"},{"floor":35.0,"key":"Weak Potion"},{"floor":42.0,"key":"EssenceOfSteel"},{"floor":47,"key":"Energy Potion"},{"floor":48,"key":"Ancient Potion"}],"is_trial":false,"path_per_floor":["M","?","M","M","M","R","?","R","T","?","R","M","$","?","R","B",null,"M","?","?","$","M","E","M","M","T","M","?","M","R","$","R","B",null,"M","M","?","M","?","$","?","M","T","$","E","M","E","M","R","B",null],"character_chosen":"BLACKBEARD_CLASS","items_purchased":["blackbeard:BrownPants","blackbeard:Spear","blackbeard:PiratesWill","blackbeard:Eyepatch","Strange Spoon","blackbeard:WoodenLeg","blackbeard:PiratesWill","Molten Egg 2","blackbeard:BoostMorale","Regen Potion","SteroidPotion","blackbeard:Rum","blackbeard:FinalBarrage+1","Ginger"],"campfire_rested":0,"item_purchase_floors":[13,13,13,21,21,31,31,40,40,40,40,44,44,44],"current_hp_per_floor":[59,59,59,59,57,57,57,57,57,57,57,51,51,44,44,35,68,68,68,68,68,64,54,47,47,47,40,40,39,39,39,39,12,68,68,68,68,55,43,43,43,43,43,43,35,35,35,35,35,42],"gold":319,"neow_bonus":"REMOVE_TWO","is_daily":false,"chose_seed":false,"campfire_upgraded":6,"win_rate":0.0,"timestamp":1612453502,"path_taken":["M","?","M","?","M","R","?","R","T","?","R","?","?","?","R","BOSS","M","?","?","$","M","E","M","M","T","?","?","?","R","?","R","BOSS","M","M","?","?","?","$","?","M","T","?","E","M","E","M","R","BOSS"],"items_purchased_type":["Card","Card","Card","Card","Relic","Card","Card","Relic","Card","Potion","Potion","Card","Card","Relic"],"build_version":"2020-12-22","purchased_purges":4,"victory":true,"max_hp_per_floor":[68,68,68,68,68,68,68,68,68,68,68,68,68,68,68,68,68,68,68,68,68,68,68,68,68,68,68,68,68,68,68,68,68,68,68,68,68,68,68,68,68,68,68,68,68,68,68,68,68,68],"card_choices":[{"not_picked":["blackbeard:ChaoticDefense","blackbeard:WiseDefense"],"picked":"blackbeard:CannonballSupply","floor":1.0},{"not_picked":["blackbeard:Recklessness","blackbeard:Sharpening","blackbeard:Shrapnel"],"picked":"SKIP","floor":3.0},{"not_picked":["blackbeard:Toast","blackbeard:GoldenStrike"],"picked":"blackbeard:BuriedTreasure","floor":4.0},{"not_picked":["blackbeard:BeatUp","blackbeard:Halberd"],"picked":"blackbeard:Toast","floor":5.0},{"not_picked":["blackbeard:SmithingHammer","blackbeard:TacticalRetreat","blackbeard:Fencing"],"picked":"SKIP","floor":12.0},{"not_picked":["blackbeard:UndeadForm","blackbeard:Murder"],"picked":"blackbeard:ReapersScythe","floor":16.0},{"not_picked":["blackbeard:CloakAndCannonball+1","blackbeard:Sharpening+1"],"picked":"blackbeard:TerrorOfTheSeas","floor":18.0},{"not_picked":["blackbeard:Fencing","blackbeard:PirateHook"],"picked":"blackbeard:CannonballSupply","floor":22.0},{"not_picked":["blackbeard:RearmingStrike","blackbeard:Boarding","blackbeard:BlindAttacks+1"],"picked":"SKIP","floor":23.0},{"not_picked":["blackbeard:Fencing+1","blackbeard:Revenge+1"],"picked":"blackbeard:PirateEarring+1","floor":24.0},{"not_picked":["blackbeard:Dagger","blackbeard:Eyepatch","blackbeard:Shrapnel"],"picked":"SKIP","floor":25.0},{"not_picked":["blackbeard:BuriedTreasure","blackbeard:WeaponProficiency"],"picked":"blackbeard:SwordDance+1","floor":27.0},{"not_picked":["blackbeard:CloakAndCannonball","blackbeard:Shrapnel"],"picked":"blackbeard:AgileStrike","floor":29.0},{"not_picked":["blackbeard:TheDrunkenSailor","blackbeard:HumongousCannonball"],"picked":"blackbeard:BountyHunter","floor":33.0},{"not_picked":["blackbeard:BuriedTreasure","blackbeard:Sharpening+1"],"picked":"blackbeard:GoldenCannonball+1","floor":35.0},{"not_picked":["blackbeard:ChaoticDefense","blackbeard:Spear+1"],"picked":"blackbeard:Toast+1","floor":36.0},{"not_picked":["blackbeard:Dagger","blackbeard:CloakAndCannonball+1"],"picked":"blackbeard:GoldenDefense+1","floor":38.0},{"not_picked":["blackbeard:Eyepatch+1","blackbeard:RearmingStrike+1"],"picked":"blackbeard:GoldenStrike","floor":39.0},{"not_picked":["blackbeard:BeatUp+1","blackbeard:RearmingStrike+1","blackbeard:Fencing+1"],"picked":"SKIP","floor":42.0},{"not_picked":["blackbeard:Dagger","blackbeard:VengefulSpirit+1"],"picked":"blackbeard:TacticalRetreat+1","floor":45.0},{"not_picked":["blackbeard:Boarding+1","blackbeard:DeadlyArsenal+1"],"picked":"blackbeard:BrownPants+1","floor":46.0},{"not_picked":["blackbeard:BuriedTreasure+1","blackbeard:PiratesWill+1"],"picked":"blackbeard:CaptainsHat","floor":47},{"not_picked":["blackbeard:Shrapnel+1","blackbeard:RearmingStrike+1"],"picked":"blackbeard:DoubleBottom+1","floor":48}],"player_experience":82600,"relics_obtained":[{"floor":9.0,"key":"Centennial Puzzle"},{"floor":23.0,"key":"Pocketwatch"},{"floor":26.0,"key":"Runesmith:Nanobots"},{"floor":34.0,"key":"Potion Belt"},{"floor":34.0,"key":"Mercury Hourglass"},{"floor":34.0,"key":"Ice Cream"},{"floor":39.0,"key":"Peace Pipe"},{"floor":43.0,"key":"Mummified Hand"},{"floor":45.0,"key":"Vajra"},{"floor":47,"key":"Pantograph"}],"event_choices":[{"cards_removed":["blackbeard:BlackbeardStrike"],"damage_healed":0.0,"max_hp_gain":0.0,"max_hp_loss":0.0,"gold_gain":0.0,"event_name":"Purifier","player_choice":"Purged","floor":2.0,"gold_loss":0.0,"damage_taken":0.0},{"cards_removed":["blackbeard:BlackbeardStrike"],"damage_healed":0.0,"max_hp_gain":0.0,"max_hp_loss":0.0,"gold_gain":0.0,"event_name":"The Cleric","player_choice":"Card Removal","floor":7.0,"gold_loss":50.0,"damage_taken":0.0},{"damage_healed":0.0,"max_hp_gain":0.0,"max_hp_loss":0.0,"gold_gain":0.0,"event_name":"FaceTrader","player_choice":"Trade","floor":10.0,"gold_loss":0.0,"damage_taken":0.0,"relics_obtained":["SsserpentHead"]},{"cards_removed":["blackbeard:BlackbeardDefend"],"damage_healed":0.0,"max_hp_gain":0.0,"max_hp_loss":0.0,"gold_gain":0.0,"event_name":"Golden Wing","player_choice":"Card Removal","floor":14.0,"gold_loss":0.0,"damage_taken":7.0},{"damage_healed":0.0,"max_hp_gain":0.0,"max_hp_loss":0.0,"gold_gain":0.0,"event_name":"Addict","player_choice":"Obtained Relic","floor":19.0,"gold_loss":85.0,"damage_taken":0.0,"relics_obtained":["Orichalcum"]},{"damage_healed":0.0,"max_hp_gain":0.0,"max_hp_loss":0.0,"gold_gain":275.0,"event_name":"Golden Shrine","player_choice":"Desecrate","floor":20.0,"gold_loss":0.0,"damage_taken":0.0,"cards_obtained":["Regret"]},{"damage_healed":0.0,"max_hp_gain":0.0,"max_hp_loss":0.0,"gold_gain":0.0,"event_name":"Accursed Blacksmith","player_choice":"Forge","floor":28.0,"gold_loss":0.0,"damage_taken":0.0,"cards_upgraded":["blackbeard:BrownPants"]},{"damage_healed":0.0,"max_hp_gain":0.0,"max_hp_loss":0.0,"gold_gain":0.0,"event_name":"SecretPortal","player_choice":"Ignored","floor":37.0,"gold_loss":0.0,"damage_taken":0.0},{"damage_healed":0.0,"max_hp_gain":0.0,"max_hp_loss":0.0,"gold_gain":0.0,"event_name":"Mysterious Sphere","player_choice":"Fight","floor":39.0,"gold_loss":0.0,"damage_taken":0.0},{"damage_healed":0.0,"max_hp_gain":0.0,"max_hp_loss":0.0,"gold_gain":0.0,"event_name":"Tomb of Lord Red Mask","player_choice":"Ignored","floor":41.0,"gold_loss":0.0,"damage_taken":0.0}],"is_beta":false,"boss_relics":[{"not_picked":["Pandora\u0027s Box","SacredBark"],"picked":"blackbeard:LoadTheGoldenCannons"},{"not_picked":["blackbeard:SoberMinded","Black Star"],"picked":"Calling Bell"}],"items_purged_floors":[13,21,31,40],"is_endless":false,"potions_floor_spawned":[1,5,18,24,25,33,35,42,47,48],"ascension_level":0}}