{"host":"v86vpwf004p2esb7","time":1612482942,"event":{"mods":["AchievementEnabler","BaseMod","BetterRewards","Colored Powertips","Minty Spire (QoL Compilation)","Quick Restart","StSLib","Transform Curses"],"gold_per_floor":[118,118,131,144,160,160,199,199,199,199,228,272,272,307,307,421,430,464,563,601,601,635,679,713,713,713],"floor_reached":25,"language":"ENG","playtime":1258,"items_purged":[],"score":258,"play_id":"e9aa073f-98fd-406a-9799-d16bdf30573d","local_time":"20210204155542","is_ascension_mode":false,"campfire_choices":[{"floor":6,"key":"REST"},{"floor":8,"key":"REST"},{"data":"Cloak And Dagger","floor":10,"key":"SMITH"},{"floor":13,"key":"REST"},{"data":"Accuracy","floor":15,"key":"SMITH"}],"circlet_count":0,"master_deck":["Strike_G","Strike_G","Strike_G","Strike_G","Strike_G","Defend_G","Defend_G","Defend_G","Defend_G","Defend_G","Survivor","Neutralize","Accuracy+1","Noxious Fumes","Dagger Spray","Cloak And Dagger+1","Flying Knee","Noxious Fumes","Well Laid Plans","Slice","Bane","Finisher","Backstab","Deadly Poison+1","Deadly Poison+1","Dagger Throw","Cloak And Dagger+1","Night Terror+1","Adrenaline+1","CurseOfTheBell","Accuracy+1","Finisher","Poisoned Stab+1","Dodge and Roll+1","Poisoned Stab+1","Cloak And Dagger+1","Venomology+1","Footwork"],"relics":["Ring of the Snake","Letter Opener","Prayer Wheel","CeramicFish","Toxic Egg 2","Bottled Tornado","Calling Bell","Bag of Marbles","Question Card","FossilizedHelix","Omamori","Red Mask"],"acts_visited":["Exordium","TheCity"],"potions_floor_usage":[16,23,23,24,25],"damage_taken":[{"damage":0,"enemies":"Small Slimes","floor":1,"turns":4},{"damage":0,"enemies":"Jaw Worm","floor":3,"turns":5},{"damage":1,"enemies":"2 Louse","floor":4,"turns":3},{"damage":18,"enemies":"Exordium Thugs","floor":5,"turns":6},{"damage":18,"enemies":"Lagavulin","floor":7,"turns":8},{"damage":4,"enemies":"Blue Slaver","floor":11,"turns":4},{"damage":20,"enemies":"Gremlin Nob","floor":12,"turns":4},{"damage":0,"enemies":"Looter","floor":14,"turns":2},{"damage":17,"enemies":"The Guardian","floor":16,"turns":8},{"damage":15,"enemies":"Chosen","floor":18,"turns":5},{"damage":0,"enemies":"3 Byrds","floor":20,"turns":4},{"damage":9,"enemies":"Cultist and Chosen","floor":22,"turns":4},{"damage":29,"enemies":"Slavers","floor":23,"turns":4},{"damage":0,"enemies":"Masked Bandits","floor":24,"turns":2},{"damage":9,"enemies":"Book of Stabbing","floor":25,"turns":2}],"seed_played":"-3610796587645669001","potions_obtained":[{"floor":3,"key":"SkillPotion"},{"floor":5,"key":"SpeedPotion"},{"floor":11,"key":"CunningPotion"},{"floor":18,"key":"Explosive Potion"},{"floor":23,"key":"BlessingOfTheForge"}],"is_trial":false,"path_per_floor":["M","?","M","M","M","R","E","R","T","R","M","E","R","M","R","B",null,"M","?","M","?","M","E","?","E"],"character_chosen":"THE_SILENT","items_purchased":["Letter Opener","Accuracy","Noxious Fumes"],"campfire_rested":3,"item_purchase_floors":[0,0,0],"current_hp_per_floor":[38,38,38,37,19,40,22,43,43,43,39,19,40,40,40,23,70,55,55,55,42,33,4,4,0,0],"gold":713,"neow_bonus":"","is_daily":false,"chose_seed":false,"campfire_upgraded":2,"win_rate":0.0,"timestamp":1612482942,"path_taken":["M","?","M","M","M","R","E","R","T","R","M","E","R","M","R","BOSS","M","?","M","?","M","E","?","E"],"items_purchased_type":["Relic","Card","Card"],"build_version":"2020-12-22","purchased_purges":0,"victory":false,"max_hp_per_floor":[70,70,70,70,70,70,70,70,70,70,70,70,70,70,70,70,70,70,70,70,75,75,75,75,75,75],"card_choices":[{"not_picked":["Backflip","Dagger Throw"],"picked":"Dagger Spray","floor":1},{"not_picked":["Poisoned Stab","Slice"],"picked":"Cloak And Dagger","floor":1},{"not_picked":["Choke","Dagger Throw"],"picked":"Flying Knee","floor":3},{"not_picked":["Sucker Punch","Deflect"],"picked":"Noxious Fumes","floor":3},{"not_picked":["Concentrate","Grand Finale"],"picked":"Well Laid Plans","floor":4},{"not_picked":["Underhanded Strike","Flechettes"],"picked":"Slice","floor":4},{"not_picked":["Expertise","Dagger Spray"],"picked":"Bane","floor":5},{"not_picked":["Dagger Throw","Flying Knee"],"picked":"Finisher","floor":5},{"not_picked":["Backflip","Reflex"],"picked":"Backstab","floor":7},{"not_picked":["PiercingWail+1","Masterful Stab"],"picked":"Deadly Poison+1","floor":11},{"not_picked":["Finisher","Acrobatics+1"],"picked":"Deadly Poison+1","floor":11},{"not_picked":["Outmaneuver+1","Underhanded Strike"],"picked":"Dagger Throw","floor":12},{"not_picked":["Backflip+1","Bane"],"picked":"Cloak And Dagger+1","floor":14},{"not_picked":["Tactician+1","Slice"],"picked":"Night Terror+1","floor":14},{"not_picked":["Wraith Form v2","Tools of the Trade"],"picked":"Adrenaline+1","floor":16},{"not_picked":["Poisoned Stab","Dagger Spray","Bane+1"],"picked":"Accuracy+1","floor":18},{"not_picked":["Dagger Throw","Choke+1","Outmaneuver+1"],"picked":"Finisher","floor":18},{"not_picked":["Endless Agony+1","Escape Plan+1","PiercingWail+1"],"picked":"Poisoned Stab+1","floor":20},{"not_picked":["Backflip+1","Endless Agony","Grand Finale"],"picked":"Dodge and Roll+1","floor":20},{"not_picked":["Prepared+1","Sucker Punch","Deflect+1"],"picked":"Poisoned Stab+1","floor":22},{"not_picked":["PiercingWail+1","Outmaneuver+1","Blur+1"],"picked":"Cloak And Dagger+1","floor":22},{"not_picked":["Quick Slash","Reflex+1","Setup+1"],"picked":"Venomology+1","floor":23},{"not_picked":["Quick Slash","Slice+1","Sucker Punch"],"picked":"Footwork","floor":24}],"player_experience":257383,"relics_obtained":[{"floor":7,"key":"CeramicFish"},{"floor":9,"key":"Toxic Egg 2"},{"floor":12,"key":"Bottled Tornado"},{"floor":17,"key":"Bag of Marbles"},{"floor":17,"key":"Question Card"},{"floor":17,"key":"FossilizedHelix"},{"floor":23,"key":"Omamori"},{"floor":24,"key":"Red Mask"}],"event_choices":[{"damage_healed":0,"gold_gain":0,"player_choice":"Ignored","damage_taken":0,"max_hp_gain":0,"max_hp_loss":0,"event_name":"Golden Wing","floor":2,"gold_loss":0},{"damage_healed":0,"gold_gain":99,"player_choice":"Stole From Cult","damage_taken":0,"max_hp_gain":0,"max_hp_loss":0,"event_name":"Nest","floor":19,"gold_loss":0},{"damage_healed":0,"gold_gain":0,"player_choice":"Shed Blood","damage_taken":18,"max_hp_gain":5,"max_hp_loss":0,"event_name":"Forgotten Altar","floor":21,"gold_loss":0},{"damage_healed":0,"gold_gain":0,"player_choice":"Fought Bandits","damage_taken":0,"max_hp_gain":0,"max_hp_loss":0,"event_name":"Masked Bandits","floor":24,"gold_loss":0}],"is_beta":false,"boss_relics":[{"not_picked":["SacredBark","Runic Dome"],"picked":"Calling Bell"}],"items_purged_floors":[],"is_endless":false,"potions_floor_spawned":[3,5,11,18,23],"killed_by":"Book of Stabbing","ascension_level":0}}