{"host":"92108ef2q9tm8rod","time":1612465314,"event":{"mods":["BaseMod","Defuse TimeMaze Blight","Minty Spire (QoL Compilation)","StSLib","The Jungle"],"gold_per_floor":[115,134,147,72,87,87,114,114,141,175,206,206,222,246,246,365,365,384,408,427,118,139,139,173,173,220,220,220,255,273,309,309,434,434,458,312,312,155,171,215,234,275,299,339,378,416,416,218,218,218],"floor_reached":51,"language":"ENG","playtime":2821,"items_purged":["Cloak And Dagger","Prepared","Dark Shackles"],"score":1248,"play_id":"67b065c0-c912-4b35-bbb9-9c5a0dccb8a8","local_time":"20210204190154","daily_mods":["SealedDeck","Green Cards","Heirloom","Flight"],"is_ascension_mode":false,"campfire_choices":[{"data":"Deflect","floor":6.0,"key":"SMITH"},{"floor":8.0,"key":"REST"},{"data":"Setup","floor":15.0,"key":"SMITH"},{"data":"Catalyst","floor":23,"key":"SMITH"},{"data":"Adrenaline","floor":25,"key":"SMITH"},{"data":"Noxious Fumes","floor":27,"key":"SMITH"},{"data":"Deflect","floor":28,"key":"SMITH"},{"data":"Blur","floor":32,"key":"SMITH"},{"data":"Bouncing Flask","floor":47,"key":"SMITH"},{"data":"Deadly Poison","floor":49,"key":"SMITH"}],"circlet_count":0,"master_deck":["Bouncing Flask+1","Setup+1","Deflect+1","Blur+1","Noxious Fumes+1","Deadly Poison+1","Catalyst+1","Deflect+1","Adrenaline+1","Backflip+1","Blur+1","Corpse Explosion+1"],"relics":["Ring of the Snake","Du-Vu Doll","Bronze Scales","Smiling Mask","Toy Ornithopter","StoneCalendar","Golden Idol","Black Star","ClockworkSouvenir","PreservedInsect","Lantern","Orichalcum","Blood Vial","Darkstone Periapt","Tough Bandages","Ice Cream","Empty Cage","Snake Skull","War Paint","MealTicket","Nunchaku","Paper Crane","Art of War","Strawberry","Calipers","Whetstone","Anchor","Bag of Marbles","Centennial Puzzle","TheAbacus"],"acts_visited":["Exordium","Exordium","TheBeyond"],"potions_floor_usage":[19,21,31,40,50],"damage_taken":[{"damage":2.0,"enemies":"Small Slimes","floor":1.0,"turns":4.0},{"damage":0.0,"enemies":"Jaw Worm","floor":2.0,"turns":3.0},{"damage":0.0,"enemies":"Cultist","floor":3.0,"turns":3.0},{"damage":35.0,"enemies":"Gremlin Gang","floor":5.0,"turns":4.0},{"damage":8.0,"enemies":"3 Sentries","floor":7.0,"turns":7.0},{"damage":0.0,"enemies":"Lagavulin","floor":10.0,"turns":5.0},{"damage":9.0,"enemies":"Gremlin Nob","floor":11.0,"turns":3.0},{"damage":2.0,"enemies":"Exordium Wildlife","floor":13.0,"turns":4.0},{"damage":0.0,"enemies":"2 Fungi Beasts","floor":14.0,"turns":4.0},{"damage":4.0,"enemies":"The Guardian","floor":16.0,"turns":5.0},{"damage":0.0,"enemies":"theJungle:Flameango_and_Byrd","floor":18.0,"turns":5.0},{"damage":0,"enemies":"theJungle:5_Spyders","floor":19,"turns":7},{"damage":9,"enemies":"theJungle:2_Snecko_Cultists","floor":20,"turns":4},{"damage":2,"enemies":"theJungle:JungleHuntersEncounter","floor":22,"turns":5},{"damage":0,"enemies":"theJungle:2_Phrogs","floor":24,"turns":6},{"damage":0,"enemies":"theJungle:Cassacara","floor":29,"turns":2},{"damage":0,"enemies":"theJungle:2_Flameangoes","floor":30,"turns":5},{"damage":11,"enemies":"theJungle:MamaSnecko","floor":31,"turns":4},{"damage":0,"enemies":"theJungle:QueenSpyder","floor":33,"turns":12},{"damage":0,"enemies":"Orb Walker","floor":35,"turns":2},{"damage":0,"enemies":"3 Darklings","floor":39,"turns":2},{"damage":0,"enemies":"Reptomancer","floor":40,"turns":5},{"damage":0,"enemies":"4 Shapes","floor":41,"turns":3},{"damage":0,"enemies":"Nemesis","floor":42,"turns":3},{"damage":0,"enemies":"Giant Head","floor":44,"turns":5},{"damage":0,"enemies":"Nemesis","floor":45,"turns":3},{"damage":0,"enemies":"Giant Head","floor":46,"turns":5},{"damage":0,"enemies":"Awakened One","floor":50,"turns":10}],"seed_played":"965296791304714286","potions_obtained":[{"floor":1.0,"key":"Poison Potion"},{"floor":2.0,"key":"LiquidBronze"},{"floor":5.0,"key":"Swift Potion"},{"floor":11.0,"key":"BlessingOfTheForge"},{"floor":18.0,"key":"Strength Potion"},{"floor":24,"key":"Block Potion"},{"floor":29,"key":"SkillPotion"},{"floor":35,"key":"Ancient Potion"},{"floor":42,"key":"AttackPotion"},{"floor":44,"key":"SkillPotion"},{"floor":46,"key":"Energy Potion"}],"is_trial":true,"path_per_floor":["M","M","M","$","M","R","E","R","T","E","E","?","M","M","R","B",null,"M","M","M","$","M","R","E","R","T","R","R","E","M","E","R","B",null,"M","$","?","$","M","E","M","E","T","E","E","E","R","$","R","B",null],"character_chosen":"THE_SILENT","items_purchased":["ClockworkSouvenir","Fruit Juice","Snake Skull","War Paint","TheAbacus"],"campfire_rested":1,"item_purchase_floors":[21,21,36,38,48],"current_hp_per_floor":[68,68,68,68,33,33,25,46,46,46,42,42,40,40,40,36,65,65,65,56,66,64,64,64,64,64,64,64,64,66,59,59,61,70,70,70,70,70,70,70,70,70,70,77,77,77,77,77,77,77],"gold":218,"neow_bonus":"","is_daily":false,"chose_seed":false,"campfire_upgraded":9,"win_rate":0.0,"timestamp":1612465314,"path_taken":["M","M","M","$","M","R","E","R","T","E","E","?","M","M","R","BOSS","M","M","M","$","M","R","E","R","T","R","R","E","M","E","R","BOSS","M","$","?","$","M","E","M","E","T","E","E","E","R","$","R","BOSS"],"items_purchased_type":["Relic","Potion","Relic","Relic","Relic"],"build_version":"2020-12-22","purchased_purges":3,"victory":true,"max_hp_per_floor":[70,70,70,70,70,70,70,70,70,70,70,65,65,65,65,65,65,65,65,65,70,70,70,70,70,70,70,70,70,70,70,70,70,70,70,70,70,70,70,70,70,70,70,77,77,77,77,77,77,77],"card_choices":[{"not_picked":["Skewer","Dagger Throw","Outmaneuver"],"picked":"SKIP","floor":1.0},{"not_picked":["Backstab","Endless Agony","Poisoned Stab"],"picked":"SKIP","floor":2.0},{"not_picked":["Blade Dance","Terror"],"picked":"Deflect","floor":3.0},{"not_picked":["Cloak And Dagger","Underhanded Strike"],"picked":"Dodge and Roll","floor":5.0},{"not_picked":["Sucker Punch","Distraction","Calculated Gamble"],"picked":"SKIP","floor":7.0},{"not_picked":["Dagger Throw","Dodge and Roll"],"picked":"Adrenaline","floor":10.0},{"not_picked":["Malaise","Heel Hook","Dagger Spray"],"picked":"SKIP","floor":11.0},{"not_picked":["Poisoned Stab","Acrobatics","Dodge and Roll"],"picked":"SKIP","floor":13.0},{"not_picked":["Deadly Poison","Dash","Choke"],"picked":"SKIP","floor":14.0},{"not_picked":["PiercingWail+1","Underhanded Strike+1","Flying Knee+1"],"picked":"SKIP","floor":18.0},{"not_picked":["Infinite Blades","Riddle With Holes","Outmaneuver"],"picked":"SKIP","floor":19},{"not_picked":["Endless Agony+1","Tactician","PiercingWail"],"picked":"SKIP","floor":20},{"not_picked":["Dagger Throw","Setup+1","Flying Knee"],"picked":"SKIP","floor":22},{"not_picked":["Tools of the Trade","Blade Dance+1"],"picked":"Backflip+1","floor":24},{"not_picked":["Poisoned Stab","Backflip","Underhanded Strike"],"picked":"SKIP","floor":29},{"not_picked":["Footwork","Blade Dance","Dagger Throw+1"],"picked":"SKIP","floor":30},{"not_picked":["All Out Attack+1","Unload"],"picked":"Blur","floor":31},{"not_picked":["Adrenaline","A Thousand Cuts"],"picked":"Corpse Explosion","floor":33},{"not_picked":["Slice","Caltrops","Flying Knee"],"picked":"SKIP","floor":35},{"not_picked":["Purity","Apotheosis"],"picked":"Dark Shackles","floor":37},{"not_picked":["Deflect","Predator+1","Deadly Poison"],"picked":"SKIP","floor":39},{"not_picked":["Outmaneuver+1","Deadly Poison+1","Flying Knee"],"picked":"SKIP","floor":40},{"not_picked":["Expertise","Quick Slash","Setup+1"],"picked":"SKIP","floor":41},{"not_picked":["Prepared","Quick Slash","Setup+1"],"picked":"SKIP","floor":42},{"not_picked":["Quick Slash","Finisher","Terror"],"picked":"SKIP","floor":44},{"not_picked":["All Out Attack+1","Dash","Prepared+1"],"picked":"SKIP","floor":45},{"not_picked":["Concentrate+1","Blade Dance+1","Sucker Punch"],"picked":"SKIP","floor":46}],"player_experience":3385487,"relics_obtained":[{"floor":7.0,"key":"Bronze Scales"},{"floor":9.0,"key":"Smiling Mask"},{"floor":10.0,"key":"Toy Ornithopter"},{"floor":11.0,"key":"StoneCalendar"},{"floor":24,"key":"PreservedInsect"},{"floor":24,"key":"Lantern"},{"floor":26,"key":"Orichalcum"},{"floor":29,"key":"Blood Vial"},{"floor":29,"key":"Darkstone Periapt"},{"floor":31,"key":"Tough Bandages"},{"floor":31,"key":"Ice Cream"},{"floor":40,"key":"MealTicket"},{"floor":40,"key":"Nunchaku"},{"floor":42,"key":"Paper Crane"},{"floor":43,"key":"Art of War"},{"floor":44,"key":"Strawberry"},{"floor":44,"key":"Calipers"},{"floor":45,"key":"Whetstone"},{"floor":45,"key":"Anchor"},{"floor":46,"key":"Bag of Marbles"},{"floor":46,"key":"Centennial Puzzle"}],"event_choices":[{"damage_healed":0.0,"max_hp_gain":0.0,"max_hp_loss":5.0,"gold_gain":0.0,"event_name":"Golden Idol","player_choice":"Lose Max HP","floor":12.0,"gold_loss":0.0,"damage_taken":0.0,"relics_obtained":["Golden Idol"]},{"damage_healed":0,"gold_gain":0,"player_choice":"Memory 1","damage_taken":0,"max_hp_gain":0,"max_hp_loss":0,"event_name":"SensoryStone","floor":37,"gold_loss":0}],"is_beta":false,"boss_relics":[{"not_picked":["Coffee Dripper","Runic Pyramid"],"picked":"Black Star"},{"not_picked":["Cursed Key","Velvet Choker"],"picked":"Empty Cage"}],"items_purged_floors":[4,21,48],"is_endless":false,"potions_floor_spawned":[1,2,5,11,18,24,29,35,42,44,46],"ascension_level":0}}