{"host":"q5l3nirlejh5mn15","time":1612443572,"event":{"mods":["100% Spire Juice","BaseMod","Energized Spire","Hermit","Koishi","Marisa£®ÏF”Í°°ƒß¿Ì…≥£©","Minty Spire (QoL Compilation)","Reimu£®≤©¿ˆ¡È√Œ£©","Relic Filter Mod","Reliquary","Remilia£®¿Ÿ√◊¿Ú—«£©","RumiaBox-¬∂√◊Ê´µƒ…Ò√ÿ∫–◊”","Spicy Shops","StSLib","The Hierophant","The Servant 0.9.4","[IsaacMod]“‘»ˆº‚À˛","°æπ¶ƒ‹Mod°øªÏ„Á÷Æª∑–ﬁ∏¥≤π∂°"],"gold_per_floor":[112,125,138,138,30,58,77,77,77,89,112,128,157,192,192,288,48,67,27,27,27,27],"floor_reached":21,"language":"ZHS","playtime":854,"items_purged":[],"score":241,"play_id":"793557ca-f61f-471d-bf15-cd1c6c4524e0","local_time":"20210204205932","is_ascension_mode":false,"campfire_choices":[{"data":"Moonworks:Accelerator","floor":8,"key":"SMITH"},{"floor":15,"key":"REST"}],"circlet_count":0,"master_deck":["Moonworks:Strike","Moonworks:Strike","Moonworks:Strike","Moonworks:Strike","Moonworks:Defend","Moonworks:Defend","Moonworks:Defend","Moonworks:Defend","Moonworks:Ambush","Moonworks:LongDistanceShot","Moonworks:DevilHand","Moonworks:JonathanRush","Moonworks:JonathanRush","Moonworks:CloudOfSeagulls","Pride","Moonworks:Accelerator+1","Moonworks:JonathanRush","Moonworks:JonathanRush","Moonworks:ShieldCounter","Moonworks:NicePresent"],"relics":["Moonworks:BrokenBomb","Moonworks:Homemark","HushsDoor","PokeGo","NeowsBlessing","AddBug","SecretRecord","Baka","SecretRecord","SecretRecord","SecretRecord"],"acts_visited":["Exordium","TheCity"],"potions_floor_usage":[21],"damage_taken":[{"damage":0.0,"enemies":"Cultist","floor":1.0,"turns":1.0},{"damage":0.0,"enemies":"2 Louse","floor":2.0,"turns":1.0},{"damage":0.0,"enemies":"Jaw Worm","floor":3.0,"turns":1.0},{"damage":0,"enemies":"3 Sentries","floor":6,"turns":6},{"damage":0,"enemies":"Gremlin Gang","floor":7,"turns":5},{"damage":15,"enemies":"3 Louse","floor":10,"turns":5},{"damage":14,"enemies":"The Mushroom Lair","floor":11,"turns":3},{"damage":0,"enemies":"Blue Slaver","floor":12,"turns":3},{"damage":0,"enemies":"Looter","floor":13,"turns":2},{"damage":2,"enemies":"Lagavulin","floor":14,"turns":4},{"damage":2,"enemies":"Hexaghost","floor":16,"turns":7},{"damage":33,"enemies":"2 Thieves","floor":18,"turns":4},{"damage":37,"enemies":"Masked Bandits","floor":21,"turns":3}],"seed_played":"-1144882594395571470","potions_obtained":[{"floor":7,"key":"EssenceOfSteel"},{"floor":10,"key":"Weak Potion"},{"floor":11,"key":"Dexterity Potion"},{"floor":12,"key":"LiquidMemories"}],"is_trial":false,"path_per_floor":["M","M","M","?","$","E","M","R","T","M","?","M","M","E","R","B",null,"M","?","?","?"],"character_chosen":"THE_STARBREAKER","items_purchased":["Moonworks:CloudOfSeagulls","BFFS","GuppysTail"],"campfire_rested":1,"item_purchase_floors":[5,5,17],"current_hp_per_floor":[60,60,60,60,60,60,60,60,60,45,31,31,31,29,47,45,50,17,17,34,0,0],"gold":27,"neow_bonus":"THREE_ENEMY_KILL","is_daily":false,"chose_seed":false,"campfire_upgraded":1,"win_rate":0.0,"timestamp":1612443572,"path_taken":["M","M","?","?","$","E","M","R","T","?","?","M","M","E","R","BOSS","M","?","?","?"],"items_purchased_type":["Card","Relic","Relic"],"build_version":"2020-12-22","purchased_purges":0,"victory":false,"max_hp_per_floor":[60,60,60,60,60,60,60,60,60,60,60,60,60,60,60,60,50,50,50,50,50,50],"card_choices":[{"not_picked":["Moonworks:IndiscriminateFireSupport","Moonworks:DeployBits"],"picked":"Moonworks:DevilHand","floor":1.0},{"not_picked":["Moonworks:ImOnFire","Moonworks:DeployBits"],"picked":"Moonworks:JonathanRush","floor":2.0},{"not_picked":["Moonworks:MiracleRedBeanIceCream","Moonworks:NicePresent"],"picked":"Moonworks:JonathanRush","floor":3.0},{"not_picked":["Moonworks:TacticalRetreat","Moonworks:MixPhenomenon"],"picked":"Moonworks:Accelerator","floor":6},{"not_picked":["Moonworks:ForcedRevival","Moonworks:DeployBits","Moonworks:x16BigRocket"],"picked":"SKIP","floor":7},{"not_picked":["Moonworks:CastOff","Moonworks:EvilSpyWorkPreparation"],"picked":"Moonworks:JonathanRush","floor":10},{"not_picked":["Moonworks:SakisCookie","Moonworks:EvilSpyWorkPreparation"],"picked":"Moonworks:JonathanRush","floor":12},{"not_picked":["Moonworks:DeployBits","Moonworks:UnluckyCharm"],"picked":"Moonworks:ShieldCounter","floor":13},{"not_picked":["Moonworks:DeployBits","Moonworks:BigMagnum","Moonworks:StarBlastingFuse"],"picked":"SKIP","floor":14},{"not_picked":["Moonworks:RagingMadness+1","Moonworks:CompletionReward"],"picked":"Moonworks:NicePresent","floor":18}],"player_experience":164944,"relics_obtained":[{"floor":1.0,"key":"AddBug"},{"floor":1.0,"key":"Baka"},{"floor":6,"key":"reliquary:Stiletto"},{"floor":9,"key":"GodSword6"},{"floor":10,"key":"SecretRecord"},{"floor":11,"key":"Odd Mushroom"},{"floor":14,"key":"Toy Ornithopter"},{"floor":16,"key":"SecretRecord"},{"floor":18,"key":"SecretRecord"}],"event_choices":[{"damage_healed":0,"gold_gain":0,"player_choice":"Fled","damage_taken":0,"max_hp_gain":0,"max_hp_loss":0,"event_name":"Scrap Ooze","floor":4,"gold_loss":0},{"damage_healed":0,"gold_gain":0,"player_choice":"Fought Mushrooms","damage_taken":0,"max_hp_gain":0,"max_hp_loss":0,"event_name":"Mushrooms","floor":11,"gold_loss":0},{"damage_healed":17,"gold_gain":0,"player_choice":"Heal","damage_taken":0,"max_hp_gain":0,"max_hp_loss":0,"event_name":"The Library","floor":20,"gold_loss":0},{"damage_healed":0,"gold_gain":0,"player_choice":"Fought Bandits","damage_taken":0,"max_hp_gain":0,"max_hp_loss":0,"event_name":"Masked Bandits","floor":21,"gold_loss":0}],"is_beta":false,"boss_relics":[{"not_picked":["energizedSpire:CursedPentagram","energizedSpire:EnergizedDie"],"picked":"SlaversCollar"},{"not_picked":[]}],"items_purged_floors":[],"is_endless":false,"potions_floor_spawned":[7,10,11,12,14],"killed_by":"Masked Bandits","ascension_level":0}}