{"host":"49c2zf0lajbcs427","time":1612430361,"event":{"mods":["AchievementEnabler","BaseMod","Colored Map","Colored Powertips","Highlight Path","Key Reminder","Minty Spire (QoL Compilation)","Relic Stats","StSLib"],"gold_per_floor":[111,126,126,138,158,190,190,209,264,289,289,309,309,328,328,426,426,442,460,410,214,233,261,279,298,298,298,298,332,332,349,349,450,450,461,461,104,121,171,171,201,212,212,212,232,250,250,301,301,301,301,301,101,131,131],"floor_reached":56,"language":"ENG","playtime":4358,"items_purged":["Strike_P","Strike_P","Defend_P"],"score":1306,"play_id":"b0b031af-8810-4fff-be40-12edf46d579d","local_time":"20210204221921","is_ascension_mode":false,"campfire_choices":[{"data":"Eruption","floor":7.0,"key":"SMITH"},{"data":"Omniscience","floor":11.0,"key":"SMITH"},{"data":"CrushJoints","floor":13.0,"key":"SMITH"},{"data":"WaveOfTheHand","floor":15.0,"key":"SMITH"},{"data":"Vault","floor":27.0,"key":"SMITH"},{"floor":30.0,"key":"REST"},{"data":"TalkToTheHand","floor":32.0,"key":"SMITH"},{"floor":40.0,"key":"REST"},{"floor":47.0,"key":"RECALL"},{"floor":49,"key":"REST"},{"floor":52,"key":"REST"}],"circlet_count":0,"master_deck":["Strike_P","Defend_P+1","Defend_P+1","Eruption+1","Vigilance+1","CrushJoints+1","FollowUp+1","WheelKick+1","FlurryOfBlows+1","Omniscience+1","WaveOfTheHand+1","JustLucky+1","Vault+1","MentalFortress+1","TalkToTheHand+1","MentalFortress+1","Worship","Meditate+1","LessonLearned","Tantrum","TalkToTheHand+1","TalkToTheHand+1","ClearTheMind+1","FearNoEvil+1","Wireheading"],"relics":["Runic Pyramid","Centennial Puzzle","PreservedInsect","InkBottle","Empty Cage","Bag of Preparation","Mercury Hourglass","Blue Candle","Fusion Hammer","TeardropLocket","Mango","Prayer Wheel","GoldenEye","Pen Nib"],"acts_visited":["Exordium","TheCity","TheBeyond","TheEnding"],"potions_floor_usage":[55,55],"damage_taken":[{"damage":1.0,"enemies":"Jaw Worm","floor":1.0,"turns":3.0},{"damage":2.0,"enemies":"Small Slimes","floor":2.0,"turns":3.0},{"damage":0.0,"enemies":"Cultist","floor":4.0,"turns":3.0},{"damage":6.0,"enemies":"Exordium Wildlife","floor":5.0,"turns":4.0},{"damage":0.0,"enemies":"Lagavulin","floor":6.0,"turns":4.0},{"damage":1.0,"enemies":"2 Fungi Beasts","floor":8.0,"turns":3.0},{"damage":4.0,"enemies":"3 Sentries","floor":10.0,"turns":4.0},{"damage":0.0,"enemies":"Blue Slaver","floor":12.0,"turns":3.0},{"damage":0.0,"enemies":"Gremlin Gang","floor":14.0,"turns":3.0},{"damage":0.0,"enemies":"Slime Boss","floor":16.0,"turns":4.0},{"damage":2.0,"enemies":"Shell Parasite","floor":18.0,"turns":3.0},{"damage":12.0,"enemies":"2 Thieves","floor":19.0,"turns":4.0},{"damage":8.0,"enemies":"Snecko","floor":22.0,"turns":6.0},{"damage":3.0,"enemies":"Book of Stabbing","floor":23.0,"turns":4.0},{"damage":4.0,"enemies":"Cultist and Chosen","floor":24.0,"turns":5.0},{"damage":13.0,"enemies":"Shelled Parasite and Fungi","floor":25.0,"turns":4.0},{"damage":15.0,"enemies":"Slavers","floor":29.0,"turns":4.0},{"damage":2.0,"enemies":"Centurion and Healer","floor":31.0,"turns":5.0},{"damage":9.0,"enemies":"Automaton","floor":33.0,"turns":6.0},{"damage":22.0,"enemies":"3 Shapes","floor":35.0,"turns":6.0},{"damage":0.0,"enemies":"Orb Walker","floor":38.0,"turns":3.0},{"damage":0.0,"enemies":"Mind Bloom Boss Battle","floor":39.0,"turns":5.0},{"damage":0.0,"enemies":"Nemesis","floor":41.0,"turns":3.0},{"damage":0.0,"enemies":"Spire Growth","floor":42.0,"turns":4.0},{"damage":1.0,"enemies":"Writhing Mass","floor":45.0,"turns":5.0},{"damage":0.0,"enemies":"Maw","floor":46.0,"turns":6.0},{"damage":0,"enemies":"2 Orb Walkers","floor":48,"turns":4},{"damage":59,"enemies":"Donu and Deca","floor":50,"turns":11},{"damage":17,"enemies":"Shield and Spear","floor":54,"turns":5},{"damage":3,"enemies":"The Heart","floor":55,"turns":7}],"seed_played":"-6986453982923695662","potions_obtained":[{"floor":4.0,"key":"Ancient Potion"},{"floor":6.0,"key":"Regen Potion"},{"floor":12.0,"key":"BlessingOfTheForge"},{"floor":14.0,"key":"StancePotion"},{"floor":23.0,"key":"Fire Potion"},{"floor":24.0,"key":"Strength Potion"},{"floor":29.0,"key":"BlessingOfTheForge"},{"floor":33.0,"key":"AttackPotion"},{"floor":35.0,"key":"StancePotion"},{"floor":46.0,"key":"PowerPotion"}],"is_trial":false,"path_per_floor":["M","M","?","M","M","E","R","M","T","E","R","M","R","M","R","B",null,"M","M","?","$","M","E","M","M","T","R","?","E","R","M","R","B",null,"M","?","$","M","?","R","E","M","T","?","M","M","R","?","R","B",null,"R","$","E","B",null],"character_chosen":"WATCHER","items_purchased":["TalkToTheHand","MentalFortress","TeardropLocket","Wireheading"],"campfire_rested":4,"item_purchase_floors":[21,21,37,53],"current_hp_per_floor":[71,69,69,69,63,63,63,62,62,58,58,58,58,58,58,58,72,70,58,58,58,50,47,43,30,30,30,17,14,37,35,35,26,77,55,55,55,55,69,91,91,91,91,91,90,90,90,90,91,32,91,91,91,74,71],"gold":131,"neow_bonus":"BOSS_RELIC","is_daily":false,"chose_seed":false,"campfire_upgraded":6,"win_rate":0.0,"timestamp":1612430361,"path_taken":["M","M","?","M","M","E","R","M","T","E","R","M","R","M","R","BOSS","M","M","?","$","?","E","M","M","T","R","?","E","R","M","R","BOSS","M","?","$","M","?","R","E","M","T","?","?","M","R","?","R","BOSS","R","$","E","BOSS"],"items_purchased_type":["Card","Card","Relic","Card"],"build_version":"2020-12-22","purchased_purges":3,"victory":true,"max_hp_per_floor":[72,72,72,72,72,72,72,72,72,72,72,72,72,72,72,72,72,72,72,72,72,72,72,72,72,72,72,77,77,77,77,77,77,77,77,77,77,77,91,91,91,91,91,91,91,91,91,91,91,91,91,91,91,91,91],"relic_stats":{"Centennial Puzzle":[45],"counters":[30,134],"Blue Candle":[0],"Prayer Wheel":3,"PreservedInsect":227,"Pen Nib":[2],"Bag of Preparation":[32],"GoldenEye":[25],"obtain_stats":[{"Blue Candle":29,"Mango":39,"PreservedInsect":9,"Pen Nib":54,"Bag of Preparation":23,"TeardropLocket":37,"Empty Cage":17,"GoldenEye":48,"Mercury Hourglass":26,"keyreminder:keyreminder":41,"Centennial Puzzle":6,"Prayer Wheel":41,"Fusion Hammer":34,"PureWater":0,"InkBottle":10,"Runic Pyramid":0},{"Blue Candle":17,"Mango":22,"PreservedInsect":6,"Pen Nib":29,"Bag of Preparation":14,"TeardropLocket":20,"Empty Cage":10,"GoldenEye":27,"Mercury Hourglass":16,"keyreminder:keyreminder":23,"Centennial Puzzle":5,"Prayer Wheel":23,"Fusion Hammer":19,"PureWater":0,"InkBottle":7,"Runic Pyramid":0},{"Blue Candle":64,"Mango":89,"PreservedInsect":20,"Pen Nib":127,"Bag of Preparation":51,"TeardropLocket":81,"Empty Cage":34,"GoldenEye":111,"Mercury Hourglass":60,"keyreminder:keyreminder":92,"Centennial Puzzle":17,"Prayer Wheel":92,"Fusion Hammer":75,"PureWater":0,"InkBottle":24,"Runic Pyramid":0}],"InkBottle":[46],"Mercury Hourglass":[303]},"card_choices":[{"not_picked":["CarveReality","CutThroughFate"],"picked":"CrushJoints","floor":1.0},{"not_picked":["SignatureMove","BowlingBash"],"picked":"FollowUp","floor":2.0},{"not_picked":["Adaptation","BowlingBash"],"picked":"WheelKick","floor":4.0},{"not_picked":["CrushJoints","FlyingSleeves","CutThroughFate"],"picked":"SKIP","floor":5.0},{"not_picked":["SashWhip","ClearTheMind"],"picked":"FlurryOfBlows","floor":6.0},{"not_picked":["CutThroughFate","EmptyBody"],"picked":"Omniscience","floor":8.0},{"not_picked":["SashWhip","BowlingBash"],"picked":"WaveOfTheHand","floor":10.0},{"not_picked":["EmptyFist","CarveReality","Evaluate"],"picked":"SKIP","floor":12.0},{"not_picked":["CutThroughFate","SignatureMove"],"picked":"JustLucky","floor":14.0},{"not_picked":["Ragnarok","Devotion"],"picked":"Vault","floor":16.0},{"not_picked":["CarveReality","Pray","ClearTheMind"],"picked":"SKIP","floor":18.0},{"not_picked":["Evaluate+1","Pray+1"],"picked":"MentalFortress+1","floor":19.0},{"not_picked":["FlurryOfBlows","Perseverance","Consecrate"],"picked":"SKIP","floor":22.0},{"not_picked":["Scrawl","Perseverance","EmptyMind"],"picked":"SKIP","floor":23.0},{"not_picked":["FollowUp+1","Evaluate","EmptyFist"],"picked":"SKIP","floor":24.0},{"not_picked":["PathToVictory+1","EmptyBody"],"picked":"Worship","floor":25.0},{"not_picked":["SandsOfTime+1","Evaluate","Sanctity"],"picked":"SKIP","floor":29.0},{"not_picked":["CutThroughFate+1","ClearTheMind"],"picked":"Meditate+1","floor":31.0},{"not_picked":["MasterReality","Wish"],"picked":"LessonLearned","floor":33.0},{"not_picked":["EmptyFist+1","PathToVictory+1","Halt"],"picked":"SKIP","floor":35.0},{"not_picked":["FollowUp+1","Halt+1"],"picked":"Tantrum","floor":38.0},{"not_picked":["Collect+1","CrushJoints"],"picked":"TalkToTheHand+1","floor":39.0},{"not_picked":["Meditate+1","Consecrate+1"],"picked":"TalkToTheHand+1","floor":41.0},{"not_picked":["BowlingBash","Consecrate+1","Pray+1"],"picked":"SKIP","floor":42.0},{"not_picked":["Consecrate+1","FlyingSleeves+1","JustLucky+1"],"picked":"SKIP","floor":42.0},{"not_picked":["Consecrate","SandsOfTime+1"],"picked":"ClearTheMind+1","floor":45.0},{"not_picked":["LessonLearned","Conclude+1","EmptyFist+1"],"picked":"SKIP","floor":45.0},{"not_picked":["FlurryOfBlows","BattleHymn+1","LessonLearned"],"picked":"SKIP","floor":46.0},{"not_picked":["FollowUp","Adaptation","CarveReality+1"],"picked":"SKIP","floor":46.0},{"not_picked":["BattleHymn","CrushJoints+1"],"picked":"FearNoEvil","floor":48},{"not_picked":["SashWhip+1","Crescendo+1","EmptyFist+1"],"picked":"SKIP","floor":54}],"player_experience":2394242,"relics_obtained":[{"floor":6.0,"key":"Centennial Puzzle"},{"floor":9.0,"key":"PreservedInsect"},{"floor":10.0,"key":"InkBottle"},{"floor":23.0,"key":"Bag of Preparation"},{"floor":26.0,"key":"Mercury Hourglass"},{"floor":29.0,"key":"Blue Candle"},{"floor":39.0,"key":"Mango"},{"floor":41.0,"key":"Prayer Wheel"},{"floor":48,"key":"GoldenEye"},{"floor":54,"key":"Pen Nib"}],"event_choices":[{"damage_healed":0.0,"max_hp_gain":0.0,"max_hp_loss":0.0,"gold_gain":0.0,"event_name":"Liars Game","player_choice":"Ignored","floor":3.0,"gold_loss":0.0,"damage_taken":0.0},{"damage_healed":0.0,"max_hp_gain":0.0,"max_hp_loss":0.0,"gold_gain":0.0,"event_name":"The Joust","player_choice":"Bet on Murderer","floor":20.0,"gold_loss":50.0,"damage_taken":0.0},{"damage_healed":0.0,"max_hp_gain":5.0,"max_hp_loss":0.0,"gold_gain":0.0,"event_name":"Forgotten Altar","player_choice":"Shed Blood","floor":28.0,"gold_loss":0.0,"damage_taken":18.0},{"damage_healed":0.0,"max_hp_gain":0.0,"max_hp_loss":0.0,"gold_gain":0.0,"event_name":"Tomb of Lord Red Mask","player_choice":"Ignored","floor":36.0,"gold_loss":0.0,"damage_taken":0.0},{"damage_healed":0.0,"max_hp_gain":0.0,"max_hp_loss":0.0,"gold_gain":0.0,"event_name":"MindBloom","player_choice":"Fight","floor":39.0,"gold_loss":0.0,"damage_taken":0.0},{"damage_healed":0.0,"max_hp_gain":0.0,"max_hp_loss":0.0,"gold_gain":0.0,"event_name":"SecretPortal","player_choice":"Ignored","floor":44.0,"gold_loss":0.0,"damage_taken":0.0},{"damage_healed":0,"gold_gain":0,"player_choice":"Fight","damage_taken":0,"max_hp_gain":0,"max_hp_loss":0,"event_name":"Mysterious Sphere","floor":48,"gold_loss":0}],"is_beta":false,"boss_relics":[{"not_picked":["SacredBark","Snecko Eye"],"picked":"Empty Cage"},{"not_picked":["Calling Bell","Black Star"],"picked":"Fusion Hammer"}],"items_purged_floors":[21,37,53],"is_endless":false,"potions_floor_spawned":[4,6,12,14,23,24,29,33,35,39,42,46],"ascension_level":0}}