{"host":"prxrhpgaxnj4om9r","time":1612440694,"event":{"mods":["AchievementEnabler","BaseMod","Minty Spire (QoL Compilation)"],"gold_per_floor":[117,134,134,134,149,149,149,193,218,293,312,312,326,326,326,454,454,478,478,276,201,225,225,100,119,119,142,165,179,179,223,223,223,223],"floor_reached":33,"language":"KOR","playtime":1883,"items_purged":[],"score":317,"play_id":"c7f6223f-b2b5-4ae1-9f13-9fc2b98844d5","local_time":"20210204211134","is_ascension_mode":false,"campfire_choices":[{"data":"Scrawl","floor":6,"key":"SMITH"},{"data":"Eruption","floor":12,"key":"SMITH"},{"floor":15,"key":"REST"},{"data":"TalkToTheHand","floor":23,"key":"SMITH"},{"data":"Ragnarok","floor":32,"key":"SMITH"}],"circlet_count":0,"master_deck":["Strike_P","Strike_P","Strike_P","Strike_P","Defend_P+1","Defend_P","Defend_P","Eruption+1","Vigilance","Scrawl+1","Meditate","Consecrate+1","TalkToTheHand+1","FollowUp","DeusExMachina","EmptyFist","Prostrate","Protect+1","FlurryOfBlows","Ragnarok+1","Prostrate+1"],"relics":["PureWater","Ancient Tea Set","Golden Idol","Singing Bowl","Omamori","SlaversCollar","The Courier","HornCleat","ClockworkSouvenir","Gremlin Horn","MutagenicStrength","Bottled Flame"],"acts_visited":["Exordium","TheCity"],"potions_floor_usage":[8,8,27,28,29,29,31],"damage_taken":[{"damage":0,"enemies":"Jaw Worm","floor":1,"turns":4},{"damage":0,"enemies":"Small Slimes","floor":2,"turns":3},{"damage":0,"enemies":"Cultist","floor":5,"turns":2},{"damage":0,"enemies":"Gremlin Nob","floor":8,"turns":4},{"damage":0,"enemies":"Blue Slaver","floor":11,"turns":2},{"damage":0,"enemies":"Large Slime","floor":13,"turns":2},{"damage":47,"enemies":"Hexaghost","floor":16,"turns":12},{"damage":2,"enemies":"3 Byrds","floor":18,"turns":3},{"damage":2,"enemies":"Shell Parasite","floor":22,"turns":4},{"damage":0,"enemies":"3 Cultists","floor":25,"turns":5},{"damage":0,"enemies":"Shelled Parasite and Fungi","floor":27,"turns":4},{"damage":2,"enemies":"Cultist and Chosen","floor":28,"turns":4},{"damage":8,"enemies":"Snake Plant","floor":29,"turns":5},{"damage":0,"enemies":"Gremlin Leader","floor":31,"turns":1},{"damage":59,"enemies":"Automaton","floor":33,"turns":6}],"seed_played":"8497274109021645651","potions_obtained":[{"floor":1,"key":"SkillPotion"},{"floor":5,"key":"ColorlessPotion"},{"floor":16,"key":"SkillPotion"},{"floor":22,"key":"EssenceOfSteel"},{"floor":25,"key":"AttackPotion"},{"floor":27,"key":"LiquidBronze"},{"floor":29,"key":"AttackPotion"}],"is_trial":false,"path_per_floor":["M","M","?","?","M","R","$","E","T","?","M","R","M","?","R","B",null,"M","?","$","?","M","R","$","M","T","M","M","M","?","E","R","B"],"character_chosen":"WATCHER","items_purchased":["HornCleat","ClockworkSouvenir"],"campfire_rested":1,"item_purchase_floors":[20,24],"current_hp_per_floor":[72,72,65,65,65,65,65,65,65,54,56,56,58,44,65,18,71,69,69,69,69,69,69,69,69,69,69,67,59,59,59,59,0,0],"gold":223,"neow_bonus":"ONE_RANDOM_RARE_CARD","is_daily":false,"chose_seed":false,"campfire_upgraded":4,"win_rate":0.0,"timestamp":1612440694,"path_taken":["M","M","?","?","M","R","$","E","T","?","M","R","?","?","R","BOSS","M","?","$","?","M","R","?","M","T","?","?","M","?","E","R","BOSS"],"items_purchased_type":["Relic","Relic"],"build_version":"2020-12-22","purchased_purges":0,"victory":false,"max_hp_per_floor":[72,72,72,67,67,67,67,67,67,67,69,69,71,71,71,71,71,71,71,71,71,73,73,73,73,73,73,73,73,73,73,73,73,73],"card_choices":[{"not_picked":["DeceiveReality","SashWhip"],"picked":"Meditate","floor":1},{"not_picked":["Collect","Indignation"],"picked":"Consecrate","floor":2},{"not_picked":["ClearTheMind","FollowUp"],"picked":"TalkToTheHand","floor":5},{"not_picked":["Swivel","FlurryOfBlows"],"picked":"FollowUp","floor":8},{"not_picked":["FlyingSleeves","ForeignInfluence","Indignation"],"picked":"Singing Bowl","floor":11},{"not_picked":["PathToVictory","WaveOfTheHand","Swivel"],"picked":"Singing Bowl","floor":13},{"not_picked":["Omniscience","DevaForm"],"picked":"DeusExMachina","floor":16},{"not_picked":["Sanctity","BowlingBash"],"picked":"EmptyFist","floor":18},{"not_picked":["EmptyFist","FlurryOfBlows","CutThroughFate"],"picked":"Singing Bowl","floor":22},{"not_picked":["Crescendo","FlyingSleeves"],"picked":"Prostrate","floor":25},{"not_picked":["ThirdEye","ClearTheMind"],"picked":"Protect+1","floor":27},{"not_picked":["Protect","Crescendo"],"picked":"FlurryOfBlows","floor":28},{"not_picked":["FlurryOfBlows","WheelKick"],"picked":"Ragnarok","floor":29},{"not_picked":["Crescendo","Sanctity"],"picked":"Prostrate+1","floor":31}],"player_experience":255342,"relics_obtained":[{"floor":8,"key":"Singing Bowl"},{"floor":9,"key":"Omamori"},{"floor":26,"key":"Gremlin Horn"},{"floor":31,"key":"Bottled Flame"}],"event_choices":[{"damage_healed":0,"gold_gain":0,"player_choice":"Success","damage_taken":7,"relics_obtained":["Ancient Tea Set"],"max_hp_gain":0,"max_hp_loss":0,"event_name":"Scrap Ooze","floor":3,"gold_loss":0},{"damage_healed":0,"gold_gain":0,"player_choice":"Lose Max HP","damage_taken":0,"relics_obtained":["Golden Idol"],"max_hp_gain":0,"max_hp_loss":5,"event_name":"Golden Idol","floor":4,"gold_loss":0},{"damage_healed":0,"gold_gain":75,"player_choice":"Gather Gold","damage_taken":11,"max_hp_gain":0,"max_hp_loss":0,"event_name":"World of Goop","floor":10,"gold_loss":0},{"damage_healed":0,"gold_gain":0,"player_choice":"Entered Light","damage_taken":14,"max_hp_gain":0,"max_hp_loss":0,"event_name":"Shining Light","floor":14,"gold_loss":0,"cards_upgraded":["Consecrate","Defend_P"]},{"damage_healed":0,"gold_gain":0,"player_choice":"Stole Relic","damage_taken":0,"relics_obtained":["The Courier"],"max_hp_gain":0,"max_hp_loss":0,"event_name":"Addict","floor":19,"gold_loss":0,"cards_obtained":["Shame"]},{"cards_removed":["Defend_P"],"damage_healed":0,"gold_gain":0,"player_choice":"Gave Gold","damage_taken":0,"max_hp_gain":0,"max_hp_loss":0,"event_name":"Beggar","floor":21,"gold_loss":75},{"damage_healed":0,"gold_gain":0,"player_choice":"Inject Mutagens","damage_taken":0,"relics_obtained":["MutagenicStrength"],"max_hp_gain":0,"max_hp_loss":0,"event_name":"Drug Dealer","floor":30,"gold_loss":0}],"is_beta":false,"boss_relics":[{"not_picked":["Sozu","Empty Cage"],"picked":"SlaversCollar"}],"items_purged_floors":[],"is_endless":false,"potions_floor_spawned":[1,5,16,22,25,27,29],"killed_by":"Automaton","ascension_level":0}}