{"host":"28bpuzdckreop5i0","time":1612451730,"event":{"mods":["Aspiration","BaseMod","Beaked The Cultist","Challenge The Spire","Conspire","Defuse TimeMaze Blight","Downfall","Energized Spire","GifTheSpireLib","Googly Eyes","Hubris","Infinite Spire","Minty Spire (QoL Compilation)","Relic Stats","Replay The Spire","Shop Mod","Spicy Shops","StSLib","Stuff the Spire","The Awakened One except there are too many feathers","The Construct","The Cursed","The Disciple","The Hierophant","The IronCluck","The Runesmith","Thieving Mod","Transform Curses","Wandering Minibosses","slay the spire mod where everything is the same but ironclad has a cowboy hat"],"gold_per_floor":[119,138,158,175,195,195,195,195,195,25,25,59,70,101,101,123,123],"floor_reached":16,"language":"ENG","playtime":1342,"items_purged":[],"score":137,"play_id":"c362a63d-54ff-459a-8a77-1eaea9e0b3fb","local_time":"20210204091530","is_ascension_mode":false,"campfire_choices":[{"data":"SecondHand","floor":6,"key":"SMITH"},{"data":"PrimeTime","floor":8,"key":"SMITH"},{"data":"TickedOff","floor":11,"key":"SMITH"},{"floor":15,"key":"REST"}],"circlet_count":0,"master_deck":["Allegro","Strike_Br","Strike_Br","Strike_Br","Strike_Br","Defend_Br","Defend_Br","Defend_Br","Defend_Br","SecondHand+1","PatternShift","WindUp","BeatsPerMinute","PrimeTime+1","BlueShift","TickedOff+1","WindUp","Engulf","BlueShift","AlternateTimeline"],"relics":["Chronometer","conspire:Dentures","Replay:Kaleidoscope","hubris:Metronome","infinitespire:Midas Blood"],"acts_visited":["Exordium"],"potions_floor_usage":[16,16,16],"damage_taken":[{"damage":11,"enemies":"Cultist","floor":1,"turns":5},{"damage":2,"enemies":"2 Louse","floor":2,"turns":2},{"damage":3,"enemies":"Jaw Worm","floor":3,"turns":5},{"damage":9,"enemies":"Blue Slaver","floor":4,"turns":4},{"damage":3,"enemies":"Exordium Thugs","floor":5,"turns":5},{"damage":4,"enemies":"Gremlin Nob","floor":12,"turns":4},{"damage":10,"enemies":"Looter","floor":13,"turns":2},{"damage":0,"enemies":"Lagavulin","floor":14,"turns":4},{"damage":81,"enemies":"Fading Forest","floor":16,"turns":11}],"seed_played":"-6129071782797414891","potions_obtained":[{"floor":3,"key":"Dexterity Potion"},{"floor":12,"key":"GamblersBrew"},{"floor":13,"key":"BlessingOfTheForge"}],"is_trial":false,"path_per_floor":["M","M","M","M","M","R","?","R","T","$","R","E","M","E","R","B"],"character_chosen":"CHRONO_CLASS","items_purchased":["TickedOff","WindUp"],"campfire_rested":1,"item_purchase_floors":[10,10],"current_hp_per_floor":[60,58,55,46,43,43,43,43,43,43,43,39,29,29,50,0,0],"gold":123,"neow_bonus":"TEN_PERCENT_HP_BONUS","is_daily":false,"chose_seed":false,"campfire_upgraded":3,"win_rate":0.0,"timestamp":1612451730,"path_taken":["M","M","M","?","M","R","?","R","T","?","R","E","?","E","R","BOSS"],"items_purchased_type":["Card","Card"],"build_version":"2020-12-22","purchased_purges":0,"victory":false,"max_hp_per_floor":[71,71,71,71,71,71,71,71,71,71,71,71,71,71,71,71,71],"relic_stats":{"counters":[9,42],"obtain_stats":[{"conspire:Dentures":7,"hubris:Metronome":12,"Chronometer":0,"Replay:Kaleidoscope":9,"infinitespire:Midas Blood":14},{"conspire:Dentures":5,"hubris:Metronome":6,"Chronometer":0,"Replay:Kaleidoscope":5,"infinitespire:Midas Blood":8},{"conspire:Dentures":21,"hubris:Metronome":25,"Chronometer":0,"Replay:Kaleidoscope":21,"infinitespire:Midas Blood":31}]},"card_choices":[{"not_picked":["WatchCommand","Break"],"picked":"WindUp","floor":1},{"not_picked":["LockedAnchor","ExoVibe"],"picked":"BeatsPerMinute","floor":2},{"not_picked":["MasterKey","LockedAnchor"],"picked":"PrimeTime","floor":3},{"not_picked":["Break","Parity"],"picked":"BlueShift","floor":4},{"not_picked":["LockedTornado","Recurrance","Echoward"],"picked":"SKIP","floor":5},{"not_picked":["BiteCommand","LockedBlood"],"picked":"Engulf","floor":12},{"not_picked":["LockedFlame","LockedAnchor"],"picked":"BlueShift","floor":13},{"not_picked":["LockedBlood","ResonantCall"],"picked":"AlternateTimeline","floor":14}],"player_experience":1022468,"relics_obtained":[{"floor":7,"key":"conspire:Dentures"},{"floor":9,"key":"Replay:Kaleidoscope"},{"floor":12,"key":"hubris:Metronome"},{"floor":14,"key":"infinitespire:Midas Blood"}],"event_choices":[],"is_beta":false,"boss_relics":[],"items_purged_floors":[],"is_endless":false,"potions_floor_spawned":[3,12,13,14],"killed_by":"Fading Forest","ascension_level":0}}