{"host":"t9q14bihfoo75lsb","time":1612420310,"event":{"mods":["100% Spire Juice","Act Like it!","Arknights","BaseMod","Elementarium","Hermit","Koishi","Minty Spire (QoL Compilation)","Prisma Mod","Shop Mod","Spicy Shops","StSLib","The Cursed","The Dragon Tamer","The Hierophant","The Runesmith"],"gold_per_floor":[109,120,136,150,162,187,187,187,211,91,122,152,29,204,204,304,304,324,84,94,108,124,157,183,4,4,4,33,46,46,46,46,150,150,161,383,383,383],"floor_reached":37,"language":"KOR","playtime":1240,"items_purged":["Regret","Doubt"],"score":593,"play_id":"c189100d-7816-4440-9a14-aca1199144a9","local_time":"20210204153150","is_ascension_mode":true,"campfire_choices":[{"data":"Moonworks:EvilSpyWorkPreparation","floor":7.0,"key":"SMITH"},{"data":"Moonworks:EvilSpyWorkPreparation","floor":10.0,"key":"SMITH"},{"floor":15.0,"key":"RECALL"},{"data":"Moonworks:Accelerator","floor":27,"key":"SMITH"},{"data":"Moonworks:Bloodlust","floor":32,"key":"SMITH"}],"circlet_count":0,"master_deck":["Moonworks:Strike+1","Moonworks:Strike+1","Moonworks:Strike+1","Moonworks:Defend+1","Moonworks:Defend+1","Moonworks:Defend+1","Moonworks:Ambush","Moonworks:LongDistanceShot","Moonworks:EvilSpyWorkPreparation+1","Moonworks:SakisCookie","Moonworks:BeyondHell","Moonworks:SweetBattle","Moonworks:EvilSpyWorkPreparation","Moonworks:EvilSpyWorkPreparation+1","Moonworks:BindingChains","Moonworks:EvilSpyWorkPreparation","Moonworks:Accelerator+1","Moonworks:LulusLuckyEgg","Moonworks:AngelHand","Moonworks:CastOff","Moonworks:TacticalRetreat+1","Moonworks:DeployBits+1","Moonworks:EvilSpyWorkPreparation","Moonworks:NicePresent","Moonworks:RedAndBlue+1","Moonworks:Bloodlust+1","Moonworks:SinkOrSwim"],"relics":["Moonworks:BrokenBomb","Moonworks:Homemark","NeowsBlessing","Thread and Needle","Bag of Preparation","Regal Pillow","Membership Card","Sozu","Orichalcum","Red Mask","WingedGreaves","PreservedInsect","Omamori","ClockworkSouvenir","Pantograph","Blue Candle","Bottled Lightning","Molten Egg 2","Busted Crown"],"acts_visited":["Exordium","TheCity","TheBeyond"],"potions_floor_usage":[23,23],"damage_taken":[{"damage":0.0,"enemies":"Cultist","floor":1.0,"turns":1.0},{"damage":0.0,"enemies":"2 Louse","floor":2.0,"turns":1.0},{"damage":0.0,"enemies":"Small Slimes","floor":3.0,"turns":1.0},{"damage":7.0,"enemies":"Looter","floor":4.0,"turns":4.0},{"damage":10.0,"enemies":"3 Louse","floor":5.0,"turns":2.0},{"damage":0.0,"enemies":"Gremlin Nob","floor":6.0,"turns":1.0},{"damage":14.0,"enemies":"3 Sentries","floor":11.0,"turns":4.0},{"damage":12.0,"enemies":"Slime Boss","floor":16.0,"turns":5.0},{"damage":16.0,"enemies":"Spheric Guardian","floor":18.0,"turns":4.0},{"damage":0.0,"enemies":"3 Byrds","floor":20.0,"turns":4.0},{"damage":24.0,"enemies":"Snake Plant","floor":21.0,"turns":5.0},{"damage":1.0,"enemies":"Shelled Parasite and Fungi","floor":22.0,"turns":5.0},{"damage":10,"enemies":"Book of Stabbing","floor":23,"turns":5},{"damage":0,"enemies":"Masked Bandits","floor":24,"turns":3},{"damage":0,"enemies":"Slavers","floor":28,"turns":4},{"damage":0,"enemies":"Sentry and Sphere","floor":29,"turns":3},{"damage":58,"enemies":"Collector","floor":33,"turns":8},{"damage":0,"enemies":"Orb Walker","floor":35,"turns":4},{"damage":98,"enemies":"2 Orb Walkers","floor":37,"turns":4}],"seed_played":"-3059569369242886487","potions_obtained":[{"floor":4.0,"key":"AttackPotion"},{"floor":5.0,"key":"AttackPotion"},{"floor":11.0,"key":"Weak Potion"},{"floor":16.0,"key":"Dexterity Potion"}],"is_trial":false,"path_per_floor":["M","M","M","M","M","E","R","?","T","R","E","?","$","?","R","B",null,"M","?","M","M","M","E","?","$","T","R","E","M","?","?","R","B",null,"M","?","?"],"character_chosen":"THE_STARBREAKER","items_purchased":["Membership Card","Moonworks:EvilSpyWorkPreparation","WingedGreaves","PreservedInsect","Omamori","ClockworkSouvenir","Pantograph"],"campfire_rested":0,"item_purchase_floors":[13,13,25,25,25,25,25],"current_hp_per_floor":[60,60,60,53,43,43,43,43,43,43,33,33,33,33,33,23,60,44,44,46,28,31,23,27,27,27,27,31,35,35,35,35,24,60,60,60,0,0],"gold":383,"neow_bonus":"THREE_ENEMY_KILL","is_daily":false,"chose_seed":false,"campfire_upgraded":4,"win_rate":0.0,"timestamp":1612420310,"path_taken":["M","?","?","M","?","E","R","?","T","R","E","?","$","?","R","BOSS","M","?","M","M","M","E","?","$","T","R","E","?","?","?","R","BOSS","M","?","?"],"items_purchased_type":["Relic","Card","Relic","Relic","Relic","Relic","Relic"],"build_version":"2020-12-22","purchased_purges":2,"victory":false,"max_hp_per_floor":[60,60,60,60,60,60,60,60,60,60,60,60,60,60,60,60,60,60,60,60,60,60,60,60,60,60,60,60,60,60,60,60,60,60,60,60,60,60],"card_choices":[{"not_picked":["Moonworks:JonathanRush","Moonworks:BigBangBell"],"picked":"Moonworks:EvilSpyWorkPreparation","floor":1.0},{"not_picked":["Moonworks:JonathanRush","Moonworks:WindyEnchantment"],"picked":"Moonworks:SakisCookie","floor":2.0},{"not_picked":["Moonworks:NicePresent","Moonworks:ExtendedPhotonRifle"],"picked":"Moonworks:BeyondHell","floor":3.0},{"not_picked":["Moonworks:ExtendedPhotonRifle","Moonworks:JonathanRush"],"picked":"Moonworks:SweetBattle","floor":4.0},{"not_picked":["Moonworks:IndiscriminateFireSupport","Moonworks:Assault"],"picked":"Moonworks:EvilSpyWorkPreparation","floor":5.0},{"not_picked":["Moonworks:DeployBits","Moonworks:FinalBattle"],"picked":"Moonworks:EvilSpyWorkPreparation","floor":6.0},{"not_picked":["Moonworks:ImOnFire","Moonworks:UnpaidWork"],"picked":"Moonworks:BindingChains","floor":11.0},{"not_picked":["Moonworks:Wanted","Moonworks:OutOfAmmo"],"picked":"Moonworks:Accelerator","floor":16.0},{"not_picked":["Moonworks:ImOnFire","Moonworks:BigMagnum"],"picked":"Moonworks:LulusLuckyEgg","floor":18.0},{"not_picked":["Moonworks:DeployBits","Moonworks:CloudOfSeagulls+1"],"picked":"Moonworks:TacticalRetreat+1","floor":20.0},{"not_picked":["Moonworks:LulusLuckyEgg+1","Moonworks:SelfDestruct"],"picked":"Moonworks:DeployBits+1","floor":21.0},{"not_picked":["Moonworks:ImOnFire","Moonworks:ExtendedPhotonRifle"],"picked":"Moonworks:EvilSpyWorkPreparation","floor":22.0},{"not_picked":["Moonworks:MiracleWalker","Moonworks:SelfDestruct"],"picked":"Moonworks:NicePresent","floor":23},{"not_picked":["Moonworks:CloudOfSeagulls+1","Moonworks:SweetBattle"],"picked":"Moonworks:RedAndBlue+1","floor":24},{"not_picked":["Moonworks:EvilSpyWorkPreparation+1","Moonworks:NicePresent+1","Moonworks:SelfDestruct"],"picked":"SKIP","floor":28},{"not_picked":["Moonworks:NicePresent","Moonworks:DeployBits+1"],"picked":"Moonworks:Bloodlust","floor":29},{"not_picked":["Moonworks:MeltingMemories","Moonworks:Wanted"],"picked":"Moonworks:SinkOrSwim","floor":33},{"not_picked":["Moonworks:ImOnFire"],"picked":"SKIP","floor":35}],"player_experience":512536,"relics_obtained":[{"floor":6.0,"key":"Thread and Needle"},{"floor":11.0,"key":"Regal Pillow"},{"floor":23,"key":"Orichalcum"},{"floor":24,"key":"Red Mask"},{"floor":26,"key":"Blue Candle"},{"floor":28,"key":"Bottled Lightning"}],"event_choices":[{"damage_healed":0.0,"max_hp_gain":0.0,"max_hp_loss":0.0,"gold_gain":0.0,"event_name":"Big Fish","player_choice":"Box","floor":8.0,"gold_loss":0.0,"damage_taken":0.0,"relics_obtained":["Bag of Preparation"],"cards_obtained":["Regret"]},{"damage_healed":0.0,"max_hp_gain":0.0,"max_hp_loss":0.0,"gold_gain":30.0,"event_name":"Dead Adventurer","player_choice":"Searched \u00272\u0027 times","floor":12.0,"gold_loss":0.0,"damage_taken":0.0},{"damage_healed":0.0,"max_hp_gain":0.0,"max_hp_loss":0.0,"gold_gain":175.0,"event_name":"Liars Game","player_choice":"AGREE","floor":14.0,"gold_loss":0.0,"damage_taken":0.0,"cards_obtained":["Doubt"]},{"damage_healed":0.0,"max_hp_gain":0.0,"max_hp_loss":0.0,"gold_gain":0.0,"cards_transformed":["Moonworks:Strike","Moonworks:Defend"],"event_name":"Drug Dealer","player_choice":"Became Test Subject","floor":19.0,"gold_loss":0.0,"damage_taken":0.0,"cards_obtained":["Moonworks:AngelHand","Moonworks:CastOff"]},{"damage_healed":0,"gold_gain":0,"player_choice":"Fought Bandits","damage_taken":0,"max_hp_gain":0,"max_hp_loss":0,"event_name":"Masked Bandits","floor":24,"gold_loss":0},{"damage_healed":0,"gold_gain":0,"player_choice":"Simplicity","damage_taken":0,"max_hp_gain":0,"max_hp_loss":0,"event_name":"Back to Basics","floor":30,"gold_loss":0,"cards_upgraded":["Moonworks:Strike","Moonworks:Strike","Moonworks:Strike","Moonworks:Defend","Moonworks:Defend","Moonworks:Defend"]},{"damage_healed":0,"gold_gain":0,"player_choice":"Stole Relic","damage_taken":0,"relics_obtained":["Molten Egg 2"],"max_hp_gain":0,"max_hp_loss":0,"event_name":"Addict","floor":31,"gold_loss":0,"cards_obtained":["Shame"]},{"damage_healed":0,"gold_gain":222,"player_choice":"Wore Mask","damage_taken":0,"max_hp_gain":0,"max_hp_loss":0,"event_name":"Tomb of Lord Red Mask","floor":36,"gold_loss":0},{"damage_healed":0,"gold_gain":0,"player_choice":"Fight","damage_taken":0,"max_hp_gain":0,"max_hp_loss":0,"event_name":"Mysterious Sphere","floor":37,"gold_loss":0}],"is_beta":false,"boss_relics":[{"not_picked":["Moonworks:SBBomb","Runesmith:UraniumAnvil"],"picked":"Sozu"},{"not_picked":["Astrolabe","Philosopher\u0027s Stone"],"picked":"Busted Crown"}],"items_purged_floors":[13,25],"is_endless":false,"potions_floor_spawned":[4,5,11,16,20,23,24,33,35],"killed_by":"2 Orb Walkers","ascension_level":1}}