{"host":"ftbkoc3ruyyiy16n","time":1612397846,"event":{"mods":["AchievementEnabler","BaseMod","Colored Map","Colored Powertips","Downfall","Filter the Spire","Highlight Path","Minty Spire (QoL Compilation)","Permanent Neow","Quick Restart","Rare Cards Sparkle","Relic Stats","StSLib"],"gold_per_floor":[361,52,66,80,255,255,289,289,289,289,289],"floor_reached":10,"language":"ENG","playtime":918,"items_purged":[],"score":79,"play_id":"38ad64c0-690d-47a5-8216-dafb6df482d6","local_time":"20210204011726","is_ascension_mode":true,"campfire_choices":[{"data":"Thinking Ahead","floor":6,"key":"SMITH"}],"circlet_count":0,"master_deck":["Strike_R","Strike_R","Strike_R","Strike_R","Strike_R","Defend_R","Defend_R","Defend_R","Defend_R","Bash","Flame Barrier","Power Through","Thinking Ahead+1","Cleave","Warcry","Doubt","Headbutt"],"relics":["Burning Blood","Letter Opener","CultistMask","Orichalcum"],"acts_visited":["Exordium"],"potions_floor_usage":[10],"damage_taken":[{"damage":4,"enemies":"Cultist","floor":1,"turns":5},{"damage":0,"enemies":"Small Slimes","floor":3,"turns":4},{"damage":0,"enemies":"2 Louse","floor":4,"turns":3},{"damage":56,"enemies":"Lagavulin","floor":7,"turns":11},{"damage":33,"enemies":"Gremlin Nob","floor":10,"turns":4}],"seed_played":"-1546242904348748413","potions_obtained":[{"floor":3,"key":"EssenceOfSteel"},{"floor":4,"key":"Ancient Potion"}],"is_trial":false,"path_per_floor":["M","$","M","M","?","R","E","?","T","E"],"character_chosen":"IRONCLAD","items_purchased":["Power Through","Thinking Ahead","Cleave"],"campfire_rested":0,"item_purchase_floors":[2,2,2],"current_hp_per_floor":[58,58,64,70,70,70,20,20,20,0,0],"gold":289,"neow_bonus":"TWO_FIFTY_GOLD","is_daily":false,"chose_seed":false,"campfire_upgraded":1,"win_rate":0.0,"timestamp":1612397846,"path_taken":["M","$","M","M","?","R","E","?","T","E"],"items_purchased_type":["Card","Card","Card"],"build_version":"2020-12-22","purchased_purges":0,"victory":false,"max_hp_per_floor":[80,80,80,80,80,80,80,80,80,80,80],"relic_stats":{"counters":[5,27],"Letter Opener":[0],"Orichalcum":[12],"obtain_stats":[{"CultistMask":8,"Letter Opener":7,"Orichalcum":9,"Burning Blood":0},{"CultistMask":4,"Letter Opener":4,"Orichalcum":4,"Burning Blood":0},{"CultistMask":23,"Letter Opener":23,"Orichalcum":23,"Burning Blood":0}],"Burning Blood":24},"card_choices":[{"not_picked":["Anger","Flex"],"picked":"Flame Barrier","floor":1},{"not_picked":["Perfected Strike","Infernal Blade","Carnage"],"picked":"SKIP","floor":3},{"not_picked":["Reckless Charge","Thunderclap"],"picked":"Warcry","floor":4},{"not_picked":["Clothesline","Entrench"],"picked":"Headbutt","floor":7}],"player_experience":324589,"relics_obtained":[{"floor":7,"key":"Letter Opener"},{"floor":9,"key":"Orichalcum"}],"event_choices":[{"damage_healed":0,"gold_gain":175,"player_choice":"AGREE","damage_taken":0,"max_hp_gain":0,"max_hp_loss":0,"event_name":"Liars Game","floor":5,"gold_loss":0,"cards_obtained":["Doubt"]},{"damage_healed":0,"gold_gain":0,"player_choice":"Trade","damage_taken":0,"relics_obtained":["CultistMask"],"max_hp_gain":0,"max_hp_loss":0,"event_name":"FaceTrader","floor":8,"gold_loss":0}],"is_beta":false,"boss_relics":[],"items_purged_floors":[],"is_endless":false,"potions_floor_spawned":[3,4],"killed_by":"Gremlin Nob","ascension_level":4}}