{"host":"rgy6n2eoa9ji6d0c","time":1612450468,"event":{"mods":["BaseMod","Downfall","Minty Spire (QoL Compilation)","Quick Restart","StSLib"],"gold_per_floor":[99,118,43,43,61,11,36,62,79,91,119,29,46,31,50,155,205,155,155,155,305,80,98,123,133,165,180,180,130,130,201,212,317,317,267,283,503,503,522,533,533,544,394,394,394,394],"floor_reached":44,"language":"ENG","playtime":2431,"items_purged":["Slimebound:Strike_Slimebound","downfall:Bewildered","Slimebound:Strike_Slimebound","Slimebound:SplitAcid"],"score":536,"play_id":"1e6292e1-831a-4cf9-a378-e0b6cbb4d545","local_time":"20210204155428","is_ascension_mode":true,"campfire_choices":[{"floor":1.0,"key":"RECALL"},{"data":"Slimebound:AcidTongue","floor":6.0,"key":"SMITH"},{"data":"Slimebound:DisruptingSlam","floor":18,"key":"SMITH"},{"floor":29,"key":"REST"},{"data":"Slimebound:Dissolve","floor":35,"key":"SMITH"}],"circlet_count":0,"master_deck":["Slimebound:Tackle","Slimebound:Defend_Slimebound+1","Slimebound:Defend_Slimebound","Slimebound:Defend_Slimebound","Slimebound:Split","Slimebound:CorrosiveSpit","Slimebound:AcidTongue+1","Slimebound:DisruptingSlam+1","Slimebound:Dissolve+1","Slimebound:Recycling","Slimebound:SplitMire","Slimebound:Schlurp","Slimebound:Schlurp","Slimebound:RainOfGoop","Slimebound:SplitMire+1","Slimebound:AcidTongue","Slimebound:TongueLash","Slimebound:DisruptingSlam","Slimebound:GoopSpray","Slimebound:Schlurp","Slimebound:Recycling","Slimebound:Schlurp+1","Slimebound:HauntingLick+1","Slimebound:MegaLick+1","Slimebound:Schlurp+1"],"relics":["Slimebound:AbsorbEndCombat","Slimebound:GreedOozeRelic","Blood Vial","Lantern","Mummified Hand","Tiny House","sneckomod:BabySnecko","Omamori","Pantograph","Enchiridion","Calling Bell","Potion Belt","Toxic Egg 2","Slimebound:SlimedTailRelic","Bronze Scales"],"acts_visited":["Exordium","TheCity","TheBeyond"],"potions_floor_usage":[],"damage_taken":[{"damage":6.0,"enemies":"Jaw Worm","floor":2.0,"turns":4.0},{"damage":0.0,"enemies":"Cultist","floor":5.0,"turns":3.0},{"damage":45.0,"enemies":"3 Sentries","floor":8.0,"turns":8.0},{"damage":1,"enemies":"Small Slimes","floor":9,"turns":4},{"damage":8,"enemies":"Gremlin Gang","floor":10,"turns":5},{"damage":11,"enemies":"Lagavulin","floor":11,"turns":7},{"damage":0,"enemies":"downfall:FleeingMerchant","floor":12,"turns":4},{"damage":8,"enemies":"Lots of Slimes","floor":13,"turns":3},{"damage":10,"enemies":"downfall:FleeingMerchant","floor":14,"turns":4},{"damage":5,"enemies":"Exordium Thugs","floor":15,"turns":4},{"damage":10,"enemies":"SI_SHIV_ARCHETYPE","floor":16,"turns":5},{"damage":20,"enemies":"downfall:FleeingMerchant","floor":22,"turns":4},{"damage":5,"enemies":"3 Byrds","floor":23,"turns":3},{"damage":10,"enemies":"Sentry and Sphere","floor":25,"turns":5},{"damage":36,"enemies":"Gremlin Leader","floor":26,"turns":5},{"damage":12,"enemies":"Snecko","floor":27,"turns":4},{"damage":11,"enemies":"3 Cultists","floor":32,"turns":4},{"damage":21,"enemies":"WA_ARCHETYPE_CALM","floor":33,"turns":7},{"damage":1,"enemies":"3 Shapes","floor":36,"turns":3},{"damage":14,"enemies":"downfall:FleeingMerchant","floor":37,"turns":4},{"damage":23,"enemies":"3 Darklings","floor":39,"turns":4},{"damage":13,"enemies":"Jaw Worm Horde","floor":40,"turns":4},{"damage":1,"enemies":"4 Shapes","floor":42,"turns":5},{"damage":34,"enemies":"Nemesis","floor":44,"turns":4}],"seed_played":"4096226674402825257","potions_obtained":[{"floor":2.0,"key":"SpeedPotion"},{"floor":8.0,"key":"BlessingOfTheForge"},{"floor":11,"key":"GamblersBrew"},{"floor":16,"key":"DuplicationPotion"},{"floor":40,"key":"Block Potion"},{"floor":42,"key":"BlessingOfTheForge"}],"is_trial":false,"path_per_floor":["R","M","?","T","M","R","T","E","M","M","E","$","M","$","M","B",null,"R","?","?","?","$","M","T","M","E","M","?","R","?","T","M","B",null,"R","M","$","?","M","M","T","M","$","E"],"character_chosen":"SLIMEBOUND","items_purchased":["Slimebound:AcidTongue","Slimebound:TongueLash"],"campfire_rested":1,"item_purchase_floors":[22,22],"current_hp_per_floor":[47,45,45,45,51,51,51,8,13,11,8,18,16,14,15,15,70,70,70,70,70,52,53,53,51,23,17,1,22,22,22,21,33,70,70,70,58,58,43,38,38,43,43,13,13,13],"gold":394,"neow_bonus":"REMOVE_TWO","is_daily":false,"chose_seed":false,"campfire_upgraded":3,"win_rate":0.0,"timestamp":1612450468,"path_taken":["R","M","?","?","M","R","T","E","M","?","E","$","?","$","M","BOSS","R","?","?","?","$","M","T","M","E","?","?","R","?","?","M","BOSS","R","M","?","?","M","M","T","?","$","E"],"items_purchased_type":["Card","Card"],"build_version":"2020-12-22","purchased_purges":4,"victory":false,"max_hp_per_floor":[65,65,65,65,65,65,65,65,65,65,65,65,65,65,65,65,70,70,70,70,70,70,70,70,70,70,70,70,70,70,70,70,70,70,70,70,70,70,70,70,70,70,70,70,70,70],"card_choices":[{"not_picked":["Slimebound:SlimeSpikes","Slimebound:Schlurp","Slimebound:Dissolve"],"picked":"SKIP","floor":2.0},{"not_picked":["Slimebound:SlimeBrawl","Slimebound:Prepare"],"picked":"Slimebound:AcidTongue","floor":5.0},{"not_picked":["Slimebound:SplitBruiser","Slimebound:SlimeSpikes","Slimebound:Nibble"],"picked":"SKIP","floor":8.0},{"not_picked":["Slimebound:PressTheAttack","Slimebound:SlimeSpikes"],"picked":"Slimebound:DisruptingSlam","floor":9},{"not_picked":["Slimebound:LeechingTouch","Slimebound:Replication"],"picked":"Slimebound:Dissolve","floor":10},{"not_picked":["Slimebound:LivingWall","Slimebound:ComboTackle"],"picked":"Slimebound:Recycling","floor":11},{"not_picked":["Slimebound:LevelUp","Slimebound:HungryTackle"],"picked":"Slimebound:SplitMire","floor":12},{"not_picked":["Slimebound:LivingWall","Slimebound:GoopTackle"],"picked":"Slimebound:Schlurp","floor":13},{"not_picked":["Slimebound:Nibble","Slimebound:SlimeBarrage"],"picked":"Slimebound:SplitAcid","floor":14},{"not_picked":["Slimebound:LivingWall","Slimebound:MinionMaster","Slimebound:RollThrough"],"picked":"SKIP","floor":15},{"not_picked":["Slimebound:SlimeSpikes","Slimebound:Chomp"],"picked":"Slimebound:Schlurp","floor":17},{"not_picked":["Slimebound:GoopTackle","Slimebound:PressTheAttack"],"picked":"Slimebound:SplitMire+1","floor":22},{"not_picked":["Slimebound:ViciousTackle+1","Slimebound:SelfFormingGoo","Slimebound:SplitAcid+1"],"picked":"SKIP","floor":23},{"not_picked":["Slimebound:FinishingTackle","Slimebound:HungryTackle"],"picked":"Slimebound:DisruptingSlam","floor":25},{"not_picked":["Slimebound:FinishingTackle+1","Slimebound:SamplingLick","Slimebound:TongueLash"],"picked":"SKIP","floor":26},{"not_picked":["Slimebound:Nibble","Slimebound:LivingWall"],"picked":"Slimebound:GoopSpray","floor":27},{"not_picked":["Slimebound:LivingWall","Slimebound:SamplingLick"],"picked":"Slimebound:Schlurp","floor":32},{"not_picked":["Slimebound:CheckThePlaybook","Slimebound:FirmFortitude"],"picked":"Slimebound:Recycling","floor":33},{"not_picked":["Slimebound:BestDefense+1","Slimebound:LivingWall+1"],"picked":"Slimebound:Schlurp+1","floor":36},{"not_picked":["Slimebound:LeadByExample+1","Slimebound:LeechEnergy"],"picked":"Slimebound:HauntingLick+1","floor":37},{"not_picked":["Slimebound:ComboTackle","Slimebound:FinishingTackle"],"picked":"Slimebound:MegaLick+1","floor":39},{"not_picked":["Slimebound:SlimeSpikes+1","Slimebound:SplitLeeching+1","Slimebound:ServeAndProtect+1"],"picked":"SKIP","floor":40},{"not_picked":["Slimebound:GoopSpray+1","Slimebound:SplitLeeching+1"],"picked":"Slimebound:Schlurp+1","floor":42}],"player_experience":1510472,"relics_obtained":[{"floor":4.0,"key":"Blood Vial"},{"floor":7.0,"key":"Regal Pillow"},{"floor":8.0,"key":"Lantern"},{"floor":11,"key":"Mummified Hand"},{"floor":24,"key":"Omamori"},{"floor":26,"key":"Pantograph"},{"floor":28,"key":"Enchiridion"},{"floor":34,"key":"Potion Belt"},{"floor":34,"key":"Toxic Egg 2"},{"floor":34,"key":"Slimebound:SlimedTailRelic"},{"floor":41,"key":"Bronze Scales"}],"event_choices":[{"damage_healed":0,"gold_gain":0,"player_choice":"Read","damage_taken":0,"max_hp_gain":0,"max_hp_loss":0,"event_name":"The Library","floor":20,"gold_loss":0,"cards_obtained":["Slimebound:RainOfGoop"]},{"damage_healed":0,"gold_gain":0,"player_choice":"Ignored","damage_taken":0,"max_hp_gain":0,"max_hp_loss":0,"event_name":"Vampires","floor":30,"gold_loss":0}],"is_beta":false,"boss_relics":[{"not_picked":["Runic Pyramid","Philosopher\u0027s Stone"],"picked":"Tiny House"},{"not_picked":["Busted Crown","Velvet Choker"],"picked":"Calling Bell"}],"items_purged_floors":[12,22,37,43],"is_endless":false,"potions_floor_spawned":[2,8,11,15,16,26,27,33,40,42],"killed_by":"Nemesis","ascension_level":1}}