{"host":"x5w9zppki4gdwvc7","time":1612470334,"event":{"mods":["AchievementEnabler","BaseMod","Colored Powertips","DeckTracker","Minty Spire (QoL Compilation)"],"gold_per_floor":[110,110,123,123,135,135,148,177,177,127,147,160,160,173,173,278,278,295,295,295,41,41,75,95,95,120,120,137,147,173,186,186,287,287,299,69,88,88,138,138,172,172,222,239,239,264,264,279,279,279],"floor_reached":51,"language":"ENG","playtime":3867,"items_purged":["Defend_G"],"score":861,"play_id":"0fd6f732-6366-451f-8892-479ec14746ea","local_time":"20210204212534","is_ascension_mode":true,"campfire_choices":[{"data":"Leg Sweep","floor":6,"key":"SMITH"},{"data":"Deadly Poison","floor":13,"key":"SMITH"},{"floor":15,"key":"REST"},{"data":"Blind","floor":25,"key":"SMITH"},{"data":"Survivor","floor":27,"key":"SMITH"},{"data":"Blur","floor":32,"key":"SMITH"},{"data":"Burst","floor":40,"key":"SMITH"},{"data":"Noxious Fumes","floor":45,"key":"SMITH"},{"data":"Neutralize","floor":49,"key":"SMITH"}],"circlet_count":0,"master_deck":["Defend_G","Defend_G","Defend_G","Defend_G","Survivor+1","Neutralize+1","Leg Sweep+1","Poisoned Stab","Deadly Poison+1","Blur+1","Dodge and Roll+1","Bite","Bite","Bite","Bite","Blind+1","Noxious Fumes+1","Parasite","Blur+1","Acrobatics","Burst+1","Adrenaline","Writhe"],"relics":["Ring of the Snake","NeowsBlessing","White Beast Statue","Gambling Chip","Incense Burner","Cursed Key","Pantograph","Sundial","Akabeko","Mercury Hourglass","Black Star","Strawberry","Tough Bandages","Shuriken","Gremlin Horn","Orichalcum","Frozen Egg 2","Pear"],"acts_visited":["Exordium","TheCity","TheBeyond"],"potions_floor_usage":[7,8,23,28,29,30,33,33,37,46,46,46,46,46,46,50,50],"damage_taken":[{"damage":0,"enemies":"2 Louse","floor":1,"turns":1},{"damage":0,"enemies":"Jaw Worm","floor":3,"turns":1},{"damage":0,"enemies":"Cultist","floor":5,"turns":1},{"damage":0,"enemies":"Looter","floor":7,"turns":5},{"damage":20,"enemies":"Lagavulin","floor":8,"turns":9},{"damage":23,"enemies":"Large Slime","floor":11,"turns":8},{"damage":10,"enemies":"Lots of Slimes","floor":12,"turns":6},{"damage":0,"enemies":"3 Louse","floor":14,"turns":5},{"damage":5,"enemies":"The Guardian","floor":16,"turns":12},{"damage":3,"enemies":"Spheric Guardian","floor":18,"turns":5},{"damage":19,"enemies":"Slavers","floor":23,"turns":11},{"damage":0,"enemies":"Chosen","floor":24,"turns":5},{"damage":19,"enemies":"Centurion and Healer","floor":28,"turns":9},{"damage":0,"enemies":"Snake Plant","floor":29,"turns":7},{"damage":18,"enemies":"Gremlin Leader","floor":30,"turns":8},{"damage":5,"enemies":"Shelled Parasite and Fungi","floor":31,"turns":5},{"damage":24,"enemies":"Champ","floor":33,"turns":15},{"damage":0,"enemies":"Orb Walker","floor":35,"turns":4},{"damage":0,"enemies":"3 Shapes","floor":37,"turns":6},{"damage":0,"enemies":"Mind Bloom Boss Battle","floor":39,"turns":8},{"damage":36,"enemies":"Nemesis","floor":41,"turns":12},{"damage":0,"enemies":"Sphere and 2 Shapes","floor":44,"turns":7},{"damage":20,"enemies":"Giant Head","floor":46,"turns":13},{"damage":26,"enemies":"Writhing Mass","floor":48,"turns":8},{"damage":21,"enemies":"Awakened One","floor":50,"turns":21}],"seed_played":"40446534470052178","potions_obtained":[{"floor":3,"key":"SmokeBomb"},{"floor":5,"key":"Swift Potion"},{"floor":7,"key":"PowerPotion"},{"floor":8,"key":"LiquidBronze"},{"floor":11,"key":"Energy Potion"},{"floor":12,"key":"GhostInAJar"},{"floor":14,"key":"Fire Potion"},{"floor":23,"key":"ColorlessPotion"},{"floor":24,"key":"AttackPotion"},{"floor":28,"key":"LiquidMemories"},{"floor":29,"key":"Fire Potion"},{"floor":30,"key":"Block Potion"},{"floor":31,"key":"Swift Potion"},{"floor":33,"key":"EssenceOfSteel"},{"floor":35,"key":"Fruit Juice"},{"floor":37,"key":"Poison Potion"},{"floor":44,"key":"EntropicBrew"},{"floor":46,"key":"Dexterity Potion"},{"floor":48,"key":"DuplicationPotion"}],"is_trial":false,"path_per_floor":["M","?","M","?","M","R","M","E","T","$","M","M","R","M","R","B",null,"M","?","?","$","?","E","M","R","T","R","M","M","E","M","R","B",null,"M","$","M","?","?","R","E","?","T","M","R","E","?","M","R","B",null],"character_chosen":"THE_SILENT","items_purchased":["Deadly Poison","Pantograph","Strawberry"],"campfire_rested":1,"item_purchase_floors":[10,21,36],"current_hp_per_floor":[70,58,58,58,58,58,58,38,38,38,15,5,5,5,26,21,70,67,54,52,52,52,45,52,52,52,52,39,52,50,52,52,41,52,52,59,64,64,64,64,38,38,38,44,44,66,66,49,49,65],"gold":279,"neow_bonus":"THREE_ENEMY_KILL","is_daily":false,"chose_seed":false,"campfire_upgraded":8,"win_rate":0.0,"timestamp":1612470334,"path_taken":["M","?","M","?","M","R","M","E","T","$","M","?","R","M","R","BOSS","M","?","?","$","?","E","M","R","T","R","M","M","E","M","R","BOSS","M","$","?","?","?","R","E","?","T","M","R","E","?","M","R","BOSS"],"items_purchased_type":["Card","Relic","Relic"],"build_version":"2020-12-22","purchased_purges":1,"victory":true,"max_hp_per_floor":[70,70,70,70,70,70,70,70,70,70,70,70,70,70,70,70,70,70,75,52,52,52,52,52,52,52,52,52,52,52,52,52,52,52,52,59,64,64,64,64,64,61,61,61,61,71,71,71,71,71],"card_choices":[{"not_picked":["Underhanded Strike","Flying Knee","Skewer"],"picked":"SKIP","floor":1},{"not_picked":["Dagger Throw","Underhanded Strike","Predator"],"picked":"SKIP","floor":3},{"not_picked":["Concentrate","Flying Knee"],"picked":"Leg Sweep","floor":5},{"not_picked":["Dodge and Roll","Prepared"],"picked":"Poisoned Stab","floor":7},{"not_picked":["Wraith Form v2","Sucker Punch","Crippling Poison"],"picked":"SKIP","floor":8},{"not_picked":["Cloak And Dagger","Sucker Punch","Slice"],"picked":"SKIP","floor":11},{"not_picked":["Skewer","Blade Dance"],"picked":"Blur","floor":12},{"not_picked":["Setup","Sucker Punch","Deflect"],"picked":"SKIP","floor":14},{"not_picked":["Infinite Blades","Slice"],"picked":"Dodge and Roll+1","floor":18},{"not_picked":["Sucker Punch","Slice"],"picked":"Noxious Fumes","floor":23},{"not_picked":["Underhanded Strike","Choke","Bane"],"picked":"SKIP","floor":24},{"not_picked":["Deflect+1","Caltrops"],"picked":"Blur+1","floor":28},{"not_picked":["Caltrops","Wraith Form v2","Dodge and Roll+1"],"picked":"SKIP","floor":29},{"not_picked":["Prepared","Outmaneuver"],"picked":"Acrobatics","floor":30},{"not_picked":["Deadly Poison","Deflect","Dagger Spray"],"picked":"SKIP","floor":31},{"not_picked":["Adrenaline","Envenom"],"picked":"Burst","floor":33},{"not_picked":["Finisher","Accuracy+1","Flying Knee"],"picked":"SKIP","floor":35},{"not_picked":["Dagger Throw+1","Outmaneuver","Escape Plan"],"picked":"SKIP","floor":37},{"not_picked":["Backstab","Accuracy"],"picked":"Adrenaline","floor":41},{"not_picked":["Eviscerate+1","Dagger Throw","All Out Attack+1"],"picked":"SKIP","floor":44},{"not_picked":["Sucker Punch","Masterful Stab","Bane"],"picked":"SKIP","floor":46},{"not_picked":["PiercingWail","Calculated Gamble","Quick Slash"],"picked":"SKIP","floor":48}],"player_experience":485502,"relics_obtained":[{"floor":8,"key":"Gambling Chip"},{"floor":9,"key":"Incense Burner"},{"floor":23,"key":"Sundial"},{"floor":26,"key":"Akabeko"},{"floor":30,"key":"Mercury Hourglass"},{"floor":39,"key":"Tough Bandages"},{"floor":41,"key":"Shuriken"},{"floor":41,"key":"Gremlin Horn"},{"floor":43,"key":"Orichalcum"},{"floor":46,"key":"Frozen Egg 2"},{"floor":46,"key":"Pear"}],"event_choices":[{"damage_healed":0,"gold_gain":0,"player_choice":"Success","damage_taken":12,"relics_obtained":["White Beast Statue"],"max_hp_gain":0,"max_hp_loss":0,"event_name":"Scrap Ooze","floor":2,"gold_loss":0},{"damage_healed":0,"gold_gain":0,"player_choice":"Leave","damage_taken":0,"max_hp_gain":0,"max_hp_loss":0,"event_name":"The Cleric","floor":4,"gold_loss":0},{"damage_healed":0,"gold_gain":0,"player_choice":"Shed Blood","damage_taken":18,"max_hp_gain":5,"max_hp_loss":0,"event_name":"Forgotten Altar","floor":19,"gold_loss":0},{"damage_healed":0,"gold_gain":0,"player_choice":"Became a vampire","damage_taken":0,"max_hp_gain":0,"max_hp_loss":23,"event_name":"Vampires","floor":20,"gold_loss":0,"cards_obtained":["Bite","Bite","Bite","Bite","Bite"]},{"damage_healed":0,"gold_gain":0,"cards_transformed":["Bite"],"player_choice":"Transformed","damage_taken":0,"max_hp_gain":0,"max_hp_loss":0,"event_name":"Transmorgrifier","floor":22,"gold_loss":0,"cards_obtained":["Blind"]},{"damage_healed":0,"gold_gain":0,"player_choice":"Ignored","damage_taken":0,"max_hp_gain":0,"max_hp_loss":0,"event_name":"Mysterious Sphere","floor":38,"gold_loss":0},{"damage_healed":0,"gold_gain":0,"player_choice":"Fight","damage_taken":0,"max_hp_gain":0,"max_hp_loss":0,"event_name":"MindBloom","floor":39,"gold_loss":0},{"damage_healed":0,"gold_gain":0,"player_choice":"Max HP","damage_taken":0,"max_hp_gain":0,"max_hp_loss":3,"event_name":"Winding Halls","floor":42,"gold_loss":0},{"damage_healed":0,"gold_gain":0,"player_choice":"Ignored","damage_taken":0,"max_hp_gain":0,"max_hp_loss":0,"event_name":"Tomb of Lord Red Mask","floor":47,"gold_loss":0}],"is_beta":false,"boss_relics":[{"not_picked":["Coffee Dripper","SacredBark"],"picked":"Cursed Key"},{"not_picked":["Busted Crown","Pandora\u0027s Box"],"picked":"Black Star"}],"items_purged_floors":[36],"is_endless":false,"potions_floor_spawned":[3,5,7,8,11,12,14,16,18,23,24,28,29,30,31,33,35,37,39,41,44,46,48],"ascension_level":4}}