{"host":"x205naxbihvu3p76","time":1612446566,"event":{"mods":["AchievementEnabler","BaseMod","Minty Spire (QoL Compilation)","StSLib","SuperFastMode"],"gold_per_floor":[113,21,21,21,21,51,51,61,61,94,5,40,40,53,53,127,127,141,141,160,160,32,32,67,85,85,103,113,138,138,138],"floor_reached":30,"language":"KOR","playtime":539,"items_purged":["Strike_R"],"score":591,"play_id":"cf178c5a-8291-461d-ba11-ed3726da21b2","local_time":"20210204224926","is_ascension_mode":true,"campfire_choices":[{"data":"Fire Breathing","floor":7,"key":"SMITH"},{"data":"Evolve","floor":13,"key":"SMITH"},{"floor":15,"key":"RECALL"},{"data":"Feed","floor":23,"key":"SMITH"}],"circlet_count":0,"master_deck":["AscendersBane","Strike_R","Strike_R","Defend_R","Defend_R","Defend_R","Defend_R","Bash","Fire Breathing+1","Shrug It Off","Pommel Strike","Evolve+1","Feed+1","Cleave","Wild Strike","Immolate"],"relics":["Burning Blood","NeowsBlessing","Shuriken","Ginger","Tiny Chest","Mummified Hand","Nunchaku","Red Skull","Mark of Pain","Letter Opener","Kunai","Darkstone Periapt"],"acts_visited":["Exordium","TheCity"],"potions_floor_usage":[10,12,29,30],"damage_taken":[{"damage":0,"enemies":"Cultist","floor":1,"turns":1},{"damage":0,"enemies":"3 Sentries","floor":6,"turns":2},{"damage":0,"enemies":"Small Slimes","floor":8,"turns":2},{"damage":32,"enemies":"Gremlin Nob","floor":10,"turns":4},{"damage":12,"enemies":"3 Sentries","floor":12,"turns":4},{"damage":2,"enemies":"Jaw Worm","floor":14,"turns":5},{"damage":30,"enemies":"Slime Boss","floor":16,"turns":6},{"damage":0,"enemies":"Chosen","floor":18,"turns":3},{"damage":16,"enemies":"3 Byrds","floor":20,"turns":3},{"damage":5,"enemies":"Gremlin Leader","floor":24,"turns":5},{"damage":18,"enemies":"3 Cultists","floor":25,"turns":4},{"damage":24,"enemies":"Chosen and Byrds","floor":27,"turns":4},{"damage":5,"enemies":"Sentry and Sphere","floor":28,"turns":3},{"damage":30,"enemies":"Book of Stabbing","floor":29,"turns":4},{"damage":31,"enemies":"Snecko","floor":30,"turns":3}],"seed_played":"-7420080315310100339","potions_obtained":[{"floor":1,"key":"Regen Potion"},{"floor":8,"key":"LiquidMemories"},{"floor":14,"key":"Dexterity Potion"},{"floor":16,"key":"SkillPotion"},{"floor":18,"key":"CultistPotion"},{"floor":29,"key":"GamblersBrew"}],"is_trial":false,"path_per_floor":["M","$","?","?","T","E","R","M","T","E","$","E","R","M","R","B",null,"M","?","M","T","$","R","E","M","T","M","M","E","M"],"character_chosen":"IRONCLAD","items_purchased":["Fire Breathing","Shrug It Off","Evolve","PowerPotion"],"campfire_rested":0,"item_purchase_floors":[2,2,11,22],"current_hp_per_floor":[74,74,67,49,49,55,55,61,61,35,35,41,41,45,45,21,62,68,68,58,58,58,58,59,51,51,37,42,18,0,0],"gold":138,"neow_bonus":"THREE_ENEMY_KILL","is_daily":false,"chose_seed":false,"campfire_upgraded":3,"win_rate":0.0,"timestamp":1612446566,"path_taken":["M","$","?","?","?","E","R","?","T","E","?","E","R","M","R","BOSS","M","?","M","?","$","R","E","M","T","M","M","E","M"],"items_purchased_type":["Card","Card","Card","Potion"],"build_version":"2020-12-22","purchased_purges":1,"victory":false,"max_hp_per_floor":[75,75,75,75,75,75,75,75,75,75,75,75,75,75,75,75,75,75,75,75,75,75,75,75,79,79,83,87,87,87,87],"card_choices":[{"not_picked":["Sever Soul","Thunderclap","Clothesline"],"picked":"SKIP","floor":1},{"not_picked":["Dropkick","Shrug It Off","Infernal Blade"],"picked":"SKIP","floor":6},{"not_picked":["Pummel","Blood for Blood"],"picked":"Pommel Strike","floor":8},{"not_picked":["Uppercut","Dark Embrace","Sever Soul"],"picked":"SKIP","floor":10},{"not_picked":["Iron Wave","Sentinel","Fire Breathing"],"picked":"SKIP","floor":12},{"not_picked":["Iron Wave","Sentinel","Fire Breathing"],"picked":"SKIP","floor":12},{"not_picked":["Body Slam","Perfected Strike","Anger"],"picked":"SKIP","floor":14},{"not_picked":["Reaper","Offering"],"picked":"Feed","floor":16},{"not_picked":["Thunderclap","Clash"],"picked":"Cleave","floor":18},{"not_picked":["Twin Strike","Sever Soul","Pommel Strike"],"picked":"SKIP","floor":20},{"not_picked":["Heavy Blade","Sword Boomerang"],"picked":"Wild Strike","floor":24},{"not_picked":["True Grit","Body Slam"],"picked":"Immolate","floor":25},{"not_picked":["Thunderclap","Clash","Iron Wave"],"picked":"SKIP","floor":27},{"not_picked":["Inflame","Wild Strike","Clothesline"],"picked":"SKIP","floor":28},{"not_picked":["Inflame","Wild Strike","Clothesline"],"picked":"SKIP","floor":28},{"not_picked":["Dark Embrace","Uppercut+1","Clothesline"],"picked":"SKIP","floor":29}],"player_experience":1022254,"relics_obtained":[{"floor":5,"key":"Ginger"},{"floor":6,"key":"Tiny Chest"},{"floor":9,"key":"Mummified Hand"},{"floor":10,"key":"Nunchaku"},{"floor":12,"key":"Red Skull"},{"floor":21,"key":"Letter Opener"},{"floor":24,"key":"Kunai"},{"floor":29,"key":"Darkstone Periapt"}],"event_choices":[{"cards_removed":["Strike_R"],"damage_healed":0,"gold_gain":0,"player_choice":"Card Removal","damage_taken":7,"max_hp_gain":0,"max_hp_loss":0,"event_name":"Golden Wing","floor":3,"gold_loss":0},{"damage_healed":0,"gold_gain":0,"player_choice":"Success","damage_taken":18,"relics_obtained":["Shuriken"],"max_hp_gain":0,"max_hp_loss":0,"event_name":"Scrap Ooze","floor":4,"gold_loss":0},{"cards_removed":["Strike_R"],"damage_healed":0,"gold_gain":0,"player_choice":"Purged","damage_taken":0,"max_hp_gain":0,"max_hp_loss":0,"event_name":"Purifier","floor":19,"gold_loss":0}],"is_beta":false,"boss_relics":[{"not_picked":["SlaversCollar","Philosopher\u0027s Stone"],"picked":"Mark of Pain"}],"items_purged_floors":[22],"is_endless":false,"potions_floor_spawned":[1,8,14,16,18,24,29],"killed_by":"Snecko","ascension_level":18}}