{"host":"vlqejv0notyktumz","time":1612474673,"event":{"mods":["AchievementEnabler","BaseMod","Colored Map","Colored Powertips","Downfall","Googly Eyes","Minty Spire (QoL Compilation)","StSLib"],"gold_per_floor":[209,209,220,237,35,35,68,68,68,68,79,79,44,58,58,159,159,169,32,52,72,72,72,104,104,104,104,104,104,29,62,62,158,158,172,222,237,90,90,90],"floor_reached":39,"language":"ENG","playtime":942,"items_purged":["Strike_B","Defend_B"],"score":660,"play_id":"bf62cb5d-3602-4943-81c1-ba4d60e1ef18","local_time":"20210204153753","is_ascension_mode":true,"campfire_choices":[{"data":"Defragment","floor":6,"key":"SMITH"},{"data":"Defragment","floor":8,"key":"SMITH"},{"data":"Redo","floor":10,"key":"SMITH"},{"floor":15,"key":"REST"},{"floor":23,"key":"REST"},{"data":"Defragment","floor":25,"key":"SMITH"},{"data":"Hologram","floor":27,"key":"SMITH"},{"data":"Conserve Battery","floor":29,"key":"SMITH"},{"data":"Conserve Battery","floor":32,"key":"SMITH"}],"circlet_count":0,"master_deck":["AscendersBane","Defend_B","Defend_B","Defend_B","Zap","Dualcast","Hologram+1","Ball Lightning","Conserve Battery+1","Defragment+1","Redo+1","Defragment+1","Lockon","Cold Snap","Electrodynamics","Conserve Battery+1","Defragment+1","Stack","Glacier+1","Echo Form","Loop","Chill","All For One"],"relics":["Cracked Core","Torii","Turnip","CaptainsWheel","Empty Cage","Eternal Feather","Juzu Bracelet","Potion Belt","Sozu","Incense Burner","Art of War"],"acts_visited":["Exordium","TheCity","TheBeyond"],"potions_floor_usage":[7,24,36],"damage_taken":[{"damage":7,"enemies":"Jaw Worm","floor":1,"turns":3},{"damage":0,"enemies":"Cultist","floor":3,"turns":5},{"damage":0,"enemies":"2 Louse","floor":4,"turns":2},{"damage":8,"enemies":"Gremlin Nob","floor":7,"turns":4},{"damage":2,"enemies":"Looter","floor":11,"turns":4},{"damage":0,"enemies":"Large Slime","floor":14,"turns":2},{"damage":12,"enemies":"Hexaghost","floor":16,"turns":8},{"damage":6,"enemies":"Spheric Guardian","floor":18,"turns":4},{"damage":9,"enemies":"3 Byrds","floor":20,"turns":3},{"damage":17,"enemies":"Cultist and Chosen","floor":21,"turns":6},{"damage":7,"enemies":"Book of Stabbing","floor":24,"turns":8},{"damage":0,"enemies":"Gremlin Leader","floor":31,"turns":4},{"damage":53,"enemies":"Champ","floor":33,"turns":12},{"damage":6,"enemies":"Orb Walker","floor":35,"turns":4},{"damage":11,"enemies":"Mind Bloom Boss Battle","floor":36,"turns":6},{"damage":30,"enemies":"3 Shapes","floor":37,"turns":4},{"damage":22,"enemies":"Sphere and 2 Shapes","floor":39,"turns":5}],"seed_played":"6516644106847909942","potions_obtained":[{"floor":1,"key":"GamblersBrew"},{"floor":7,"key":"Dexterity Potion"},{"floor":16,"key":"Strength Potion"},{"floor":20,"key":"hexamod:SoulburnPotion"}],"is_trial":false,"path_per_floor":["M","?","M","M","$","R","E","R","T","R","M","?","?","M","R","B",null,"M","$","M","M","?","R","E","R","T","R","?","R","?","E","R","B",null,"M","?","M","$","M"],"character_chosen":"DEFECT","items_purchased":["Defragment","Redo","Defragment","Art of War"],"campfire_rested":2,"item_purchase_floors":[5,5,19,38],"current_hp_per_floor":[61,61,61,61,61,61,53,53,53,53,51,18,36,36,58,46,68,62,62,53,36,36,58,51,63,63,75,61,73,73,73,80,27,67,61,50,20,20,0,0],"gold":90,"neow_bonus":"HUNDRED_GOLD","is_daily":false,"chose_seed":false,"campfire_upgraded":7,"win_rate":0.0,"timestamp":1612474673,"path_taken":["M","?","M","?","$","R","E","R","T","R","M","?","?","M","R","BOSS","M","$","M","M","?","R","E","R","T","R","?","R","?","E","R","BOSS","M","?","M","$","M"],"items_purchased_type":["Card","Card","Card","Relic"],"build_version":"2020-12-22","purchased_purges":2,"victory":false,"max_hp_per_floor":[75,75,75,75,75,75,75,75,75,75,75,75,75,75,75,75,75,75,75,75,75,75,75,75,75,75,75,80,80,80,80,80,80,80,80,80,80,80,80,80],"card_choices":[{"not_picked":["Steam","Turbo"],"picked":"Chaos","floor":1},{"not_picked":["Beam Cell","Rebound"],"picked":"Ball Lightning","floor":3},{"not_picked":["Undo","Hologram"],"picked":"Conserve Battery","floor":4},{"not_picked":["Amplify","Fusion"],"picked":"Defragment","floor":7},{"not_picked":["Conserve Battery","Coolheaded"],"picked":"Lockon","floor":11},{"not_picked":["Streamline","Doom and Gloom"],"picked":"Cold Snap","floor":14},{"not_picked":["Creative AI","Hyperbeam"],"picked":"Electrodynamics","floor":16},{"not_picked":["Double Energy+1","Compile Driver"],"picked":"Conserve Battery","floor":18},{"not_picked":["Go for the Eyes+1","Lockon","Genetic Algorithm"],"picked":"SKIP","floor":20},{"not_picked":["Steam","Double Energy"],"picked":"Stack","floor":21},{"not_picked":["Self Repair","Turbo"],"picked":"Glacier+1","floor":24},{"not_picked":["Go for the Eyes","Stack","Barrage"],"picked":"SKIP","floor":31},{"not_picked":["Reboot","Core Surge"],"picked":"Echo Form","floor":33},{"not_picked":["Stack+1","Gash+1"],"picked":"Loop","floor":35},{"not_picked":["Redo+1","Compile Driver+1"],"picked":"Chill","floor":36},{"not_picked":["Lockon+1","Go for the Eyes"],"picked":"All For One","floor":37}],"player_experience":392718,"relics_obtained":[{"floor":7,"key":"Torii"},{"floor":9,"key":"Turnip"},{"floor":24,"key":"Eternal Feather"},{"floor":26,"key":"Juzu Bracelet"},{"floor":31,"key":"Potion Belt"},{"floor":36,"key":"Incense Burner"}],"event_choices":[{"damage_healed":0,"gold_gain":0,"cards_transformed":["Strike_B"],"player_choice":"Transformed","damage_taken":0,"max_hp_gain":0,"max_hp_loss":0,"event_name":"Transmorgrifier","floor":2,"gold_loss":0,"cards_obtained":["Hologram"]},{"damage_healed":0,"gold_gain":0,"player_choice":"Success","damage_taken":33,"relics_obtained":["CaptainsWheel"],"max_hp_gain":0,"max_hp_loss":0,"event_name":"Scrap Ooze","floor":12,"gold_loss":0},{"damage_healed":18,"gold_gain":0,"player_choice":"Healed","damage_taken":0,"max_hp_gain":0,"max_hp_loss":0,"event_name":"The Cleric","floor":13,"gold_loss":35},{"damage_healed":0,"gold_gain":0,"player_choice":"Ignored","damage_taken":0,"max_hp_gain":0,"max_hp_loss":0,"event_name":"Cursed Tome","floor":22,"gold_loss":0},{"damage_healed":0,"gold_gain":0,"player_choice":"Shed Blood","damage_taken":19,"max_hp_gain":5,"max_hp_loss":0,"event_name":"Forgotten Altar","floor":28,"gold_loss":0},{"cards_removed":["Chaos"],"damage_healed":0,"gold_gain":0,"player_choice":"Gave Gold","damage_taken":0,"max_hp_gain":0,"max_hp_loss":0,"event_name":"Beggar","floor":30,"gold_loss":75},{"damage_healed":0,"gold_gain":0,"player_choice":"Fight","damage_taken":0,"max_hp_gain":0,"max_hp_loss":0,"event_name":"MindBloom","floor":36,"gold_loss":0}],"is_beta":false,"boss_relics":[{"not_picked":["Coffee Dripper","SlaversCollar"],"picked":"Empty Cage"},{"not_picked":["Astrolabe","Pandora\u0027s Box"],"picked":"Sozu"}],"items_purged_floors":[5,19],"is_endless":false,"potions_floor_spawned":[1,7,16,20,21,36],"killed_by":"Sphere and 2 Shapes","ascension_level":10}}