{"host":"w01zow3jg16g8jdh","time":1612449114,"event":{"mods":["AchievementEnabler","BaseMod","DeckTracker","Keyboard Shortcuts","Minty Spire (QoL Compilation)","Permanent Neow","StSLib","SuperFastMode"],"gold_per_floor":[13,13,33,50,125,155,155,173,173,173,173],"floor_reached":10,"language":"KOR","playtime":158,"items_purged":[],"score":136,"play_id":"ba31fb4c-ae2d-4abf-9cea-84e4b853f947","local_time":"20210204233154","is_ascension_mode":true,"campfire_choices":[],"circlet_count":0,"master_deck":["AscendersBane","Strike_R","Strike_R","Defend_R","Defend_R","Defend_R","Defend_R","Bash","Whirlwind","Feel No Pain","Shrug It Off","Wild Strike"],"relics":["Burning Blood","Pear","Kunai","Paper Frog"],"acts_visited":["Exordium"],"potions_floor_usage":[],"damage_taken":[{"damage":0.0,"enemies":"2 Louse","floor":1.0,"turns":1.0},{"damage":2.0,"enemies":"Small Slimes","floor":3.0,"turns":6.0},{"damage":2.0,"enemies":"Jaw Worm","floor":4.0,"turns":5.0},{"damage":25.0,"enemies":"3 Sentries","floor":6.0,"turns":6.0},{"damage":10.0,"enemies":"Red Slaver","floor":8.0,"turns":3.0},{"damage":49,"enemies":"Lagavulin","floor":10,"turns":9}],"seed_played":"649152542528635990","potions_obtained":[{"floor":3.0,"key":"SteroidPotion"}],"is_trial":false,"path_per_floor":["M","?","M","M","?","E","T","M","T","E"],"character_chosen":"IRONCLAD","items_purchased":[],"campfire_rested":0,"item_purchase_floors":[],"current_hp_per_floor":[74,74,75,75,64,55,55,51,51,2,2],"gold":173,"neow_bonus":"TRANSFORM_TWO_CARDS","is_daily":false,"chose_seed":false,"campfire_upgraded":0,"win_rate":0.0,"timestamp":1612449114,"path_taken":["M","?","M","M","?","E","?","?","T","E"],"items_purchased_type":[],"build_version":"2020-12-22","purchased_purges":0,"victory":false,"max_hp_per_floor":[75,75,75,75,75,85,85,85,85,85,85],"card_choices":[{"not_picked":["Cleave","Wild Strike"],"picked":"Shrug It Off","floor":1.0},{"not_picked":["Headbutt","Brutality","Sword Boomerang"],"picked":"SKIP","floor":3.0},{"not_picked":["Searing Blow","Iron Wave"],"picked":"Wild Strike","floor":4.0},{"not_picked":["Rupture","Reckless Charge","Combust"],"picked":"SKIP","floor":6.0},{"not_picked":["Havoc","Perfected Strike","Heavy Blade"],"picked":"SKIP","floor":8.0}],"player_experience":358838,"relics_obtained":[{"floor":6.0,"key":"Pear"},{"floor":7.0,"key":"Kunai"},{"floor":9.0,"key":"Paper Frog"}],"event_choices":[{"cards_removed":["Strike_R"],"damage_healed":0.0,"max_hp_gain":0.0,"max_hp_loss":0.0,"gold_gain":0.0,"event_name":"Living Wall","player_choice":"Forget","floor":2.0,"gold_loss":0.0,"damage_taken":0.0},{"damage_healed":0.0,"max_hp_gain":0.0,"max_hp_loss":0.0,"gold_gain":75.0,"event_name":"World of Goop","player_choice":"Gather Gold","floor":5.0,"gold_loss":0.0,"damage_taken":11.0}],"is_beta":false,"boss_relics":[],"items_purged_floors":[],"is_endless":false,"potions_floor_spawned":[3],"killed_by":"Lagavulin","ascension_level":20}}