{"host":"rknezr0ykt7pds1i","time":1612417478,"event":{"mods":["BaseMod","Downfall","Marisa????????","Minty Spire (QoL Compilation)","Replay The Spire","StSLib","The Alterego","The Servant 0.9.4","Waifu the Spire"],"gold_per_floor":[349,0,0,10,20,470,470,470,470,540,540,590,62,88,99,195,195,195,212,262,312,411,472,472,111,130,153,172,143,171,267,287,391,391,391,402,452,471,521,536,536,547,547,563,563,47,65,115,130,130,130,130],"floor_reached":50,"language":"ENG","playtime":2957,"items_purged":["Hallucinations","downfall:Haunted","downfall:Bewildered"],"score":862,"play_id":"d27f7a26-6581-42cb-926a-14c2a6d40e10","local_time":"20210204004437","is_ascension_mode":false,"campfire_choices":[{"data":"Heavy Blade","floor":9,"key":"SMITH"},{"data":"champ:ShieldWall","floor":11,"key":"SMITH"},{"data":"Life Link","floor":18,"key":"SMITH"},{"data":"champ:IgnorePain","floor":43,"key":"SMITH"},{"data":"champ:StrikeOfGenius","floor":45,"key":"SMITH"}],"circlet_count":0,"master_deck":["champ:Strike","champ:Strike","champ:Defend","champ:Defend","champ:Defend","champ:Defend","champ:Execute","champ:Taunt","champ:ShieldWall+1","champ:Shatter","champ:StanceDance+1","champ:IronFortress","Heavy Blade+1","Bloodletting+1","downfall:Icky","downfall:Icky","downfall:Icky","champ:PreciseThrust","downfall:Haunted","Life Link+1","champ:GladiatorForm+1","champ:EndlessRage","champ:DefensiveShout","champ:IgnorePain+1","champ:GladiatorStyle","ReplayTheSpireMod:Splinters","champ:AdrenalArmor+1","champ:TornadoPunch+1","champ:HoldFirm+1","champ:Backstep+1","champ:CalledShot+1","champ:BringItOn+1","champ:DeathBlow+1","champ:StrikeOfGenius+1","CurseOfTheBell","champ:CalledShot+1","champ:FocusedBerserking+1","champ:PreciseThrust+1","champ:SwordThrow+1","champ:StanceDance+1","champ:ShieldWall+1"],"relics":["HandDrill","m_IronCrown","Iron Hammer","SsserpentHead","Du-Vu Doll","Replay:WaspNest","Replay:Grab Bag","Coffee Dripper","Sozu","Ring of Chaos","sneckomod:BabySnecko","Toxic Egg 2","Juzu Bracelet","Membership Card","Pantograph","Calipers","Shuriken","Toolbox","Gremlin Horn","Vajra","Calling Bell","ReplayFunnel","InkBottle","champ:GladiatorsBookOfMartialProwess","Red Mask","downfall:RedIOUUpgrade","The Courier","Guide Book","ReplayTheSpireMod:Shallot","Bag of Marbles","Snack Pack","Bird Faced Urn","Bag of Preparation","Lantern"],"acts_visited":["Exordium","TheCity","TheBeyond"],"potions_floor_usage":[27,50,50],"damage_taken":[{"damage":20,"enemies":"downfall:FleeingMerchant","floor":2,"turns":4},{"damage":11,"enemies":"2 Louse","floor":4,"turns":3},{"damage":11,"enemies":"Small Slimes","floor":5,"turns":3},{"damage":6,"enemies":"Cultist","floor":10,"turns":3},{"damage":0,"enemies":"downfall:FleeingMerchant","floor":13,"turns":4},{"damage":9,"enemies":"Replay:BlueRogue","floor":14,"turns":4},{"damage":0,"enemies":"2 Fungi Beasts","floor":15,"turns":2},{"damage":31,"enemies":"IC_STATUS_ARCHETYPE","floor":16,"turns":5},{"damage":4,"enemies":"Chosen","floor":19,"turns":4},{"damage":22,"enemies":"Shell Parasite","floor":23,"turns":2},{"damage":0,"enemies":"downfall:FleeingMerchant","floor":25,"turns":4},{"damage":18,"enemies":"Centurion and Healer","floor":26,"turns":3},{"damage":18,"enemies":"downfall:FleeingMerchant","floor":27,"turns":3},{"damage":34,"enemies":"Shelled Parasite and Fungi","floor":28,"turns":4},{"damage":15,"enemies":"Book of Stabbing","floor":30,"turns":5},{"damage":10,"enemies":"Snake Plant","floor":32,"turns":4},{"damage":76,"enemies":"DF_ARCHETYPE_CLAW","floor":33,"turns":4},{"damage":28,"enemies":"Orb Walker","floor":36,"turns":3},{"damage":29,"enemies":"3 Shapes","floor":38,"turns":2},{"damage":12,"enemies":"Jaw Worm Horde","floor":40,"turns":3},{"damage":29,"enemies":"Maw","floor":42,"turns":5},{"damage":38,"enemies":"Spire Growth","floor":44,"turns":5},{"damage":0,"enemies":"Sphere and 2 Shapes","floor":47,"turns":2},{"damage":0,"enemies":"Writhing Mass","floor":49,"turns":1},{"damage":123,"enemies":"SI_POISON_ARCHETYPE","floor":50,"turns":5}],"seed_played":"6228252912621466616","potions_obtained":[{"floor":5,"key":"FearPotion"},{"floor":15,"key":"Elixir"},{"floor":16,"key":"Strength Potion"}],"is_trial":false,"path_per_floor":["R","$","?","M","M","?","T","?","R","M","R","?","$","E","M","B",null,"R","M","?","?","?","M","T","$","M","$","M","$","E","T","M","B",null,"R","M","?","M","?","M","T","M","R","M","R","$","M","?","M","B"],"character_chosen":"THE_CHAMP","items_purchased":["champ:StanceDance+1","HandDrill","champ:IronFortress","champ:GladiatorForm","Replay:WaspNest","Membership Card","Pantograph","Calipers","Shuriken","champ:CalledShot+1","Toolbox","Guide Book","ReplayTheSpireMod:Shallot","Bag of Marbles","Snack Pack","Bird Faced Urn","Bag of Preparation","Lantern"],"campfire_rested":0,"item_purchase_floors":[2,2,2,13,13,25,25,27,27,27,29,46,46,46,46,46,46,46],"current_hp_per_floor":[90,90,90,90,85,85,85,85,85,85,85,85,90,87,90,70,90,90,90,90,90,90,84,84,90,78,66,38,38,34,34,40,18,90,90,68,68,60,60,54,54,41,41,19,19,19,29,29,37,0,0,0],"gold":130,"neow_bonus":"TWO_FIFTY_GOLD","is_daily":false,"chose_seed":false,"campfire_upgraded":5,"win_rate":0.0,"timestamp":1612417477,"path_taken":["R","$","?","M","M","?","T","?","R","?","R","?","$","E","M","BOSS","R","M","?","?","?","?","T","$","M","$","M","?","E","?","M","BOSS","R","M","?","M","?","M","T","M","R","M","R","?","M","?","M","BOSS"],"items_purchased_type":["Card","Relic","Card","Card","Relic","Relic","Relic","Relic","Relic","Card","Relic","Relic","Relic","Relic","Relic","Relic","Relic","Relic"],"build_version":"2020-12-22","purchased_purges":3,"victory":false,"max_hp_per_floor":[90,90,90,90,90,90,90,90,90,90,90,90,90,90,90,90,90,90,90,90,90,90,90,90,90,90,90,90,90,90,90,90,90,90,90,90,90,90,90,90,90,90,90,90,90,90,90,90,90,90,90,90],"card_choices":[{"not_picked":["champ:FancyFootwork","champ:BerserkersShout"],"picked":"champ:Shatter","floor":2},{"not_picked":["champ:PerfectedStrike","champ:ShieldWall"],"picked":"Heavy Blade","floor":4},{"not_picked":["champ:FalseCounter","champ:DefensiveShout"],"picked":"Bloodletting","floor":5},{"not_picked":["champ:BladeFlurry","champ:BringItOn"],"picked":"champ:PreciseThrust","floor":10},{"not_picked":["champ:BladeFlurry","champ:FlashCut"],"picked":"Life Link","floor":13},{"not_picked":["champ:BladeFlurry","champ:MurderStrike"],"picked":"champ:EndlessRage","floor":14},{"not_picked":["champ:FlashCut","champ:GutPunch"],"picked":"champ:DefensiveShout","floor":15},{"not_picked":["champ:VampiricStrike","champ:CheapShot"],"picked":"champ:IgnorePain","floor":16},{"not_picked":["champ:PerfectedStrike","champ:BerserkersShout"],"picked":"champ:GladiatorStyle","floor":19},{"not_picked":["champ:CrownThrow","champ:Encircle"],"picked":"champ:AdrenalArmor+1","floor":22},{"not_picked":["champ:Parry+1","champ:RisingSlash+1"],"picked":"champ:TornadoPunch+1","floor":23},{"not_picked":["champ:PreciseThrust","champ:CrownThrow"],"picked":"champ:HoldFirm+1","floor":25},{"not_picked":["champ:CrownThrow+1","champ:Parry+1"],"picked":"champ:FaceSlap","floor":26},{"not_picked":["champ:FlashCut","champ:BerserkersShout+1"],"picked":"champ:Backstep+1","floor":27},{"not_picked":["champ:SkillfulDodge+1","champ:Circumvent+1"],"picked":"champ:BringItOn+1","floor":28},{"not_picked":["champ:Circumvent+1","champ:FancyFootwork+1"],"picked":"champ:DeathBlow+1","floor":30},{"not_picked":["champ:Lariat+1","champ:PerfectedStrike","champ:Circumvent+1"],"picked":"SKIP","floor":32},{"not_picked":["champ:IgnorePain+1","champ:Improvising"],"picked":"champ:StrikeOfGenius","floor":33},{"not_picked":["champ:GutPunch+1","champ:EnGarde+1","champ:CrookedStrike+1"],"picked":"SKIP","floor":36},{"not_picked":["champ:StanceDance+1","champ:ShieldSlam+1"],"picked":"champ:PreciseThrust","floor":38},{"not_picked":["champ:Haymaker","champ:GladiatorStyle"],"picked":"champ:FocusedBerserking+1","floor":40},{"not_picked":["champ:CrookedStrike","champ:CrownThrow+1"],"picked":"champ:PreciseThrust+1","floor":42},{"not_picked":["champ:EndlessRage","champ:Haymaker"],"picked":"champ:SwordThrow","floor":44},{"not_picked":["champ:PerfectedStrike","champ:Haymaker+1"],"picked":"champ:StanceDance+1","floor":47},{"not_picked":["champ:Shatter","champ:GutPunch"],"picked":"champ:ShieldWall+1","floor":49}],"player_experience":228796,"relics_obtained":[{"floor":7,"key":"Iron Hammer"},{"floor":14,"key":"ReplayTheSpireMod:TigerMarble"},{"floor":22,"key":"Toxic Egg 2"},{"floor":24,"key":"Juzu Bracelet"},{"floor":30,"key":"Gremlin Horn"},{"floor":31,"key":"Vajra"},{"floor":34,"key":"ReplayFunnel"},{"floor":34,"key":"InkBottle"},{"floor":34,"key":"champ:GladiatorsBookOfMartialProwess"},{"floor":41,"key":"The Courier"}],"event_choices":[{"damage_healed":0,"gold_gain":0,"player_choice":"Trade","damage_taken":0,"relics_obtained":["SsserpentHead"],"max_hp_gain":0,"max_hp_loss":0,"event_name":"FaceTrader","floor":8,"gold_loss":0},{"cards_removed":["champ:PreciseThrust"],"damage_healed":0,"gold_gain":0,"player_choice":"Removed Attack","damage_taken":0,"max_hp_gain":0,"max_hp_loss":0,"event_name":"Falling","floor":39,"gold_loss":0},{"damage_healed":0,"gold_gain":0,"player_choice":"Forge","damage_taken":0,"max_hp_gain":0,"max_hp_loss":0,"event_name":"Accursed Blacksmith","floor":48,"gold_loss":0,"cards_upgraded":["Bloodletting"]}],"is_beta":false,"boss_relics":[{"not_picked":["Runic Dome","Astrolabe"],"picked":"Replay:Grab Bag"},{"not_picked":["Abe\u0027s Treasure","Busted Crown"],"picked":"Coffee Dripper"},{"not_picked":["bronze:MakeshiftBattery","Replay:Bronze Core"],"picked":"Sozu"},{"not_picked":["SacredBark","Black Star"],"picked":"Ring of Chaos"},{"not_picked":["Philosopher\u0027s Stone","Replay:Ancient Bell"],"picked":"Calling Bell"}],"items_purged_floors":[2,13,25],"is_endless":false,"potions_floor_spawned":[5,15,16,19,30,32,40,42,49],"killed_by":"SI_POISON_ARCHETYPE","ascension_level":0}}