{"host":"oopoa2qluour3scl","time":1612442460,"event":{"mods":["2.2 Compatiblity","AchievementEnabler","AlwaysNeverKeys","BaseMod","Better Match","Better Note","Better Sensory Stone","Better Third Choice","Better Vampires","BetterRewards","Colored Powertips","Communication Mod","Minty Spire (QoL Compilation)","Practice Mode","Random Character Button","Relic Stats","StSLib","SuperFastMode","Swap Starting Deck Mod"],"gold_per_floor":[115,0,18,18,29,56,75,75,75,101,101,113,113,133,133,235,235,251,251,26,43,43,43,72,72,72],"floor_reached":25,"language":"ENG","playtime":1316,"items_purged":["Defend_P"],"score":231,"play_id":"8af4ca16-06b0-47d3-bca7-a4b6ed57df42","local_time":"20210204134100","is_ascension_mode":false,"campfire_choices":[{"floor":11,"key":"REST"},{"data":"CutThroughFate","floor":13,"key":"SMITH"},{"data":"Crescendo","floor":15,"key":"SMITH"},{"floor":23,"key":"REST"}],"circlet_count":0,"master_deck":["Strike_P","Strike_P","Strike_P","Strike_P","Defend_P","Defend_P","Eruption","Vigilance","CutThroughFate+1","Enlightenment+1","ThirdEye","DeceiveReality","Evaluate","Sanctity","Vengeance","Crescendo+1","Judgement","EmptyBody+1","Machine Learning+1","Nirvana"],"relics":["PureWater","Regal Pillow","StrikeDummy","GoldenEye","Shuriken","Bottled Flame","Snecko Eye","Sling","Letter Opener"],"acts_visited":["Exordium","TheCity"],"potions_floor_usage":[6],"damage_taken":[{"damage":0,"enemies":"Small Slimes","floor":1,"turns":4},{"damage":0,"enemies":"2 Louse","floor":3,"turns":1},{"damage":0,"enemies":"Cultist","floor":5,"turns":4},{"damage":43,"enemies":"Lagavulin","floor":6,"turns":10},{"damage":1,"enemies":"Looter","floor":7,"turns":3},{"damage":16,"enemies":"3 Sentries","floor":10,"turns":9},{"damage":10,"enemies":"Exordium Thugs","floor":12,"turns":4},{"damage":3,"enemies":"Red Slaver","floor":14,"turns":4},{"damage":16,"enemies":"Slime Boss","floor":16,"turns":9},{"damage":13,"enemies":"3 Byrds","floor":18,"turns":6},{"damage":30,"enemies":"2 Thieves","floor":21,"turns":4},{"damage":47,"enemies":"Book of Stabbing","floor":24,"turns":7},{"damage":30,"enemies":"Shelled Parasite and Fungi","floor":25,"turns":2}],"seed_played":"-2783720748375777044","potions_obtained":[{"floor":3,"key":"StancePotion"},{"floor":6,"key":"BlessingOfTheForge"},{"floor":18,"key":"DistilledChaos"},{"floor":24,"key":"Block Potion"}],"is_trial":false,"path_per_floor":["M","?","M","?","M","E","M","?","T","E","R","M","R","M","R","B",null,"M","?","$","M","?","R","E","M"],"character_chosen":"WATCHER","items_purchased":["Sling"],"campfire_rested":2,"item_purchase_floors":[20],"current_hp_per_floor":[72,78,78,78,78,35,34,34,34,18,56,46,46,43,43,27,78,65,65,65,35,35,73,26,0,0],"gold":72,"neow_bonus":"RANDOM_COMMON_RELIC","is_daily":false,"chose_seed":false,"campfire_upgraded":2,"win_rate":0.0,"timestamp":1612442460,"path_taken":["M","?","M","?","M","E","M","?","T","E","R","?","R","M","R","BOSS","M","?","$","M","?","R","E","?"],"items_purchased_type":["Relic"],"build_version":"2020-12-22","purchased_purges":1,"victory":false,"max_hp_per_floor":[72,78,78,78,78,78,78,78,78,78,78,78,78,78,78,78,78,78,78,78,78,78,78,78,78,78],"relic_stats":{"Regal Pillow":30,"counters":[46,169],"Shuriken":[55],"Snecko Eye":[41,37,39,41],"Letter Opener":[0],"GoldenEye":[44],"obtain_stats":[{"Regal Pillow":0,"Singing Bowl":25,"CeramicFish":48,"Vajra":28,"Whetstone":26,"Bottled Tornado":43,"Sling":20,"Sozu":0,"Nunchaku":53,"HornCleat":30,"Mummified Hand":0,"Pantograph":0,"Cracked Core":0,"Girya":37,"Golden Idol":0,"Letter Opener":24,"Frozen Egg 2":23,"Question Card":38,"GoldenEye":8,"Cables":0,"DataDisk":40,"Bottled Flame":10,"Shuriken":38,"Bronze Scales":0,"Bird Faced Urn":9,"Snecko Eye":17,"Molten Egg 2":26,"Coffee Dripper":34,"Bottled Lightning":54,"StrikeDummy":6,"Toy Ornithopter":23,"Pocketwatch":6},{"Regal Pillow":33,"Singing Bowl":19,"CeramicFish":30,"Vajra":20,"Whetstone":4,"Bottled Tornado":28,"Sling":43,"Sozu":0,"Nunchaku":31,"HornCleat":21,"Mummified Hand":0,"Pantograph":0,"Cracked Core":0,"Girya":25,"Golden Idol":0,"Letter Opener":45,"Frozen Egg 2":17,"Question Card":25,"GoldenEye":38,"Cables":0,"DataDisk":27,"Bottled Flame":39,"Shuriken":25,"Bronze Scales":0,"Bird Faced Urn":9,"Snecko Eye":42,"Molten Egg 2":19,"Coffee Dripper":23,"Bottled Lightning":32,"StrikeDummy":37,"Toy Ornithopter":3,"Pocketwatch":9},{"Regal Pillow":102,"Singing Bowl":61,"CeramicFish":94,"Vajra":64,"Whetstone":18,"Bottled Tornado":90,"Sling":156,"Sozu":0,"Nunchaku":96,"HornCleat":66,"Mummified Hand":0,"Pantograph":0,"Cracked Core":0,"Girya":81,"Golden Idol":0,"Letter Opener":167,"Frozen Egg 2":54,"Question Card":81,"GoldenEye":124,"Cables":0,"DataDisk":86,"Bottled Flame":133,"Shuriken":81,"Bronze Scales":0,"Bird Faced Urn":31,"Snecko Eye":150,"Molten Egg 2":61,"Coffee Dripper":73,"Bottled Lightning":99,"StrikeDummy":121,"Toy Ornithopter":14,"Pocketwatch":31}]},"card_choices":[{"not_picked":["Evaluate","FollowUp"],"picked":"CutThroughFate","floor":1},{"not_picked":["Halt","CrushJoints"],"picked":"ThirdEye","floor":3},{"not_picked":["SashWhip","WheelKick"],"picked":"DeceiveReality","floor":5},{"not_picked":["Halt","EmptyBody"],"picked":"Evaluate","floor":6},{"not_picked":["Protect","Wallop"],"picked":"Sanctity","floor":7},{"not_picked":["Wireheading","Tantrum"],"picked":"Vengeance","floor":10},{"not_picked":["Protect","Consecrate","MentalFortress"],"picked":"SKIP","floor":12},{"not_picked":["ClearTheMind","Swivel"],"picked":"Crescendo","floor":14},{"not_picked":["Devotion","SpiritShield"],"picked":"Judgement","floor":16},{"not_picked":["ThirdEye","PathToVictory"],"picked":"EmptyBody+1","floor":18},{"not_picked":["PathToVictory+1","Wallop","FearNoEvil"],"picked":"SKIP","floor":21},{"not_picked":["BowlingBash","Evaluate"],"picked":"Nirvana","floor":24}],"player_experience":447680,"relics_obtained":[{"floor":6,"key":"StrikeDummy"},{"floor":9,"key":"Shuriken"},{"floor":10,"key":"Bottled Flame"},{"floor":24,"key":"Letter Opener"}],"event_choices":[{"damage_healed":0,"gold_gain":0,"player_choice":"RENOUNCE","damage_taken":115,"max_hp_gain":0,"max_hp_loss":0,"event_name":"betterThird:BetterSerpent","floor":2,"gold_loss":115,"cards_obtained":["Enlightenment"]},{"damage_healed":0,"gold_gain":0,"player_choice":"Grow","damage_taken":0,"max_hp_gain":0,"max_hp_loss":0,"event_name":"Living Wall","floor":4,"gold_loss":0,"cards_upgraded":["Enlightenment"]},{"damage_healed":0,"gold_gain":0,"player_choice":"Gave Potion","damage_taken":0,"relics_obtained":["GoldenEye"],"max_hp_gain":0,"max_hp_loss":0,"event_name":"WeMeetAgain","floor":8,"gold_loss":0},{"cards_removed":["Judgement"],"damage_healed":0,"gold_gain":0,"player_choice":"Take \u0026 Give","damage_taken":0,"max_hp_gain":0,"max_hp_loss":0,"event_name":"betterNote:BetterNote","floor":19,"gold_loss":0,"cards_obtained":["Machine Learning"]},{"cards_removed":["Defend_P"],"damage_healed":0,"gold_gain":0,"player_choice":"Purged","damage_taken":0,"max_hp_gain":0,"max_hp_loss":0,"event_name":"Purifier","floor":22,"gold_loss":0}],"is_beta":false,"boss_relics":[{"not_picked":["SacredBark","Velvet Choker"],"picked":"Snecko Eye"}],"items_purged_floors":[20],"is_endless":false,"potions_floor_spawned":[3,6,18,24],"killed_by":"Shelled Parasite and Fungi","ascension_level":0}}