{"host":"27c7lqff1bu0ydoz","time":1612471757,"event":{"mods":["AchievementEnabler","Act Like it!","Aspiration","BaseMod","Block Reminder","CapriCore","Conspire","Energized Spire","Friendly Minions","Gensokyo","GifTheSpireLib","Hubris","Infinite Spire","Koishi","Marisa????????","Minty Spire (QoL Compilation)","Rare Cards Sparkle","Reimu??????","Remilia??????","Replay The Spire","StSLib","The Immortal","The Servant 0.9.4","yUi"],"gold_per_floor":[116,116,116,116,116,116,116,116,116,116,135,145,158,189,189,288,288,300,300,319,319,319,319,334,33,33,33,48,59,59,79,79,179,179,190,78,78,88,61,61,95,108,108,108,108,108],"floor_reached":45,"language":"ENG","playtime":3187,"items_purged":["Pain"],"score":466,"play_id":"46ea629d-530e-409f-aae8-dbc5adccbacf","local_time":"20210204214917","is_ascension_mode":false,"campfire_choices":[{"data":"DoubleSpark","floor":6,"key":"SMITH"},{"data":"UpSweep","floor":8,"key":"SMITH"},{"data":"MasterSpark","floor":10,"key":"SMITH"},{"data":"EnergyFlow","floor":15,"key":"SMITH"},{"floor":23,"key":"REST"},{"floor":27,"key":"REST"},{"floor":32,"key":"REST"},{"floor":40,"key":"REST"},{"floor":44,"key":"REST"}],"circlet_count":0,"master_deck":["Strike_MRS","Strike_MRS","Strike_MRS","Strike_MRS","Defend_MRS","Defend_MRS","Defend_MRS","Defend_MRS","MasterSpark+1","UpSweep+1","DoubleSpark+1","PulseMagic","EnergyFlow+1","StarBarrage","OrrerysSun","FinalSpark+1","GrandCross+1","Reinforced Body","WitchLeyline","EventHorizon+1","EnergyFlow","GalacticHalo","ChargeUpSpray","infinitespire:Starlight","RefractionSpark+1","MilkyWay","Singularity","AlicesGift","ShootingEcho+1","MysteriousBeam+1"],"relics":["MiniHakkero","hubris:Towel","Gensokyo:LunaticRedEyes","Replay:Wax Seal","Question Card","Fusion Hammer","hubris:EmptyBottle","aspiration:FrozenJewel","Busted Crown","infinitespire:Satchel","Replay:Towering Pillar of Hats"],"acts_visited":["Exordium","Gensokyo:Gensokyo","Gensokyo:Gensokyoer"],"potions_floor_usage":[29,33],"damage_taken":[{"damage":0,"enemies":"Gensokyo:3_Fairies","floor":1,"turns":4},{"damage":5,"enemies":"Gensokyo:Python","floor":11,"turns":3},{"damage":3,"enemies":"Gensokyo:Gryphon","floor":12,"turns":2},{"damage":8,"enemies":"Gensokyo:3_Kodama","floor":13,"turns":3},{"damage":31,"enemies":"Gensokyo:Cirno","floor":14,"turns":6},{"damage":19,"enemies":"Gensokyo:Yukari","floor":16,"turns":7},{"damage":20,"enemies":"Gensokyo:3_Dogs","floor":18,"turns":5},{"damage":15,"enemies":"Gensokyo:Chomper","floor":20,"turns":4},{"damage":13,"enemies":"Gensokyo:Mirror_and_Dog","floor":24,"turns":3},{"damage":9,"enemies":"Gensokyo:Wraith","floor":28,"turns":3},{"damage":21,"enemies":"Gensokyo:3_Gloops","floor":29,"turns":4},{"damage":9,"enemies":"Gensokyo:Monolith_and_Dog","floor":31,"turns":4},{"damage":53,"enemies":"Gensokyo:Kaguya","floor":33,"turns":8},{"damage":26,"enemies":"Gensokyo:3_Boulders","floor":35,"turns":5},{"damage":18,"enemies":"Gensokyo:AncientGuardian","floor":38,"turns":3},{"damage":14,"enemies":"Gensokyo:Doremy","floor":41,"turns":4},{"damage":41,"enemies":"Gensokyo:Sharpion","floor":42,"turns":5},{"damage":74,"enemies":"Nightmare","floor":45,"turns":6}],"seed_played":"2194813263049651929","potions_obtained":[{"floor":11,"key":"GamblersBrew"},{"floor":18,"key":"GamblersBrew"},{"floor":20,"key":"Toxic Potion"},{"floor":28,"key":"PowerPotion"},{"floor":42,"key":"Languid Potion"}],"is_trial":false,"path_per_floor":["M","?","?","?","COS","R","?","R","T","R","M","M","M","E","R","B",null,"M","?","M","?","?","R","M","$","T","R","M","M","AVR","M","R","B",null,"M","$","?","M","$","R","E","M","T","R","NM"],"character_chosen":"MARISA","items_purchased":["EnergyFlow","hubris:EmptyBottle","Singularity","AlicesGift","SporeBomb"],"campfire_rested":5,"item_purchase_floors":[25,25,36,36,39],"current_hp_per_floor":[82,82,82,82,82,82,82,82,82,82,77,74,66,35,35,16,82,62,62,47,47,47,71,58,58,58,82,73,52,52,53,77,34,82,56,56,64,46,46,70,66,35,35,59,0,0],"gold":108,"neow_bonus":"TEN_PERCENT_HP_BONUS","is_daily":false,"chose_seed":false,"campfire_upgraded":4,"win_rate":0.0,"timestamp":1612471757,"path_taken":["M","?","?","?","COS","R","?","R","T","R","M","M","M","E","R","BOSS","M","?","M","?","?","R","M","$","T","R","M","?","AVR","M","R","BOSS","M","$","?","?","?","R","E","?","T","R","NM"],"items_purchased_type":["Card","Relic","Card","Card","Card"],"build_version":"2020-12-22","purchased_purges":1,"victory":false,"max_hp_per_floor":[82,82,82,82,82,82,82,82,82,82,82,82,82,82,82,82,82,82,82,82,82,82,82,82,82,82,82,82,82,82,82,82,82,82,82,82,82,82,82,82,82,82,82,82,82,82],"card_choices":[{"not_picked":["MilkyWay","OneTimeOff"],"picked":"DoubleSpark","floor":1},{"not_picked":["PowerUp","6A"],"picked":"PulseMagic","floor":11},{"not_picked":["DoubleSpark","6A"],"picked":"EnergyFlow","floor":12},{"not_picked":["WitchOfGreed","DC"],"picked":"StarBarrage","floor":13},{"not_picked":["MysteriousBeam","ChargingUp"],"picked":"OrrerysSun","floor":14},{"not_picked":["BinaryStars","EscapeVelocity","AbsoluteMagnitude"],"picked":"FinalSpark","floor":16},{"not_picked":["Acceleration","NonDirectionalLaser+1","UnstableBomb"],"picked":"GrandCross+1","floor":18},{"not_picked":["OneTimeOff","6A+1","DarkSpark"],"picked":"WitchLeyline","floor":20},{"not_picked":["DarkMatter+1","OpenUniverse+1","NonDirectionalLaser"],"picked":"EventHorizon+1","floor":24},{"not_picked":["6A+1","Occultation","ChargingUp+1"],"picked":"GalacticHalo","floor":28},{"not_picked":["GalacticHalo","IllusionStar","MillisecondPulsars"],"picked":"ChargeUpSpray","floor":29},{"not_picked":["AsteroidBelt+1","NonDirectionalLaser+1","ManaConvection"],"picked":"RefractionSpark+1","floor":31},{"not_picked":["WitchOfGreed+1"],"picked":"MilkyWay","floor":35},{"not_picked":["UnstableBomb+1","NonDirectionalLaser+1"],"picked":"SKIP","floor":38},{"not_picked":["NonDirectionalLaser"],"picked":"ShootingEcho+1","floor":41},{"not_picked":["DC+1"],"picked":"MysteriousBeam+1","floor":42}],"player_experience":269736,"relics_obtained":[{"floor":9,"key":"Replay:Wax Seal"},{"floor":14,"key":"Question Card"},{"floor":26,"key":"aspiration:FrozenJewel"},{"floor":41,"key":"infinitespire:Satchel"},{"floor":43,"key":"Replay:Towering Pillar of Hats"}],"event_choices":[{"damage_healed":0,"gold_gain":0,"player_choice":"Leave","damage_taken":0,"max_hp_gain":0,"max_hp_loss":0,"event_name":"conspire:Investor","floor":2,"gold_loss":0}],"is_beta":false,"boss_relics":[{"not_picked":["conspire:RunicOctahedron","ReplayTheSpireMod:SealedPack"],"picked":"Fusion Hammer"},{"not_picked":["hubris:CrackedHourglass","energizedSpire:MagnifyingGlass"],"picked":"Busted Crown"}],"items_purged_floors":[25],"is_endless":false,"potions_floor_spawned":[11,18,20,28,42],"killed_by":"Nightmare","ascension_level":0}}