{"host":"0tiuc76yumknr6qf","time":1612399841,"event":{"mods":["BaseMod","Bestiary","Colored Map","DeckTracker","Highlight Path","Minty Spire (QoL Compilation)","StSLib"],"gold_per_floor":[119,137,117,137,151,151,166,180,180,196,196,271,299,309,309,309,309],"floor_reached":16,"language":"ENG","playtime":636,"items_purged":[],"score":212,"play_id":"37d0fa39-308e-4b15-a40d-fdb5600224e7","local_time":"20210203185041","is_ascension_mode":true,"campfire_choices":[{"data":"Streamline","floor":6,"key":"SMITH"},{"data":"Defragment","floor":11,"key":"SMITH"},{"floor":15,"key":"REST"}],"circlet_count":0,"master_deck":["AscendersBane","Strike_B","Strike_B","Strike_B","Strike_B","Defend_B","Defend_B","Defend_B","Defend_B","Zap","Dualcast","Streamline+1","Compile Driver","Defragment+1","Sweeping Beam","Coolheaded","Conserve Battery","Cold Snap","Gash","Consume"],"relics":["Cracked Core","NeowsBlessing","StrikeDummy","Smiling Mask"],"acts_visited":["Exordium"],"potions_floor_usage":[7,14,16],"damage_taken":[{"damage":0,"enemies":"Small Slimes","floor":1,"turns":1},{"damage":0,"enemies":"Cultist","floor":2,"turns":1},{"damage":0,"enemies":"2 Louse","floor":4,"turns":1},{"damage":7,"enemies":"Looter","floor":5,"turns":3},{"damage":12,"enemies":"Lots of Slimes","floor":7,"turns":2},{"damage":15,"enemies":"3 Louse","floor":8,"turns":3},{"damage":6,"enemies":"Exordium Thugs","floor":10,"turns":6},{"damage":6,"enemies":"Lagavulin","floor":13,"turns":8},{"damage":0,"enemies":"2 Fungi Beasts","floor":14,"turns":3},{"damage":36,"enemies":"Hexaghost","floor":16,"turns":11}],"seed_played":"7066984231319902777","potions_obtained":[{"floor":1,"key":"SteroidPotion"},{"floor":3,"key":"Strength Potion"},{"floor":5,"key":"Block Potion"},{"floor":8,"key":"SneckoOil"},{"floor":14,"key":"FearPotion"}],"is_trial":false,"path_per_floor":["M","M","?","M","M","R","M","M","T","M","R","?","E","M","R","B"],"character_chosen":"DEFECT","items_purchased":[],"campfire_rested":1,"item_purchase_floors":[],"current_hp_per_floor":[64,64,64,64,57,57,45,30,30,24,24,13,7,7,28,0,0],"gold":309,"neow_bonus":"THREE_ENEMY_KILL","is_daily":false,"chose_seed":false,"campfire_upgraded":2,"win_rate":0.0,"timestamp":1612399841,"path_taken":["M","M","?","M","M","R","M","M","T","?","R","?","E","M","R","BOSS"],"items_purchased_type":[],"build_version":"2020-12-22","purchased_purges":0,"victory":false,"max_hp_per_floor":[71,71,71,71,71,71,71,71,71,71,71,71,71,71,71,71,71],"card_choices":[{"not_picked":["Conserve Battery","Beam Cell"],"picked":"Streamline","floor":1},{"not_picked":["Melter","All For One"],"picked":"Compile Driver","floor":2},{"not_picked":["Stack","BootSequence"],"picked":"Defragment","floor":4},{"not_picked":["Sunder","Conserve Battery"],"picked":"Sweeping Beam","floor":5},{"not_picked":["Melter","Conserve Battery"],"picked":"Coolheaded","floor":7},{"not_picked":["Go for the Eyes","Melter"],"picked":"Conserve Battery","floor":8},{"not_picked":["Steam","Hologram"],"picked":"Cold Snap","floor":10},{"not_picked":["Rebound","Buffer"],"picked":"Gash","floor":13},{"not_picked":["Stack","Hologram"],"picked":"Consume","floor":14}],"player_experience":1935510,"relics_obtained":[{"floor":9,"key":"StrikeDummy"},{"floor":13,"key":"Smiling Mask"}],"event_choices":[{"damage_healed":0,"gold_gain":0,"player_choice":"Bought 1 Potion","damage_taken":0,"max_hp_gain":0,"max_hp_loss":0,"event_name":"The Woman in Blue","floor":3,"gold_loss":0},{"damage_healed":0,"gold_gain":75,"player_choice":"Gather Gold","damage_taken":11,"max_hp_gain":0,"max_hp_loss":0,"event_name":"World of Goop","floor":12,"gold_loss":0}],"is_beta":false,"boss_relics":[],"items_purged_floors":[],"is_endless":false,"potions_floor_spawned":[1,5,8,14],"killed_by":"Hexaghost","ascension_level":20}}