{"host":"qrt7o4dq2qslzw13","time":1612428874,"event":{"mods":["AchievementEnabler","BaseMod","Colored Map","Colored Powertips","Minty Spire (QoL Compilation)","Quick Restart","StSLib","SuperFastMode"],"gold_per_floor":[112,77,77,97,114,114,139,139,220,233,253,271,287,462,462,462,462],"floor_reached":16,"language":"ENG","playtime":265,"items_purged":[],"score":120,"play_id":"d3f9c897-72a1-4bfe-a519-120ca7cc2c49","local_time":"20210204035434","is_ascension_mode":true,"campfire_choices":[{"data":"Consume","floor":6,"key":"SMITH"},{"floor":8,"key":"REST"},{"floor":15,"key":"REST"}],"circlet_count":0,"master_deck":["Strike_B","Strike_B","Strike_B","Strike_B","Defend_B","Defend_B","Defend_B","Defend_B","Zap","Dualcast","Hyperbeam","Stack","Regret","Consume+1","Skim","Storm","Static Discharge","Chill","Reprogram","Leap"],"relics":["Cracked Core","Omamori","Blood Vial","HornCleat"],"acts_visited":["Exordium"],"potions_floor_usage":[],"damage_taken":[{"damage":11.0,"enemies":"Jaw Worm","floor":1.0,"turns":4.0},{"damage":0.0,"enemies":"Small Slimes","floor":4.0,"turns":1.0},{"damage":3,"enemies":"Cultist","floor":5,"turns":3},{"damage":41,"enemies":"3 Sentries","floor":7,"turns":4},{"damage":6,"enemies":"2 Fungi Beasts","floor":10,"turns":3},{"damage":1,"enemies":"3 Louse","floor":11,"turns":3},{"damage":13,"enemies":"Blue Slaver","floor":12,"turns":4},{"damage":0,"enemies":"Gremlin Gang","floor":13,"turns":1},{"damage":83,"enemies":"The Guardian","floor":16,"turns":13}],"seed_played":"-582026009321320249","potions_obtained":[{"floor":4.0,"key":"FairyPotion"},{"floor":11,"key":"Block Potion"},{"floor":12,"key":"FocusPotion"}],"is_trial":false,"path_per_floor":["M","?","?","M","M","R","E","R","T","M","M","M","M","?","R","B"],"character_chosen":"DEFECT","items_purchased":[],"campfire_rested":2,"item_purchase_floors":[],"current_hp_per_floor":[43,61,61,61,58,58,17,39,39,35,36,25,27,27,49,0,0],"gold":462,"neow_bonus":"THREE_RARE_CARDS","is_daily":false,"chose_seed":false,"campfire_upgraded":1,"win_rate":0.0,"timestamp":1612428874,"path_taken":["M","?","?","M","M","R","E","R","T","M","M","M","M","?","R","BOSS"],"items_purchased_type":[],"build_version":"2020-12-22","purchased_purges":0,"victory":false,"max_hp_per_floor":[75,75,75,75,75,75,75,75,75,75,75,75,75,75,75,75,75],"card_choices":[{"not_picked":["Machine Learning","Electrodynamics"],"picked":"Hyperbeam","floor":0.0},{"not_picked":["Ball Lightning","Gash"],"picked":"Stack","floor":1.0},{"not_picked":["Rebound","Self Repair"],"picked":"Consume","floor":4.0},{"not_picked":["Gash","Electrodynamics"],"picked":"Skim","floor":5},{"not_picked":["Coolheaded","Steam"],"picked":"Storm","floor":7},{"not_picked":["Ball Lightning","Sweeping Beam"],"picked":"Static Discharge","floor":10},{"not_picked":["Rebound","Coolheaded"],"picked":"Chill","floor":11},{"not_picked":["Thunder Strike","White Noise"],"picked":"Reprogram","floor":12},{"not_picked":["Gash","Redo"],"picked":"Leap","floor":13}],"player_experience":619310,"relics_obtained":[{"floor":7,"key":"Blood Vial"},{"floor":9,"key":"HornCleat"}],"event_choices":[{"damage_healed":18.0,"max_hp_gain":0.0,"max_hp_loss":0.0,"gold_gain":0.0,"event_name":"The Cleric","player_choice":"Healed","floor":2.0,"gold_loss":35.0,"damage_taken":0.0},{"damage_healed":0.0,"max_hp_gain":0.0,"max_hp_loss":0.0,"gold_gain":0.0,"event_name":"Big Fish","player_choice":"Box","floor":3.0,"gold_loss":0.0,"damage_taken":0.0,"relics_obtained":["Omamori"],"cards_obtained":["Regret"]},{"damage_healed":0,"gold_gain":175,"player_choice":"AGREE","damage_taken":0,"max_hp_gain":0,"max_hp_loss":0,"event_name":"Liars Game","floor":14,"gold_loss":0,"cards_obtained":["Doubt"]}],"is_beta":false,"boss_relics":[],"items_purged_floors":[],"is_endless":false,"potions_floor_spawned":[4,11,12,13],"killed_by":"The Guardian","ascension_level":3}}