{"host":"sav7uxregyirlf69","time":1612415257,"event":{"mods":["AchievementEnabler","BaseMod","Colored Map","DeckTracker","Keyboard Shortcuts","Minty Spire (QoL Compilation)","READ ME - Guardian Mod","StSLib","SuperFastMode"],"gold_per_floor":[114,134,134,154,173,173,184,212,291,291,308,233,99,174,174,248,248,259,273,273,273,273,273],"floor_reached":22,"language":"KOR","playtime":350,"items_purged":["Strike_G"],"score":372,"play_id":"471745f9-a125-4b2b-bbef-6433ee22a88c","local_time":"20210204140737","is_ascension_mode":true,"campfire_choices":[{"data":"Masterful Stab","floor":6,"key":"SMITH"},{"floor":10,"key":"REST"},{"data":"Bouncing Flask","floor":15,"key":"SMITH"}],"circlet_count":0,"master_deck":["AscendersBane","Strike_G","Strike_G","Defend_G","Defend_G","Defend_G","Defend_G","Survivor","Neutralize","Backstab","Masterful Stab+1","Dagger Throw","Grand Finale","Bouncing Flask+1","Quick Slash","Well Laid Plans","Phantasmal Killer","Storm of Steel","Decay"],"relics":["Ring of the Snake","NeowsBlessing","Toy Ornithopter","Tingsha","Letter Opener","SacredBark"],"acts_visited":["Exordium","TheCity"],"potions_floor_usage":[22],"damage_taken":[{"damage":0,"enemies":"Small Slimes","floor":1,"turns":1},{"damage":0,"enemies":"Cultist","floor":2,"turns":1},{"damage":0,"enemies":"Jaw Worm","floor":4,"turns":1},{"damage":7,"enemies":"2 Fungi Beasts","floor":5,"turns":3},{"damage":0,"enemies":"Blue Slaver","floor":7,"turns":3},{"damage":45,"enemies":"Lagavulin","floor":8,"turns":8},{"damage":0,"enemies":"Exordium Wildlife","floor":11,"turns":3},{"damage":13,"enemies":"Hexaghost","floor":16,"turns":8},{"damage":24,"enemies":"Shell Parasite","floor":18,"turns":6},{"damage":21,"enemies":"3 Byrds","floor":19,"turns":3},{"damage":66,"enemies":"Sentry and Sphere","floor":22,"turns":6}],"seed_played":"5222278113453581645","potions_obtained":[{"floor":2,"key":"Swift Potion"},{"floor":5,"key":"FairyPotion"},{"floor":7,"key":"Explosive Potion"},{"floor":16,"key":"SkillPotion"}],"is_trial":false,"path_per_floor":["M","M","?","M","M","R","M","E","T","R","M","?","$","?","R","B",null,"M","M","?","?","M"],"character_chosen":"THE_SILENT","items_purchased":["Quick Slash"],"campfire_rested":1,"item_purchase_floors":[13],"current_hp_per_floor":[59,59,59,59,52,52,52,7,7,26,26,26,26,15,15,2,50,26,5,5,5,0,0],"gold":273,"neow_bonus":"THREE_ENEMY_KILL","is_daily":false,"chose_seed":false,"campfire_upgraded":2,"win_rate":0.0,"timestamp":1612415257,"path_taken":["M","M","?","M","?","R","M","E","T","R","M","?","$","?","R","BOSS","M","M","?","?","M"],"items_purchased_type":["Card"],"build_version":"2020-12-22","purchased_purges":1,"victory":false,"max_hp_per_floor":[66,66,66,66,66,66,66,66,66,66,66,66,66,66,66,66,66,66,66,66,66,66,66],"card_choices":[{"not_picked":["Dodge and Roll","Endless Agony","Sucker Punch"],"picked":"SKIP","floor":1},{"not_picked":["Bane","Reflex"],"picked":"Backstab","floor":2},{"not_picked":["Cloak And Dagger","Dodge and Roll"],"picked":"Masterful Stab","floor":4},{"not_picked":["Deflect","Storm of Steel","PiercingWail"],"picked":"SKIP","floor":5},{"not_picked":["Caltrops","Deadly Poison"],"picked":"Dagger Throw","floor":7},{"not_picked":["Deflect","Expertise"],"picked":"Grand Finale","floor":8},{"not_picked":["Infinite Blades","Flying Knee"],"picked":"Bouncing Flask","floor":11},{"not_picked":["Deadly Poison","Poisoned Stab"],"picked":"Well Laid Plans","floor":18},{"not_picked":["Distraction","Sucker Punch","Endless Agony"],"picked":"SKIP","floor":19}],"player_experience":1482160,"relics_obtained":[{"floor":8,"key":"Tingsha"},{"floor":9,"key":"Letter Opener"}],"event_choices":[{"damage_healed":0,"gold_gain":0,"player_choice":"Gave Potion","damage_taken":0,"relics_obtained":["Toy Ornithopter"],"max_hp_gain":0,"max_hp_loss":0,"event_name":"WeMeetAgain","floor":3,"gold_loss":0},{"cards_removed":["Strike_G"],"damage_healed":0,"gold_gain":0,"player_choice":"Card Removal","damage_taken":0,"max_hp_gain":0,"max_hp_loss":0,"event_name":"The Cleric","floor":12,"gold_loss":75},{"damage_healed":0,"gold_gain":75,"player_choice":"Gather Gold","damage_taken":11,"max_hp_gain":0,"max_hp_loss":0,"event_name":"World of Goop","floor":14,"gold_loss":0},{"damage_healed":0,"gold_gain":0,"cards_transformed":["Strike_G","Defend_G"],"player_choice":"Became Test Subject","damage_taken":0,"max_hp_gain":0,"max_hp_loss":0,"event_name":"Drug Dealer","floor":20,"gold_loss":0,"cards_obtained":["Phantasmal Killer","Storm of Steel"]},{"damage_healed":0,"gold_gain":0,"player_choice":"Smashed Altar","damage_taken":0,"max_hp_gain":0,"max_hp_loss":0,"event_name":"Forgotten Altar","floor":21,"gold_loss":0,"cards_obtained":["Decay"]}],"is_beta":false,"boss_relics":[{"not_picked":["SlaversCollar","Sozu"],"picked":"SacredBark"}],"items_purged_floors":[13],"is_endless":false,"potions_floor_spawned":[2,5,7,16,18],"killed_by":"Sentry and Sphere","ascension_level":20}}