{"host":"sav7uxregyirlf69","time":1612399827,"event":{"mods":["AchievementEnabler","BaseMod","Colored Map","DeckTracker","Keyboard Shortcuts","Minty Spire (QoL Compilation)","READ ME - Guardian Mod","StSLib","SuperFastMode"],"gold_per_floor":[117,132,57,68,68,103,103,137,137,137,149,149,159,170,170,244,294,310,310,310,310,310,310,310,310],"floor_reached":24,"language":"KOR","playtime":304,"items_purged":["Regret"],"score":408,"play_id":"cde1f24c-83c4-4c5f-8c4a-8dea0ac9b6ed","local_time":"20210204095027","is_ascension_mode":true,"campfire_choices":[{"data":"Carnage","floor":7.0,"key":"SMITH"},{"floor":10.0,"key":"REST"},{"data":"Fire Breathing","floor":12.0,"key":"SMITH"},{"floor":15,"key":"DIG"},{"floor":23,"key":"DIG"}],"circlet_count":0,"master_deck":["AscendersBane","Strike_R+1","Strike_R+1","Strike_R+1","Strike_R+1","Defend_R+1","Defend_R+1","Defend_R+1","Defend_R+1","Bash","Pommel Strike","Shrug It Off","Fire Breathing+1","Carnage+1","Battle Trance","Second Wind","Offering","Body Slam","Dark Embrace"],"relics":["Burning Blood","Shovel","Kunai","Ornamental Fan","Question Card","Tiny House","Shuriken"],"acts_visited":["Exordium","TheCity"],"potions_floor_usage":[13,18,24],"damage_taken":[{"damage":8.0,"enemies":"Small Slimes","floor":1.0,"turns":3.0},{"damage":9.0,"enemies":"2 Louse","floor":2.0,"turns":3.0},{"damage":1.0,"enemies":"Cultist","floor":4.0,"turns":3.0},{"damage":42.0,"enemies":"Gremlin Nob","floor":6.0,"turns":5.0},{"damage":16.0,"enemies":"3 Sentries","floor":8.0,"turns":5.0},{"damage":11.0,"enemies":"Blue Slaver","floor":11.0,"turns":3.0},{"damage":0,"enemies":"Lots of Slimes","floor":13,"turns":3},{"damage":4,"enemies":"Looter","floor":14,"turns":4},{"damage":30,"enemies":"Slime Boss","floor":16,"turns":5},{"damage":21,"enemies":"Spheric Guardian","floor":18,"turns":4},{"damage":37,"enemies":"Slavers","floor":24,"turns":3}],"seed_played":"-781663447598450685","potions_obtained":[{"floor":1.0,"key":"Weak Potion"},{"floor":4.0,"key":"Energy Potion"},{"floor":8.0,"key":"Explosive Potion"},{"floor":16,"key":"DistilledChaos"},{"floor":17,"key":"Weak Potion"},{"floor":18,"key":"BlessingOfTheForge"}],"is_trial":false,"path_per_floor":["M","M","$","M","?","E","R","E","T","R","M","R","M","M","R","B",null,"M","?","?","?","?","R","E"],"character_chosen":"IRONCLAD","items_purchased":[],"campfire_rested":1,"item_purchase_floors":[],"current_hp_per_floor":[66,63,63,68,68,32,32,22,22,44,39,39,45,47,47,23,67,52,52,52,52,52,52,15,15],"gold":310,"neow_bonus":"ONE_RARE_RELIC","is_daily":false,"chose_seed":false,"campfire_upgraded":2,"win_rate":0.0,"timestamp":1612399827,"path_taken":["M","M","$","M","?","E","R","E","T","R","M","R","M","M","R","BOSS","M","?","?","?","?","R","E"],"items_purchased_type":[],"build_version":"2020-12-22","purchased_purges":1,"victory":false,"max_hp_per_floor":[75,75,75,75,75,75,75,75,75,75,75,75,75,75,75,75,80,80,80,80,80,80,80,80,80],"card_choices":[{"not_picked":["Heavy Blade","Cleave"],"picked":"Pommel Strike","floor":1.0},{"not_picked":["Headbutt","Armaments"],"picked":"Shrug It Off","floor":2.0},{"not_picked":["Berserk","Sword Boomerang"],"picked":"Fire Breathing","floor":4.0},{"not_picked":["Shockwave","Spot Weakness"],"picked":"Carnage","floor":6.0},{"not_picked":["Heavy Blade","Warcry"],"picked":"Battle Trance","floor":8.0},{"not_picked":["Iron Wave","Cleave","Clash"],"picked":"SKIP","floor":11.0},{"not_picked":["Fire Breathing","Anger"],"picked":"Second Wind","floor":13},{"not_picked":["Clash","Flex","Twin Strike"],"picked":"SKIP","floor":14},{"not_picked":["Immolate","Berserk","Corruption"],"picked":"Offering","floor":16},{"not_picked":["Thunderclap","Inflame","Infernal Blade"],"picked":"Body Slam","floor":17},{"not_picked":["Clothesline","Warcry","Hemokinesis"],"picked":"Dark Embrace","floor":18}],"player_experience":1475808,"relics_obtained":[{"floor":6.0,"key":"Kunai"},{"floor":9.0,"key":"Ornamental Fan"},{"floor":15,"key":"Question Card"},{"floor":23,"key":"Shuriken"}],"event_choices":[{"damage_healed":0.0,"max_hp_gain":0.0,"max_hp_loss":0.0,"gold_gain":0.0,"event_name":"The Cleric","player_choice":"Leave","floor":5.0,"gold_loss":0.0,"damage_taken":0.0},{"damage_healed":0,"gold_gain":0,"player_choice":"Simplicity","damage_taken":0,"max_hp_gain":0,"max_hp_loss":0,"event_name":"Back to Basics","floor":19,"gold_loss":0,"cards_upgraded":["Strike_R","Strike_R","Strike_R","Strike_R","Strike_R","Defend_R","Defend_R","Defend_R"]},{"damage_healed":0,"gold_gain":0,"player_choice":"Ignored","damage_taken":0,"max_hp_gain":0,"max_hp_loss":0,"event_name":"The Mausoleum","floor":20,"gold_loss":0},{"damage_healed":0,"gold_gain":0,"player_choice":"Ignored","damage_taken":0,"max_hp_gain":0,"max_hp_loss":0,"event_name":"Cursed Tome","floor":21,"gold_loss":0},{"cards_removed":["Strike_R"],"damage_healed":0,"gold_gain":0,"player_choice":"Purged","damage_taken":0,"max_hp_gain":0,"max_hp_loss":0,"event_name":"Purifier","floor":22,"gold_loss":0}],"is_beta":false,"boss_relics":[{"not_picked":["Runic Cube","SlaversCollar"],"picked":"Tiny House"}],"items_purged_floors":[3],"is_endless":false,"potions_floor_spawned":[1,4,8,16,18],"killed_by":"Slavers","ascension_level":20}}