{"host":"k919bq8mkuzdqhzi","time":1612469211,"event":{"mods":["AchievementEnabler","BaseMod","Colored Map","Colored Powertips","DeckTracker","Minty Spire (QoL Compilation)","Relic Sorter","SuperFastMode"],"gold_per_floor":[119,119,119,18,35,35,66,66,91,91,103,103,103,114,114,210,260,272,272,272,272,10,10,28,28,110,110,130,145,70,83,83,83,83],"floor_reached":33,"language":"ENG","playtime":2172,"items_purged":["Defend_G"],"score":268,"play_id":"bea2811a-0b70-4171-9e8c-f6e116835143","local_time":"20210204150651","is_ascension_mode":false,"campfire_choices":[{"data":"Sucker Punch","floor":6,"key":"SMITH"},{"data":"Neutralize","floor":10,"key":"SMITH"},{"data":"Poisoned Stab","floor":12,"key":"SMITH"},{"data":"Dodge and Roll","floor":15,"key":"SMITH"},{"data":"Envenom","floor":23,"key":"SMITH"},{"data":"Crippling Poison","floor":27,"key":"SMITH"},{"floor":32,"key":"REST"}],"circlet_count":0,"master_deck":["Defend_G","Defend_G","Defend_G","Survivor","Neutralize+1","Footwork+1","Poisoned Stab+1","Bane","Sucker Punch+1","Acrobatics","Dodge and Roll+1","Underhanded Strike","Envenom+1","Outmaneuver","Crippling Poison+1","Bite","Bite","Bite","Bite","Bite","Terror","Dagger Spray","Cloak And Dagger","Flying Knee","Eviscerate+1"],"relics":["Ring of the Snake","Strawberry","StoneCalendar","Tiny Chest","Tiny House","Potion Belt","Blue Candle","Lantern","Bottled Flame"],"acts_visited":["Exordium","TheCity"],"potions_floor_usage":[7,29,29],"damage_taken":[{"damage":2,"enemies":"Small Slimes","floor":1,"turns":4},{"damage":0,"enemies":"Jaw Worm","floor":5,"turns":3},{"damage":12,"enemies":"Gremlin Nob","floor":7,"turns":4},{"damage":0,"enemies":"2 Louse","floor":11,"turns":3},{"damage":0,"enemies":"Looter","floor":14,"turns":4},{"damage":14,"enemies":"Slime Boss","floor":16,"turns":9},{"damage":36,"enemies":"3 Byrds","floor":18,"turns":7},{"damage":20,"enemies":"Chosen","floor":24,"turns":5},{"damage":15,"enemies":"Centurion and Healer","floor":28,"turns":7},{"damage":31,"enemies":"3 Cultists","floor":29,"turns":7},{"damage":39,"enemies":"Sentry and Sphere","floor":31,"turns":8},{"damage":46,"enemies":"Automaton","floor":33,"turns":6}],"seed_played":"3364438099065369378","potions_obtained":[{"floor":1,"key":"Explosive Potion"},{"floor":5,"key":"FairyPotion"},{"floor":17,"key":"SneckoOil"},{"floor":24,"key":"Dexterity Potion"},{"floor":28,"key":"GhostInAJar"}],"is_trial":false,"path_per_floor":["M","?","?","$","M","R","E","T","T","R","M","R","?","M","R","B",null,"M","?","?","T","$","R","M","$","T","R","M","M","?","M","R","B"],"character_chosen":"THE_SILENT","items_purchased":["Poisoned Stab","Bane","Terror","Lantern"],"campfire_rested":1,"item_purchase_floors":[4,4,22,22],"current_hp_per_floor":[61,66,66,66,66,66,61,61,61,61,61,61,61,61,61,47,80,44,44,44,44,44,44,36,36,36,36,35,14,14,11,27,0,0],"gold":83,"neow_bonus":"REMOVE_TWO","is_daily":false,"chose_seed":false,"campfire_upgraded":6,"win_rate":0.0,"timestamp":1612469211,"path_taken":["M","?","?","$","M","R","E","?","T","R","M","R","?","M","R","BOSS","M","?","?","?","?","R","M","$","T","R","M","M","?","M","R","BOSS"],"items_purchased_type":["Card","Card","Card","Relic"],"build_version":"2020-12-22","purchased_purges":1,"victory":false,"max_hp_per_floor":[63,68,68,68,68,68,75,75,75,75,75,75,75,75,75,75,80,80,56,56,56,56,56,56,56,56,56,56,56,56,56,56,56,56],"card_choices":[{"not_picked":["Deadly Poison","Dodge and Roll"],"picked":"Footwork","floor":1},{"not_picked":["Acrobatics","Endless Agony"],"picked":"Sucker Punch","floor":5},{"not_picked":["Prepared","Slice"],"picked":"Acrobatics","floor":7},{"not_picked":["Finisher","Heel Hook"],"picked":"Dodge and Roll","floor":11},{"not_picked":["All Out Attack","Reflex"],"picked":"Underhanded Strike","floor":14},{"not_picked":["Unload","Wraith Form v2"],"picked":"Envenom","floor":16},{"not_picked":["Eviscerate","Poisoned Stab"],"picked":"Outmaneuver","floor":17},{"not_picked":["Flechettes","Backflip"],"picked":"Crippling Poison","floor":18},{"not_picked":["Blade Dance","Terror"],"picked":"Dagger Spray","floor":24},{"not_picked":["Poisoned Stab+1","PiercingWail+1"],"picked":"Cloak And Dagger","floor":28},{"not_picked":["Heel Hook","Prepared"],"picked":"Flying Knee","floor":29},{"not_picked":["Cloak And Dagger","Infinite Blades"],"picked":"Eviscerate+1","floor":31}],"player_experience":89877,"relics_obtained":[{"floor":7,"key":"Strawberry"},{"floor":8,"key":"StoneCalendar"},{"floor":9,"key":"Tiny Chest"},{"floor":21,"key":"Blue Candle"},{"floor":26,"key":"Bottled Flame"}],"event_choices":[{"damage_healed":0,"gold_gain":0,"player_choice":"Donut","damage_taken":0,"max_hp_gain":5,"max_hp_loss":0,"event_name":"Big Fish","floor":2,"gold_loss":0},{"damage_healed":0,"gold_gain":0,"player_choice":"Grow","damage_taken":0,"max_hp_gain":0,"max_hp_loss":0,"event_name":"Living Wall","floor":3,"gold_loss":0,"cards_upgraded":["Footwork"]},{"damage_healed":0,"gold_gain":0,"player_choice":"Fled","damage_taken":0,"max_hp_gain":0,"max_hp_loss":0,"event_name":"Scrap Ooze","floor":13,"gold_loss":0},{"damage_healed":0,"gold_gain":0,"player_choice":"Became a vampire","damage_taken":0,"max_hp_gain":0,"max_hp_loss":24,"event_name":"Vampires","floor":19,"gold_loss":0,"cards_obtained":["Bite","Bite","Bite","Bite","Bite"]},{"damage_healed":0,"gold_gain":0,"player_choice":"Opened","damage_taken":0,"relics_obtained":["Potion Belt"],"max_hp_gain":0,"max_hp_loss":0,"event_name":"The Mausoleum","floor":20,"gold_loss":0,"cards_obtained":["Writhe"]},{"cards_removed":["Writhe"],"damage_healed":0,"gold_gain":0,"player_choice":"Gave Gold","damage_taken":0,"max_hp_gain":0,"max_hp_loss":0,"event_name":"Beggar","floor":30,"gold_loss":75}],"is_beta":false,"boss_relics":[{"not_picked":["WristBlade","Fusion Hammer"],"picked":"Tiny House"}],"items_purged_floors":[22],"is_endless":false,"potions_floor_spawned":[1,5,24,28],"killed_by":"Automaton","ascension_level":0}}