{"host":"x000krxjblg8jdg4","time":1612478621,"event":{"mods":["BaseMod","Downfall","Hermit","Minty Spire (QoL Compilation)","StSLib","The Runesmith","The Servant 0.9.4"],"gold_per_floor":[211,223,223,272,31,63,63,124,124,158,158,193,193,193,193,322,322,292,292,312,312,312,347,347,272,272,272,285,285,285,308,308,308,308],"floor_reached":33,"language":"ENG","playtime":7596,"items_purged":[],"score":291,"play_id":"6b78e5e4-cb0d-4c6d-89f0-aa1f85743bf0","local_time":"20210204204341","is_ascension_mode":true,"campfire_choices":[{"floor":7,"key":"REST"},{"floor":11,"key":"REST"},{"floor":13,"key":"REST"},{"floor":15,"key":"REST"},{"floor":27,"key":"REST"},{"floor":29,"key":"REST"},{"floor":32,"key":"REST"}],"circlet_count":0,"master_deck":["Strike_G","Strike_G","Strike_G","Strike_G","Defend_G","Defend_G","Defend_G","Defend_G","Defend_G","Survivor","Neutralize","Heel Hook","Slice","Flying Knee","Backstab","Footwork","Outmaneuver+1","Phantasmal Killer+1","Cloak And Dagger+1","Doppelganger+1","Underhanded Strike+1","Masterful Stab","Blur+1","Finisher"],"relics":["Ring of the Snake","Toy Ornithopter","Toxic Egg 2","Strawberry","Boot","PreservedInsect","Ornamental Fan","Juzu Bracelet","Golden Idol","Potion Belt","Ninja Scroll","Mummified Hand"],"acts_visited":["Exordium","TheCity"],"potions_floor_usage":[16,33,33,33,33],"damage_taken":[{"damage":0,"enemies":"Small Slimes","floor":1,"turns":4},{"damage":0,"enemies":"Jaw Worm","floor":2,"turns":5},{"damage":25,"enemies":"Gremlin Nob","floor":6,"turns":5},{"damage":31,"enemies":"3 Sentries","floor":8,"turns":12},{"damage":23,"enemies":"Lagavulin","floor":10,"turns":6},{"damage":9,"enemies":"Gremlin Nob","floor":12,"turns":4},{"damage":59,"enemies":"Hexaghost","floor":16,"turns":15},{"damage":30,"enemies":"2 Thieves","floor":18,"turns":5},{"damage":0,"enemies":"Shell Parasite","floor":20,"turns":5},{"damage":55,"enemies":"Slavers","floor":23,"turns":9},{"damage":14,"enemies":"Snecko","floor":28,"turns":4},{"damage":3,"enemies":"Centurion and Healer","floor":31,"turns":5},{"damage":81,"enemies":"Automaton","floor":33,"turns":12}],"seed_played":"-3096491614964613805","potions_obtained":[{"floor":1,"key":"PowerPotion"},{"floor":2,"key":"sneckomod:MuddlingPotion"},{"floor":16,"key":"Dexterity Potion"},{"floor":23,"key":"FearPotion"},{"floor":28,"key":"ColorlessPotion"}],"is_trial":false,"path_per_floor":["M","M","?","T","$","E","R","?","T","E","R","E","R","?","R","B",null,"M","?","M","?","?","E","?","?","T","R","M","R","?","M","R","B"],"character_chosen":"THE_SILENT","items_purchased":["Toxic Egg 2"],"campfire_rested":7,"item_purchase_floors":[5],"current_hp_per_floor":[70,70,70,70,70,52,75,44,44,21,44,35,58,39,62,8,77,47,47,47,72,58,3,3,3,3,27,13,37,37,34,58,0,0],"gold":308,"neow_bonus":"HUNDRED_GOLD","is_daily":false,"chose_seed":false,"campfire_upgraded":0,"win_rate":0.0,"timestamp":1612478621,"path_taken":["M","M","?","?","$","E","R","?","T","E","R","E","R","?","R","BOSS","M","?","M","?","?","E","?","?","T","R","M","R","?","M","R","BOSS"],"items_purchased_type":["Relic"],"build_version":"2020-12-22","purchased_purges":0,"victory":false,"max_hp_per_floor":[70,70,70,70,70,77,77,77,77,77,77,77,77,77,77,77,77,77,77,77,77,82,82,82,82,82,82,82,82,82,82,82,82,82],"card_choices":[{"not_picked":["Poisoned Stab","Skewer"],"picked":"Heel Hook","floor":1},{"not_picked":["Deflect","Dodge and Roll"],"picked":"Slice","floor":2},{"not_picked":["Crippling Poison+1","PiercingWail+1"],"picked":"Flying Knee","floor":6},{"not_picked":["Poisoned Stab","Tools of the Trade"],"picked":"Backstab","floor":8},{"not_picked":["Reflex+1","Dash"],"picked":"Footwork","floor":10},{"not_picked":["Sucker Punch","Leg Sweep+1"],"picked":"Outmaneuver+1","floor":12},{"not_picked":["Bullet Time+1","Die Die Die"],"picked":"Phantasmal Killer+1","floor":16},{"not_picked":["Deadly Poison+1","Escape Plan+1"],"picked":"Cloak And Dagger+1","floor":18},{"not_picked":["Prepared+1","Deflect+1"],"picked":"Underhanded Strike+1","floor":20},{"not_picked":["Footwork","Dagger Throw"],"picked":"Masterful Stab","floor":23},{"not_picked":["Underhanded Strike","Quick Slash"],"picked":"Blur+1","floor":28},{"not_picked":["Flechettes","Blur+1"],"picked":"Finisher","floor":31}],"player_experience":36621,"relics_obtained":[{"floor":4,"key":"Toy Ornithopter"},{"floor":6,"key":"Strawberry"},{"floor":8,"key":"Boot"},{"floor":9,"key":"PreservedInsect"},{"floor":10,"key":"Ornamental Fan"},{"floor":12,"key":"Juzu Bracelet"},{"floor":23,"key":"Potion Belt"},{"floor":26,"key":"Mummified Hand"}],"event_choices":[{"damage_healed":0,"gold_gain":0,"player_choice":"Ignored","damage_taken":0,"max_hp_gain":0,"max_hp_loss":0,"event_name":"Liars Game","floor":3,"gold_loss":0},{"damage_healed":0,"gold_gain":0,"player_choice":"Searched \u00271\u0027 times","damage_taken":0,"max_hp_gain":0,"max_hp_loss":0,"event_name":"Dead Adventurer","floor":8,"gold_loss":0},{"damage_healed":0,"gold_gain":0,"player_choice":"Take Damage","damage_taken":19,"relics_obtained":["Golden Idol"],"max_hp_gain":0,"max_hp_loss":0,"event_name":"Golden Idol","floor":14,"gold_loss":0},{"damage_healed":0,"gold_gain":0,"cards_transformed":["Strike_G"],"player_choice":"Transformed","damage_taken":0,"max_hp_gain":0,"max_hp_loss":0,"event_name":"Transmorgrifier","floor":19,"gold_loss":0,"cards_obtained":["Doppelganger"]},{"damage_healed":25,"gold_gain":0,"player_choice":"Heal","damage_taken":0,"max_hp_gain":0,"max_hp_loss":0,"event_name":"The Library","floor":21,"gold_loss":0},{"damage_healed":0,"gold_gain":0,"player_choice":"Shed Blood","damage_taken":19,"max_hp_gain":5,"max_hp_loss":0,"event_name":"Forgotten Altar","floor":22,"gold_loss":0},{"damage_healed":0,"gold_gain":0,"player_choice":"Opened","damage_taken":0,"relics_obtained":["Ninja Scroll"],"max_hp_gain":0,"max_hp_loss":0,"event_name":"The Mausoleum","floor":24,"gold_loss":0,"cards_obtained":["Writhe"]},{"cards_removed":["Writhe"],"damage_healed":0,"gold_gain":0,"player_choice":"Gave Gold","damage_taken":0,"max_hp_gain":0,"max_hp_loss":0,"event_name":"Beggar","floor":25,"gold_loss":75},{"damage_healed":0,"gold_gain":0,"player_choice":"Ignored","damage_taken":0,"max_hp_gain":0,"max_hp_loss":0,"event_name":"Vampires","floor":30,"gold_loss":0}],"is_beta":false,"boss_relics":[{"not_picked":["Runesmith:UraniumAnvil","Ring of the Serpent","Coffee Dripper"]}],"items_purged_floors":[],"is_endless":false,"potions_floor_spawned":[1,2,16,23,28],"killed_by":"Automaton","ascension_level":1}}