{"host":"o3b7ow6d1xe49css","time":1612482167,"event":{"mods":["Act Like it!","Aspiration","BaseMod","Bestiary","Better Altar","Better Match","Better Note","Better Sensory Stone","Better Skull","Better Third Choice","Colored Powertips","Conspire","Energized Spire","Force Act Four","GifTheSpireLib","Halation","Hermit","Hubris","Infinite Spire","Lobotomy","Minty Spire (QoL Compilation)","Quick Restart","Rare Cards Sparkle","Relic Filter Mod","Reliquary","Replay The Spire","Spicy Shops","Spikes Relics","Spire Arcade","StSLib","Stuff the Spire","The Blue Laboratory","Wandering Minibosses"],"gold_per_floor":[416,436,456,74,74,105,131,131,131,161,189,189,220,119,119,224,224,241,258,258,258,258,258,290,290,290,322,322,68,82,82,82,181,181,197,211,112,112,127,127,127,161,161,196,196,226,226,237,237,334,334,334,30,55,55],"floor_reached":56,"language":"ENG","playtime":3975,"items_purged":["Strike_R","Decay","Strike_R","Strike_R","StuffTheSpire:Incineration+1"],"score":1669,"play_id":"26cdc8f2-87ed-4619-b687-b9d97bf5d491","local_time":"20210204144247","daily_mods":["Heirloom","Flight"],"is_ascension_mode":true,"campfire_choices":[{"data":"Uppercut","floor":8,"key":"SMITH"},{"data":"Flame Barrier","floor":15,"key":"SMITH"},{"floor":23,"key":"RECALL"},{"data":"StuffTheSpire:Incineration","floor":25,"key":"SMITH"},{"data":"Shrug It Off","floor":28,"key":"SMITH"},{"data":"Defend_R","floor":28,"key":"SMITH"},{"data":"infinitespire:DeathsTouch","floor":32,"key":"SMITH"},{"data":"ReplayTheSpireMod:Haul","floor":32,"key":"SMITH"},{"data":"Juggernaut","floor":40,"key":"SMITH"},{"data":"Defend_R","floor":40,"key":"SMITH"},{"data":"infinitespire:NeuralNetwork","floor":45,"key":"SMITH"},{"data":"1","floor":47,"key":"LIFT"},{"data":"2","floor":49,"key":"LIFT"},{"data":"3","floor":52,"key":"LIFT"}],"circlet_count":0,"master_deck":["Strike_R+1","Defend_R+1","Defend_R+1","Defend_R+1","Defend_R+1","Bash+1","OldLady","UniverseFragment","Metallicize+1","Uppercut+1","Flame Barrier+1","Shrug It Off+1","Mercenary","ReplayTheSpireMod:Splinters","ReplayTheSpireMod:Haul+1","infinitespire:DeathsTouch+1","Combust+1","Juggernaut+1","infinitespire:NeuralNetwork+1","Seeing Red+1","Shrug It Off+1"],"relics":["Burning Blood","Ring of Chaos","Old Coin","CogitoBucket","conspire:TreasureMap","Vajra","Oddly Smooth Stone","halation:WeightlessCrab","White Beast Statue","Onion Ring","War Paint","halation:PromiseList","ReplayTheSpireMod:SealedPack","LuminousBracelet","StuffTheSpire:DarkSteelAnvil","Rawhide","Replay:Arrowhead","hubris:ChampionShield","Torii","conspire:SpecialSausage","BehaviorAdjustment","infinitespire:WardingShard","Strawberry","StuffTheSpire:Rhapsscallions","GolemAmulet","Girya","CosmicIsotope","Ring of Chaos","Membership Card","aspiration:Nostalgia","infinitespire:DarkRift","StoneCalendar"],"acts_visited":["Exordium","TheCity","TheBeyond","Exordium","TheEnding"],"potions_floor_usage":[6,10,13,24,33,33,44,50,55],"damage_taken":[{"damage":5.0,"enemies":"conspire:RoseBush","floor":1.0,"turns":4.0},{"damage":0,"enemies":"Small Slimes","floor":2,"turns":3},{"damage":3,"enemies":"Cultist","floor":3,"turns":3},{"damage":13,"enemies":"Replay:BlueRogue","floor":6,"turns":3},{"damage":13,"enemies":"Gremlin Nob","floor":7,"turns":4},{"damage":2,"enemies":"3 Sentries","floor":10,"turns":6},{"damage":12,"enemies":"Lagavulin","floor":11,"turns":7},{"damage":0,"enemies":"Replay:BlueRogue","floor":13,"turns":4},{"damage":32,"enemies":"Slime Boss","floor":16,"turns":11},{"damage":0,"enemies":"Shell Parasite","floor":18,"turns":5},{"damage":5,"enemies":"Spheric Guardian","floor":19,"turns":4},{"damage":14,"enemies":"Nightmare","floor":24,"turns":12},{"damage":6,"enemies":"Replay:Snechameleon","floor":27,"turns":6},{"damage":2,"enemies":"Centurion and Healer","floor":30,"turns":4},{"damage":85,"enemies":"conspire:MysteriousRune","floor":33,"turns":14},{"damage":15,"enemies":"3 Darklings","floor":35,"turns":7},{"damage":15,"enemies":"3 Shapes","floor":36,"turns":4},{"damage":27,"enemies":"Transient","floor":39,"turns":5},{"damage":29,"enemies":"Nemesis","floor":42,"turns":7},{"damage":8,"enemies":"Reptomancer","floor":44,"turns":5},{"damage":14,"enemies":"R_Hoarder","floor":46,"turns":7},{"damage":10,"enemies":"Writhing Mass","floor":48,"turns":4},{"damage":93,"enemies":"Awakened One","floor":50,"turns":9},{"damage":16,"enemies":"Shield and Spear","floor":54,"turns":7},{"damage":109,"enemies":"The Heart","floor":55,"turns":10}],"seed_played":"4208122165789143871","potions_obtained":[{"floor":3,"key":"Death Potion"},{"floor":7,"key":"blueLaboratory:IronCompound"},{"floor":10,"key":"BloodPotion"},{"floor":11,"key":"blueLaboratory:HorrorPotion"},{"floor":13,"key":"blueLaboratory:BottledHope"},{"floor":16,"key":"Venom Potion"},{"floor":18,"key":"Ancient Potion"},{"floor":19,"key":"blueLaboratory:HummingbirdPotion"},{"floor":24,"key":"AttackPotion"},{"floor":27,"key":"SteroidPotion"},{"floor":30,"key":"blueLaboratory:Moonshine"},{"floor":33,"key":"Adrenaline Potion"},{"floor":35,"key":"blueLaboratory:NullPotion"},{"floor":36,"key":"blueLaboratory:IronCompound"},{"floor":39,"key":"FairyPotion"},{"floor":44,"key":"blueLaboratory:PhilterOfMotion"},{"floor":50,"key":"blueLaboratory:FruitPunch"},{"floor":54,"key":"blueLaboratory:Moonshine"}],"is_trial":true,"path_per_floor":["M","M","M","$","?","E","E","R","T","E","E","?","E","$","R","B",null,"M","M","?","?","?","R","NM","R","T","E","R","$","M","AVR","R","B",null,"M","M","$","$","M","R","AVR","E","T","E","R","E","R","M","R","B",null,"R","$","E","B",null],"character_chosen":"IRONCLAD","items_purchased":["conspire:TreasureMap","Uppercut","Vajra","Shrug It Off","hubris:ChampionShield","infinitespire:WardingShard","Membership Card","aspiration:Nostalgia","Shrug It Off+1"],"campfire_rested":0,"item_purchase_floors":[4,4,4,14,29,37,53,53,53],"current_hp_per_floor":[80,80,80,80,64,57,50,50,50,54,48,48,54,54,54,28,67,88,91,91,69,69,69,67,67,67,71,71,71,75,75,75,95,95,95,95,95,95,93,93,100,97,97,100,100,105,105,105,105,105,105,105,105,105,102],"gold":55,"neow_bonus":"","is_daily":false,"chose_seed":false,"campfire_upgraded":10,"win_rate":0.0,"timestamp":1612482167,"path_taken":["M","M","M","$","?","E","E","R","T","E","E","?","E","$","R","BOSS","M","M","?","?","?","R","NM","R","T","E","R","$","?","AVR","R","BOSS","M","M","$","$","?","R","AVR","E","T","E","R","E","R","M","R","BOSS","R","$","E","BOSS"],"items_purchased_type":["Relic","Card","Relic","Card","Relic","Relic","Relic","Relic","Card"],"build_version":"2020-12-22","purchased_purges":5,"victory":true,"max_hp_per_floor":[80,80,80,80,80,80,80,80,80,80,80,80,80,80,80,80,80,95,95,95,95,95,95,95,95,95,95,95,95,95,95,95,95,95,95,95,95,95,95,95,102,105,105,105,105,105,105,105,105,105,105,105,105,105,105],"card_choices":[{"not_picked":["VoidDream","Murderer","WhitesApple"],"picked":"Singing Bowl","floor":1.0},{"not_picked":["LaLuna","CherryBlossoms"],"picked":"OldLady","floor":1.0},{"not_picked":["Warcry","Second Wind","Run Through"],"picked":"SKIP","floor":1.0},{"not_picked":["BeautyBeast","SpiderBud","LittlePrince"],"picked":"Singing Bowl","floor":2},{"not_picked":["BeautyBeast","VoidDream"],"picked":"UniverseFragment","floor":2},{"not_picked":["Uppercut","Body Slam"],"picked":"Metallicize","floor":2},{"not_picked":["Murderer","PunishingBird","Scarecrow"],"picked":"Singing Bowl","floor":3},{"not_picked":["Infernal Blade","Bloodletting","Clash"],"picked":"SKIP","floor":3},{"not_picked":["FieryBird","LaLuna","RedShoes"],"picked":"Singing Bowl","floor":6},{"not_picked":["Twin Strike","hubris:ReadiedAction"],"picked":"StuffTheSpire:Incineration","floor":6},{"not_picked":["Inflame","Armaments"],"picked":"Flame Barrier","floor":7},{"not_picked":["LittlePrince","PunishingBird","ShyLook"],"picked":"Singing Bowl","floor":7},{"not_picked":["MeatLantern","Laetitia","LittleHelper"],"picked":"Singing Bowl","floor":10},{"not_picked":["Body Slam","Run Through","ReplayTheSpireMod:LeadingStrike"],"picked":"SKIP","floor":10},{"not_picked":["NakedNest","WhitesApple","MHz"],"picked":"Singing Bowl","floor":11},{"not_picked":["Warcry","Clash","Power Through"],"picked":"SKIP","floor":11},{"not_picked":["NakedNest","Woodsman","BlackSwan"],"picked":"Singing Bowl","floor":13},{"not_picked":["Cleave","Second Wind","Perfected Strike"],"picked":"SKIP","floor":13},{"not_picked":["Cleave","Second Wind","Perfected Strike"],"picked":"SKIP","floor":13},{"not_picked":["Scorched","HeroicMonk"],"picked":"Mercenary","floor":16},{"not_picked":["ReplayTheSpireMod:Echoes of Time","ReplayTheSpireMod:??????????????????????"],"picked":"ReplayTheSpireMod:Haul","floor":17},{"not_picked":["OSAHOGD","Bloodbath","BigBadWolf"],"picked":"Singing Bowl","floor":18},{"not_picked":["Wild Strike","StuffTheSpire:BloodClot+1","StuffTheSpire:Slingshot"],"picked":"SKIP","floor":18},{"not_picked":["CherryBlossoms","Woodsman","Murderer"],"picked":"Singing Bowl","floor":19},{"not_picked":["Thunderclap","Reckless Charge","Flex"],"picked":"SKIP","floor":19},{"not_picked":["infinitespire:FinalStrike","ReplayTheSpireMod:Echoes of Time"],"picked":"infinitespire:DeathsTouch","floor":21},{"not_picked":["Metallicize","Perfected Strike"],"picked":"Combust+1","floor":24},{"not_picked":["Laetitia","DreamingCurrent","Murderer"],"picked":"Singing Bowl","floor":24},{"not_picked":["BlackSwan","Freischutz","HeroicMonk"],"picked":"Singing Bowl","floor":27},{"not_picked":["Cleave","StuffTheSpire:RockThrow","Headbutt"],"picked":"SKIP","floor":27},{"not_picked":["True Grit","Sword Boomerang","Flame Barrier"],"picked":"SKIP","floor":30},{"not_picked":["conspire:Purge","Bludgeon"],"picked":"Juggernaut","floor":33},{"not_picked":["HappyTeddy","CherryBlossoms","Yin"],"picked":"Singing Bowl","floor":33},{"not_picked":["WallGazer","Scarecrow","BeautyBeast"],"picked":"Singing Bowl","floor":35},{"not_picked":["ReplayTheSpireMod:LeadingStrike+1","Warcry+1","Pummel+1"],"picked":"SKIP","floor":35},{"not_picked":["Laetitia","WhiteNight","SingingMachine"],"picked":"Singing Bowl","floor":36},{"not_picked":["Armaments","Second Wind","Perfected Strike+1"],"picked":"SKIP","floor":36},{"not_picked":["Abandon","ReplayTheSpireMod:Strike From Hell+1","Berserk"],"picked":"SKIP","floor":39},{"not_picked":["Abandon","ReplayTheSpireMod:Strike From Hell+1","Berserk"],"picked":"SKIP","floor":39},{"not_picked":["Armaments+1","Warcry","Infernal Blade+1"],"picked":"SKIP","floor":42},{"not_picked":["Heavy Blade","Armaments","Clothesline"],"picked":"SKIP","floor":44},{"not_picked":["Eclipse","Cleave"],"picked":"Seeing Red+1","floor":46},{"not_picked":["Replay:Undeath\u0027s Touch","Combust","Clothesline"],"picked":"SKIP","floor":48},{"not_picked":["Scarecrow","Yin","BigBadWolf"],"picked":"Singing Bowl","floor":54},{"not_picked":["Thunderclap","Sword Boomerang","Iron Wave"],"picked":"SKIP","floor":54},{"not_picked":["Thunderclap","Sword Boomerang","Iron Wave"],"picked":"SKIP","floor":54}],"player_experience":1289708,"relics_obtained":[{"floor":6,"key":"Oddly Smooth Stone"},{"floor":7,"key":"halation:WeightlessCrab"},{"floor":9,"key":"White Beast Statue"},{"floor":10,"key":"Onion Ring"},{"floor":11,"key":"War Paint"},{"floor":13,"key":"halation:PromiseList"},{"floor":24,"key":"StuffTheSpire:DarkSteelAnvil"},{"floor":26,"key":"Rawhide"},{"floor":27,"key":"Replay:Arrowhead"},{"floor":42,"key":"StuffTheSpire:Rhapsscallions"},{"floor":44,"key":"GolemAmulet"},{"floor":46,"key":"Girya"},{"floor":54,"key":"StoneCalendar"}],"event_choices":[{"damage_healed":80,"gold_gain":0,"player_choice":"Upgrade","damage_taken":16,"max_hp_gain":0,"max_hp_loss":80,"event_name":"betterThird:BetterShining","floor":5,"gold_loss":0,"cards_upgraded":["Strike_R","Bash"]},{"damage_healed":0,"gold_gain":0,"player_choice":"Upgraded","damage_taken":0,"max_hp_gain":0,"max_hp_loss":0,"event_name":"Upgrade Shrine","floor":12,"gold_loss":0,"cards_upgraded":["Metallicize"]},{"damage_healed":0,"gold_gain":0,"player_choice":"Ignored","damage_taken":0,"max_hp_gain":0,"max_hp_loss":0,"event_name":"betterNote:BetterNote","floor":20,"gold_loss":0,"cards_obtained":["Strike_R"]},{"damage_healed":0,"gold_gain":0,"player_choice":"Cursed","damage_taken":0,"max_hp_gain":0,"max_hp_loss":0,"event_name":"Wheel of Change","floor":22,"gold_loss":0,"cards_obtained":["Decay"]}],"is_beta":false,"boss_relics":[{"not_picked":["hubris:ScarierMask","infinitespire:Cupcake"],"picked":"ReplayTheSpireMod:SealedPack"},{"not_picked":["halation:LoveArrow","energizedSpire:MagnifyingGlass"],"picked":"conspire:SpecialSausage"},{"not_picked":["StuffTheSpire:ModemDavis","Snecko Heart"],"picked":"CosmicIsotope"}],"items_purged_floors":[14,29,31,41,53],"is_endless":true,"potions_floor_spawned":[3,7,10,11,13,16,18,19,24,27,30,33,35,36,39,42,44,46,48,50,54,55],"ascension_level":5}}