{"host":"rgy6n2eoa9ji6d0c","time":1612476599,"event":{"mods":["BaseMod","BetterRewards","Downfall","Minty Spire (QoL Compilation)","Quick Restart","StSLib"],"gold_per_floor":[99,112,131,131,147,180,180,90,100,38,38,65,65,258,269,367,367,367,367,367,96,115,133,214,214,214,214],"floor_reached":25,"language":"ENG","playtime":1629,"items_purged":["Slimebound:Split","Slimebound:Tackle","Slimebound:Defend_Slimebound"],"score":244,"play_id":"34a1520e-41ef-4b33-b6b2-897c4ae6436c","local_time":"20210204230959","is_ascension_mode":true,"campfire_choices":[{"data":"Slimebound:OneTwoCombo","floor":1.0,"key":"SMITH"},{"floor":18.0,"key":"RECALL"}],"circlet_count":0,"master_deck":["Slimebound:Defend_Slimebound","Slimebound:Defend_Slimebound","Slimebound:Defend_Slimebound","Slimebound:DivideAndConquer","Slimebound:SplitBruiser","Slimebound:SplitBruiser","Slimebound:GoopSpray","Slimebound:SplitBruiser","Slimebound:SplitBruiser","Slimebound:LevelUp","Slimebound:SplitAcid","Slimebound:GoopSpray","Slimebound:RainOfGoop","Slimebound:SplitBruiser","Slimebound:OozeBath","CurseOfTheBell","CurseOfTheBell","Slimebound:Repurpose+1","Slimebound:Replication+1","Slimebound:RainOfGoop+1","Slimebound:GoopSpray+1","Slimebound:SplitMire+1"],"relics":["Slimebound:AbsorbEndCombat","Meat on the Bone","Eternal Feather","Nunchaku","Akabeko","Empty Cage","downfall:ExtraCursedBell","Ancient Tea Set","Toxic Egg 2","Torii","Orrery"],"acts_visited":["Exordium","TheCity"],"potions_floor_usage":[],"damage_taken":[{"damage":3.0,"enemies":"Cultist","floor":2.0,"turns":4.0},{"damage":9.0,"enemies":"Jaw Worm","floor":3.0,"turns":2.0},{"damage":0.0,"enemies":"2 Louse","floor":5.0,"turns":2.0},{"damage":21.0,"enemies":"Gremlin Nob","floor":6.0,"turns":3.0},{"damage":8.0,"enemies":"downfall:FleeingMerchant","floor":8.0,"turns":4.0},{"damage":4.0,"enemies":"2 Fungi Beasts","floor":9.0,"turns":2.0},{"damage":5.0,"enemies":"downfall:FleeingMerchant","floor":10.0,"turns":4.0},{"damage":19.0,"enemies":"3 Sentries","floor":12.0,"turns":5.0},{"damage":10.0,"enemies":"downfall:FleeingMerchant","floor":14.0,"turns":3.0},{"damage":1.0,"enemies":"Exordium Wildlife","floor":15.0,"turns":2.0},{"damage":6.0,"enemies":"SI_SHIV_ARCHETYPE","floor":16.0,"turns":6.0},{"damage":24.0,"enemies":"Shell Parasite","floor":22.0,"turns":4.0},{"damage":0.0,"enemies":"Spheric Guardian","floor":23.0,"turns":3.0},{"damage":0,"enemies":"Gremlin Leader","floor":25,"turns":2}],"seed_played":"7833101141048799200","potions_obtained":[{"floor":6.0,"key":"ColorlessPotion"},{"floor":9.0,"key":"SneckoOil"},{"floor":12.0,"key":"SkillPotion"},{"floor":23.0,"key":"Regen Potion"}],"is_trial":false,"path_per_floor":["R","M","M","?","M","E","T","$","M","$","?","E","?","$","M","B",null,"R","?","?","$","M","M","T","E"],"character_chosen":"SLIMEBOUND","items_purchased":["Slimebound:SplitAcid","Slimebound:RainOfGoop","Orrery"],"campfire_rested":0,"item_purchase_floors":[10,14,21],"current_hp_per_floor":[59,58,52,52,52,33,33,33,41,44,26,19,24,26,37,43,64,64,64,64,64,40,40,40,40,40,40],"gold":214,"neow_bonus":"TRANSFORM_TWO_CARDS","is_daily":false,"chose_seed":false,"campfire_upgraded":1,"win_rate":0.0,"timestamp":1612476599,"path_taken":["R","M","?","?","?","E","T","$","M","$","?","E","?","?","M","BOSS","R","?","?","?","?","M","T","E"],"items_purchased_type":["Card","Card","Relic"],"build_version":"2020-12-22","purchased_purges":3,"victory":false,"max_hp_per_floor":[59,59,59,59,59,59,59,59,59,59,59,59,64,64,64,64,64,64,64,64,64,64,64,64,64,64,64],"card_choices":[{"not_picked":["Slimebound:ItLooksTasty","Slimebound:SlimeSpikes"],"picked":"Slimebound:SplitBruiser","floor":2.0},{"not_picked":["Slimebound:Repurpose","Slimebound:GoopTackle"],"picked":"Slimebound:SplitBruiser","floor":3.0},{"not_picked":["Slimebound:ComboTackle","Slimebound:SlimeSpikes","Slimebound:DivideAndConquer"],"picked":"SKIP","floor":5.0},{"not_picked":["Slimebound:LeechEnergy","Slimebound:GrowthPunch"],"picked":"Slimebound:GoopSpray","floor":6.0},{"not_picked":["Slimebound:Dissolve","Slimebound:HauntingLick"],"picked":"Slimebound:SplitBruiser","floor":8.0},{"not_picked":["Slimebound:TongueLash","Slimebound:OozeBath"],"picked":"Slimebound:SplitBruiser","floor":9.0},{"not_picked":["Slimebound:SplitBruiser","Slimebound:ProtectTheBoss"],"picked":"Slimebound:LevelUp","floor":10.0},{"not_picked":["Slimebound:DivideAndConquer","Slimebound:RejuvenatingLick"],"picked":"Slimebound:GoopSpray","floor":12.0},{"not_picked":["Slimebound:TongueLash","Slimebound:ProtectTheBoss","Slimebound:LivingWall"],"picked":"SKIP","floor":14.0},{"not_picked":["Slimebound:ItLooksTasty","Slimebound:LeechLife"],"picked":"Slimebound:SplitBruiser","floor":15.0},{"not_picked":["Slimebound:PrepareCrush","Slimebound:MassRepurpose"],"picked":"Slimebound:OozeBath","floor":16.0},{"not_picked":["Slimebound:SplitLeeching+1","Slimebound:SamplingLick+1"],"picked":"Slimebound:Repurpose+1","floor":21.0},{"not_picked":["Slimebound:GoopTackle","Slimebound:LivingWall+1"],"picked":"Slimebound:Replication+1","floor":21.0},{"not_picked":["Slimebound:Chomp+1","Slimebound:FlameTackle"],"picked":"Slimebound:RainOfGoop+1","floor":21.0},{"not_picked":["Slimebound:GoopTackle","Slimebound:GrowthPunch"],"picked":"Slimebound:GoopSpray+1","floor":22.0},{"not_picked":["Slimebound:LeechEnergy","Slimebound:SplitBruiser+1"],"picked":"Slimebound:SplitMire+1","floor":23.0}],"player_experience":1513023,"relics_obtained":[{"floor":6.0,"key":"Meat on the Bone"},{"floor":7.0,"key":"Eternal Feather"},{"floor":12.0,"key":"Akabeko"},{"floor":20.0,"key":"Ancient Tea Set"},{"floor":20.0,"key":"Toxic Egg 2"},{"floor":20.0,"key":"Torii"}],"event_choices":[{"cards_removed":["Slimebound:Strike_Slimebound"],"damage_healed":0.0,"max_hp_gain":0.0,"max_hp_loss":0.0,"gold_gain":0.0,"event_name":"Bonfire Elementals","player_choice":"Offered Basic","floor":4.0,"gold_loss":0.0,"damage_taken":0.0},{"damage_healed":0.0,"max_hp_gain":0.0,"max_hp_loss":0.0,"gold_gain":0.0,"event_name":"Scrap Ooze","player_choice":"Success","floor":11.0,"gold_loss":0.0,"damage_taken":18.0,"relics_obtained":["Nunchaku"]},{"damage_healed":0.0,"max_hp_gain":5.0,"max_hp_loss":0.0,"gold_gain":0.0,"event_name":"Big Fish","player_choice":"Donut","floor":13.0,"gold_loss":0.0,"damage_taken":0.0},{"damage_healed":0.0,"max_hp_gain":0.0,"max_hp_loss":0.0,"gold_gain":0.0,"event_name":"Vampires","player_choice":"Ignored","floor":19.0,"gold_loss":0.0,"damage_taken":0.0}],"is_beta":false,"boss_relics":[{"not_picked":["Slimebound:TarBlob","bronze:MakeshiftBattery"],"picked":"Empty Cage"}],"items_purged_floors":[8,14,21],"is_endless":false,"potions_floor_spawned":[6,9,12,15,16,23],"killed_by":"Gremlin Leader","ascension_level":1}}