{"host":"fzjk61lpi4bwj033","time":1612411702,"event":{"mods":["Ascension Unlocker","BaseMod","Bestiary","Conspire","Hermit","Hubris","Infinite Spire","Jorbs\u0027s Wanderer Trilogy","Minty Spire (QoL Compilation)","Rare Cards Sparkle","Replay The Spire","StSLib","The Jungle"],"gold_per_floor":[116,116,133,133,133,161,161,177,177,196,196,224,234,72,72,146,146,157,157,157,177,177,210,210,43,43,76,88,117,129,141,153,236,248,277,289,355,380,392,404,441,453,465,490,502,528,94,110,110,110,110,110,110,34,34,34],"floor_reached":55,"language":"ENG","playtime":1753,"items_purged":[],"score":997,"play_id":"f07ed458-1e60-42b5-8426-93a395b208c0","local_time":"20210203220822","is_ascension_mode":true,"campfire_choices":[{"data":"conspire:Rain","floor":7.0,"key":"SMITH"},{"data":"Go for the Eyes","floor":11.0,"key":"SMITH"},{"data":"Static Discharge","floor":15.0,"key":"SMITH"},{"floor":30.0,"key":"REST"},{"data":"Buffer","floor":32.0,"key":"SMITH"},{"floor":40,"key":"REST"},{"data":"hubris:Fate","floor":42,"key":"SMITH"},{"floor":45,"key":"REST"},{"floor":49,"key":"RECALL"},{"data":"Loop","floor":53,"key":"SMITH"}],"circlet_count":0,"master_deck":["AscendersBane","Strike_B","Defend_B","Defend_B","Defend_B","Defend_B","Zap","Dualcast","conspire:Rain+1","hubris:Fate+1","Go for the Eyes+1","Ball Lightning","Cold Snap","Static Discharge+1","Buffer+1","Rainbow","ReplayTheSpireMod:Omega Cannon+1","Electrodynamics+1","ReplayGash+1","White Noise","Capacitor","Turbo","Leap","Loop+1","Parasite","Defragment"],"relics":["Cracked Core","NeowsBlessing","Bottled Lightning","Pantograph","Mummified Hand","Replay:Wax Seal","infinitespire:Freezer","Astrolabe","Toolbox","hubris:Towel","Vajra","DollysMirror","Replay:Ringing Soul","Pear","MawBank","Replay:Fungal Core","Prayer Wheel","Lizard Tail","Snack Pack","hubris:PeanutButter","hubris:RGBLights","ClockworkSouvenir"],"acts_visited":["Exordium","Exordium","TheBeyond","TheEnding"],"potions_floor_usage":[],"damage_taken":[{"damage":0.0,"enemies":"Jaw Worm","floor":1.0,"turns":1.0},{"damage":0.0,"enemies":"2 Louse","floor":3.0,"turns":1.0},{"damage":0.0,"enemies":"3 Sentries","floor":6.0,"turns":1.0},{"damage":0.0,"enemies":"Small Slimes","floor":8.0,"turns":2.0},{"damage":9.0,"enemies":"2 Fungi Beasts","floor":10.0,"turns":2.0},{"damage":22.0,"enemies":"Gremlin Nob","floor":12.0,"turns":4.0},{"damage":0.0,"enemies":"Looter","floor":13.0,"turns":2.0},{"damage":16.0,"enemies":"The Guardian","floor":16.0,"turns":8.0},{"damage":0.0,"enemies":"theJungle:MUSHROOMGANG","floor":18.0,"turns":2.0},{"damage":4.0,"enemies":"theJungle:Flameango_and_Byrd","floor":21.0,"turns":3.0},{"damage":3.0,"enemies":"theJungle:2_Phrogs","floor":23.0,"turns":4.0},{"damage":6.0,"enemies":"theJungle:MamaSnecko","floor":27.0,"turns":5.0},{"damage":15.0,"enemies":"theJungle:2_Flameangoes","floor":28.0,"turns":3.0},{"damage":17.0,"enemies":"theJungle:Cassacara","floor":29.0,"turns":5.0},{"damage":0.0,"enemies":"theJungle:TotemBoss","floor":33.0,"turns":1.0},{"damage":25,"enemies":"3 Darklings","floor":35,"turns":5},{"damage":22,"enemies":"2 Orb Walkers","floor":37,"turns":3},{"damage":16,"enemies":"3 Shapes","floor":38,"turns":3},{"damage":20,"enemies":"infinitespire:Three Voidlings","floor":39,"turns":4},{"damage":3,"enemies":"Reptomancer","floor":41,"turns":2},{"damage":7,"enemies":"3 Darklings","floor":44,"turns":3},{"damage":11,"enemies":"Writhing Mass","floor":46,"turns":6},{"damage":21,"enemies":"Transient","floor":48,"turns":6},{"damage":0,"enemies":"infinitespire:MassOfShapes","floor":50,"turns":1},{"damage":0,"enemies":"Donu and Deca","floor":51,"turns":1},{"damage":226,"enemies":"Shield and Spear","floor":55,"turns":7}],"seed_played":"-5481579404194035357","potions_obtained":[{"floor":8.0,"key":"Elixir"},{"floor":10.0,"key":"Strength Potion"},{"floor":16.0,"key":"Languid Potion"},{"floor":46,"key":"FairyPotion"}],"is_trial":false,"path_per_floor":["M","?","M","?","T","E","R","M","T","M","R","E","M","$","R","B",null,"M","?","AVR","M","?","E","?","$","T","E","M","E","R","T","R","B",null,"M","$","?","M","?","R","E","R","T","M","R","M","$","M","R","B","B",null,"R","$","E"],"character_chosen":"DEFECT","items_purchased":["infinitespire:Freezer","DollysMirror","hubris:RGBLights","ClockworkSouvenir","Defragment"],"campfire_rested":3,"item_purchase_floors":[14,25,47,47,54],"current_hp_per_floor":[64,47,47,47,47,62,62,62,62,53,53,31,31,31,31,40,63,63,63,63,59,59,56,56,56,56,60,48,31,56,56,56,84,86,64,64,42,26,6,33,30,30,30,23,50,44,44,27,27,52,77,89,89,92,0,0],"gold":34,"neow_bonus":"THREE_ENEMY_KILL","is_daily":false,"chose_seed":false,"campfire_upgraded":6,"win_rate":0.0,"timestamp":1612411702,"path_taken":["M","?","M","?","?","E","R","M","T","M","R","E","M","$","R","BOSS","M","?","AVR","M","?","E","?","?","T","E","M","E","R","?","R","BOSS","M","$","?","M","?","R","E","R","T","M","R","M","$","M","R","BOSS","BOSS","R","$","E"],"items_purchased_type":["Relic","Relic","Relic","Relic","Card"],"build_version":"2020-12-22","purchased_purges":0,"victory":false,"max_hp_per_floor":[71,71,71,71,71,71,71,71,71,71,71,71,71,71,71,71,71,71,71,71,71,71,71,71,71,71,81,84,84,84,84,84,87,87,90,90,90,90,90,90,90,90,90,90,90,93,93,93,93,93,93,93,93,96,96,96],"card_choices":[{"not_picked":["Rebound","Stack"],"picked":"conspire:Rain","floor":1.0},{"not_picked":["ReplayTheSpireMod:Black Plague","infinitespire:Menacing"],"picked":"hubris:Fate","floor":2.0},{"not_picked":["Steam Power","Gash"],"picked":"Go for the Eyes","floor":3.0},{"not_picked":["Amplify","Leap"],"picked":"Ball Lightning","floor":6.0},{"not_picked":["Time Bomb","White Noise"],"picked":"Cold Snap","floor":8.0},{"not_picked":["FTL","Stack","ReplayTheSpireMod:GoodbyeWorld"],"picked":"SKIP","floor":10.0},{"not_picked":["Gash","conspire:Rain"],"picked":"Static Discharge","floor":12.0},{"not_picked":["Streamline","Darkness"],"picked":"Buffer","floor":13.0},{"not_picked":["Multi-Cast","ReplayTheSpireMod:Omega Cannon"],"picked":"Rainbow","floor":16.0},{"not_picked":["Streamline","Redo"],"picked":"White Noise","floor":18.0},{"not_picked":["Redo","BasicCrystalCard"],"picked":"Capacitor","floor":21.0},{"not_picked":["BasicCrystalCard","ReplayGash","Ball Lightning"],"picked":"SKIP","floor":23.0},{"not_picked":["Sweeping Beam","Consume","Turbo"],"picked":"SKIP","floor":27.0},{"not_picked":["Hyperbeam","hubris:Ukulele"],"picked":"Leap","floor":28.0},{"not_picked":["Consume","Steam","Ball Lightning"],"picked":"SKIP","floor":29.0},{"not_picked":["Multi-Cast","Meteor Strike"],"picked":"ReplayTheSpireMod:Fabricate Wheel","floor":33.0},{"not_picked":["Steam+1","ReplaySort"],"picked":"Loop","floor":35},{"not_picked":["Redo+1","ReplayTheSpireMod:Dual Polarity+1","Ball Lightning"],"picked":"SKIP","floor":35},{"not_picked":["White Noise","Go for the Eyes","ReplayTheSpireMod:Repulse"],"picked":"SKIP","floor":38},{"not_picked":["Sweeping Beam","Go for the Eyes","ReplayTheSpireMod:Fabricate Wheel"],"picked":"SKIP","floor":38},{"not_picked":["Lockon","Compile Driver+1","Go for the Eyes"],"picked":"SKIP","floor":41},{"not_picked":["Capacitor","Beam Cell","Stack"],"picked":"SKIP","floor":44},{"not_picked":["Sweeping Beam+1","Storm+1","Barrage"],"picked":"SKIP","floor":44},{"not_picked":["Reboot","ReplayTheSpireMod:System Scan","Leap+1"],"picked":"SKIP","floor":46},{"not_picked":["Streamline","BootSequence","Doom and Gloom+1"],"picked":"SKIP","floor":46},{"not_picked":["FTL","Turbo","Barrage"],"picked":"SKIP","floor":48},{"not_picked":["Compile Driver","Conserve Battery+1","Leap"],"picked":"SKIP","floor":48}],"player_experience":781987,"relics_obtained":[{"floor":5.0,"key":"Bottled Lightning"},{"floor":6.0,"key":"Pantograph"},{"floor":9.0,"key":"Mummified Hand"},{"floor":12.0,"key":"Replay:Wax Seal"},{"floor":23.0,"key":"Vajra"},{"floor":26.0,"key":"Replay:Ringing Soul"},{"floor":27.0,"key":"Pear"},{"floor":29.0,"key":"MawBank"},{"floor":37,"key":"Lizard Tail"},{"floor":41,"key":"Snack Pack"},{"floor":43,"key":"hubris:PeanutButter"}],"event_choices":[{"damage_healed":0.0,"max_hp_gain":0.0,"max_hp_loss":0.0,"gold_gain":0.0,"event_name":"Liars Game","player_choice":"Ignored","floor":4.0,"gold_loss":0.0,"damage_taken":0.0},{"damage_healed":0,"gold_gain":0,"player_choice":"Fight","damage_taken":0,"max_hp_gain":0,"max_hp_loss":0,"event_name":"Mysterious Sphere","floor":37,"gold_loss":0}],"is_beta":false,"boss_relics":[{"not_picked":["Painkiller Herb","Ectoplasm"],"picked":"Astrolabe"},{"not_picked":["hubris:ScarierMask","Philosopher\u0027s Stone"],"picked":"Replay:Fungal Core"}],"items_purged_floors":[],"is_endless":false,"potions_floor_spawned":[8,10,16,18,23,29,35,44,46],"killed_by":"Shield and Spear","ascension_level":20}}