{"host":"c95txy58ipbu969e","time":1612440074,"event":{"mods":["Act Like it!","BaseMod","Downfall","Minty Spire (QoL Compilation)","Quick Restart","StSLib"],"gold_per_floor":[99,117,136,154,172,201,201,201,111,129,149,166,166,201,211,308,308,308,322,334,347,362,395,395,395,414,299,330,330,357,385,395,504,504,504,515,375,390,337,366,389,423,223,252,270,290,190,204,216,216,216,254,116,116,116,116,116,116],"floor_reached":56,"language":"ZHS","playtime":4666,"items_purged":["bronze:Strike","bronze:Strike","bronze:Strike","bronze:Strike"],"score":1046,"play_id":"511a2716-e14b-4774-ad9d-cfd45eebf730","local_time":"20210204200114","is_ascension_mode":true,"campfire_choices":[{"data":"bronze:Goto","floor":1.0,"key":"SMITH"},{"data":"bronze:Terminator","floor":8.0,"key":"SMITH"},{"data":"bronze:InfiniteLoop","floor":18.0,"key":"SMITH"},{"data":"bronze:CloningBeam","floor":25.0,"key":"SMITH"},{"data":"bronze:Turbo","floor":29.0,"key":"SMITH"},{"data":"bronze:Library","floor":35.0,"key":"SMITH"},{"floor":43.0,"key":"RECALL"},{"data":"bronze:Assembly","floor":47.0,"key":"SMITH"},{"data":"bronze:Turbo","floor":54,"key":"SMITH"}],"circlet_count":0,"master_deck":["bronze:Defend+1","bronze:Defend","bronze:Defend+1","bronze:Defend","bronze:Replicate+1","bronze:Goto+1","CurseOfTheBell","bronze:CloningBeam+1","bronze:Terminator+1","bronze:Iterate","bronze:Repair+1","bronze:NullPointer+1","bronze:InfiniteLoop+1","bronze:Assembly+1","bronze:Turbo+1","bronze:Philosophize","bronze:Invalidate","bronze:BronzeArmor+1","bronze:Library+1","bronze:Turbo+1","bronze:Library"],"relics":["Calling Bell","War Paint","HornCleat","CaptainsWheel","Oddly Smooth Stone","Regal Pillow","Gremlin Horn","Sozu","sneckomod:BlankCard","champ:DuelingGlove","CeramicFish","Eternal Feather","bronze:ElectromagneticCoil","Mummified Hand","Blood Vial","Bag of Preparation","downfall:HeartBlessingGreen","downfall:HeartBlessingBlue","Shuriken","downfall:HeartBlessingRed","Orichalcum"],"acts_visited":["Exordium","TheCity","TheBeyond","TheEnding"],"potions_floor_usage":[],"damage_taken":[{"damage":0.0,"enemies":"Jaw Worm","floor":2.0,"turns":4.0},{"damage":0.0,"enemies":"Cultist","floor":3.0,"turns":3.0},{"damage":7.0,"enemies":"Small Slimes","floor":4.0,"turns":4.0},{"damage":16.0,"enemies":"3 Louse","floor":5.0,"turns":4.0},{"damage":10.0,"enemies":"Lagavulin","floor":6.0,"turns":8.0},{"damage":0.0,"enemies":"downfall:FleeingMerchant","floor":9.0,"turns":4.0},{"damage":0.0,"enemies":"2 Fungi Beasts","floor":10.0,"turns":2.0},{"damage":7.0,"enemies":"3 Louse","floor":11.0,"turns":4.0},{"damage":0.0,"enemies":"Large Slime","floor":12.0,"turns":4.0},{"damage":1.0,"enemies":"3 Sentries","floor":14.0,"turns":7.0},{"damage":4.0,"enemies":"2 Fungi Beasts","floor":15.0,"turns":3.0},{"damage":49.0,"enemies":"WA_ARCHETYPE_RETAIN","floor":16.0,"turns":9.0},{"damage":3.0,"enemies":"Chosen","floor":19.0,"turns":4.0},{"damage":6.0,"enemies":"Shell Parasite","floor":20.0,"turns":4.0},{"damage":3.0,"enemies":"Centurion and Healer","floor":21.0,"turns":5.0},{"damage":33.0,"enemies":"Snake Plant","floor":22.0,"turns":6.0},{"damage":30.0,"enemies":"Slavers","floor":23.0,"turns":9.0},{"damage":0.0,"enemies":"3 Cultists","floor":26.0,"turns":5.0},{"damage":0.0,"enemies":"downfall:FleeingMerchant","floor":27.0,"turns":4.0},{"damage":1.0,"enemies":"Book of Stabbing","floor":28.0,"turns":4.0},{"damage":13.0,"enemies":"Snecko","floor":30.0,"turns":5.0},{"damage":27.0,"enemies":"Gremlin Leader","floor":31.0,"turns":3.0},{"damage":0.0,"enemies":"Cultist and Chosen","floor":32.0,"turns":3.0},{"damage":58.0,"enemies":"DF_ARCHETYPE_CLAW","floor":33.0,"turns":8.0},{"damage":5.0,"enemies":"Orb Walker","floor":36.0,"turns":3.0},{"damage":0.0,"enemies":"downfall:FleeingMerchant","floor":37.0,"turns":4.0},{"damage":17.0,"enemies":"3 Shapes","floor":38.0,"turns":3.0},{"damage":0.0,"enemies":"downfall:FleeingMerchant","floor":39.0,"turns":4.0},{"damage":14.0,"enemies":"Reptomancer","floor":40.0,"turns":5.0},{"damage":59.0,"enemies":"Nemesis","floor":42.0,"turns":5.0},{"damage":0.0,"enemies":"Reptomancer","floor":44.0,"turns":4.0},{"damage":27.0,"enemies":"Transient","floor":45.0,"turns":5.0},{"damage":26.0,"enemies":"Maw","floor":46.0,"turns":5.0},{"damage":4.0,"enemies":"3 Darklings","floor":48.0,"turns":2.0},{"damage":6.0,"enemies":"Writhing Mass","floor":49.0,"turns":4.0},{"damage":10.0,"enemies":"IC_BLOCK_ARCHETYPE","floor":50.0,"turns":6.0},{"damage":5.0,"enemies":"downfall:CharBossMerchant","floor":52.0,"turns":6.0},{"damage":7,"enemies":"downfall:NeowBoss","floor":55,"turns":8},{"damage":81,"enemies":"downfall:NeowBossFinal","floor":56,"turns":8}],"seed_played":"4708759286627389778","potions_obtained":[{"floor":4.0,"key":"bronze:BuildAFunctionPotion"},{"floor":5.0,"key":"AttackPotion"},{"floor":10.0,"key":"EssenceOfSteel"},{"floor":11.0,"key":"Weak Potion"},{"floor":16.0,"key":"champ:CounterPotion"}],"is_trial":false,"path_per_floor":["R","M","M","M","M","E","T","R","$","M","M","M","?","E","M","B",null,"R","M","M","M","M","E","T","R","M","$","E","R","M","E","M","B",null,"R","M","$","M","?","E","T","E","R","E","M","M","R","M","M","B",null,"E","$","R","B","B"],"character_chosen":"THE_AUTOMATON","items_purchased":["Mummified Hand","bronze:Library"],"campfire_rested":0,"item_purchase_floors":[39,53],"current_hp_per_floor":[70,70,70,63,47,37,37,37,37,37,37,44,44,53,59,20,58,58,65,69,70,47,27,27,27,37,57,66,66,57,40,50,12,56,68,70,70,70,70,56,56,9,28,40,25,11,20,28,34,36,69,75,75,80,73,0,0,0],"gold":116,"neow_bonus":"BOSS_RELIC","is_daily":false,"chose_seed":false,"campfire_upgraded":8,"win_rate":0.0,"timestamp":1612440074,"path_taken":["R","M","M","M","M","E","T","R","$","M","M","M","?","E","M","BOSS","R","M","M","M","?","E","T","R","M","$","E","R","M","E","M","BOSS","R","M","$","M","?","E","T","E","R","E","M","M","R","M","M","BOSS","E","$","R","BOSS","BOSS"],"items_purchased_type":["Relic","Card"],"build_version":"2020-12-22","purchased_purges":4,"victory":false,"max_hp_per_floor":[70,70,70,70,70,70,70,70,70,70,70,70,70,70,70,70,70,70,70,70,70,70,70,70,70,70,70,70,70,70,70,70,70,70,70,70,70,70,70,70,70,70,80,80,80,80,80,80,80,80,80,80,80,80,80,80,80,80],"card_choices":[{"not_picked":["bronze:BitShift","bronze:Overload","bronze:ForceShield"],"picked":"SKIP","floor":2.0},{"not_picked":["bronze:Deprecate","bronze:FineTuning"],"picked":"bronze:CloningBeam","floor":3.0},{"not_picked":["bronze:ItsAFeature","bronze:BurnOut","bronze:BitShift"],"picked":"SKIP","floor":4.0},{"not_picked":["bronze:Constructor","bronze:CloningBeam"],"picked":"bronze:Terminator","floor":5.0},{"not_picked":["bronze:Mutator","bronze:DigitalCarnage","bronze:Flail"],"picked":"SKIP","floor":6.0},{"not_picked":["bronze:ChildClass","bronze:Separator"],"picked":"bronze:Iterate","floor":9.0},{"not_picked":["bronze:DarkDash","bronze:FineTuning"],"picked":"bronze:Repair","floor":10.0},{"not_picked":["bronze:Constructor","bronze:OilSpill","bronze:DarkDash"],"picked":"SKIP","floor":11.0},{"not_picked":["bronze:BitShift","bronze:Frontload"],"picked":"bronze:NullPointer","floor":12.0},{"not_picked":["bronze:MaxOutput","bronze:Return"],"picked":"bronze:InfiniteLoop","floor":14.0},{"not_picked":["bronze:OilSpill","bronze:Overheat","bronze:Backtrace"],"picked":"SKIP","floor":15.0},{"not_picked":["bronze:Break","bronze:Mutator"],"picked":"bronze:Assembly","floor":16.0},{"not_picked":["bronze:NullPointer","bronze:Iterate","bronze:DelayedSlice"],"picked":"SKIP","floor":19.0},{"not_picked":["bronze:Optimize","bronze:Turbo","bronze:BuggyMess"],"picked":"SKIP","floor":20.0},{"not_picked":["bronze:Optimize","bronze:BuggyMess"],"picked":"bronze:Turbo","floor":20.0},{"not_picked":["bronze:DelayedSlice+1","bronze:DelayedGuard","bronze:Iterate"],"picked":"SKIP","floor":21.0},{"not_picked":["bronze:Shield","bronze:Branch","bronze:BitShift"],"picked":"SKIP","floor":22.0},{"not_picked":["bronze:ClassDefault","bronze:DigitalCarnage+1"],"picked":"bronze:Philosophize","floor":23.0},{"not_picked":["bronze:CloningBeam","bronze:BitShift","bronze:Terminator"],"picked":"SKIP","floor":26.0},{"not_picked":["bronze:Refactor+1","bronze:OilSpill"],"picked":"bronze:Invalidate","floor":27.0},{"not_picked":["bronze:DarkDash","bronze:Separator","bronze:ChildClass"],"picked":"SKIP","floor":28.0},{"not_picked":["bronze:Overheat+1","bronze:MaxOutput+1"],"picked":"bronze:BronzeArmor+1","floor":30.0},{"not_picked":["bronze:CutThrough","bronze:Fortify+1","bronze:Shield+1"],"picked":"SKIP","floor":31.0},{"not_picked":["bronze:DarkDash+1","bronze:ClassDefault+1","bronze:BurnOut"],"picked":"SKIP","floor":32.0},{"not_picked":["bronze:Virus","bronze:Assembly"],"picked":"bronze:Library","floor":33.0},{"not_picked":["bronze:Deprecate","bronze:Overheat","bronze:OilSpill"],"picked":"SKIP","floor":36.0},{"not_picked":["bronze:BuggyMess","bronze:Separator","bronze:OilSpill"],"picked":"SKIP","floor":37.0},{"not_picked":["bronze:Repair","bronze:BuggyMess","bronze:BronzeArmor"],"picked":"SKIP","floor":38.0},{"not_picked":["bronze:ShipIt","bronze:CutThrough","bronze:ClassDefault+1"],"picked":"SKIP","floor":39.0},{"not_picked":["bronze:ForLoop+1","bronze:DelayedGuard","bronze:OilSpill+1"],"picked":"SKIP","floor":40.0},{"not_picked":["bronze:Safeguard+1","bronze:Turbo","bronze:Optimize"],"picked":"SKIP","floor":42.0},{"not_picked":["bronze:Assembly","bronze:Frontload+1","bronze:ChosenStrike"],"picked":"SKIP","floor":44.0},{"not_picked":["bronze:Branch+1","bronze:BugBarrage","bronze:Frontload+1"],"picked":"SKIP","floor":45.0},{"not_picked":["bronze:FineTuning","bronze:Optimize+1","bronze:Invalidate"],"picked":"SKIP","floor":46.0},{"not_picked":["bronze:Invalidate","bronze:Iterate","bronze:Return+1"],"picked":"SKIP","floor":48.0},{"not_picked":["bronze:Separator+1","bronze:DelayedSlice+1","bronze:Iterate+1"],"picked":"SKIP","floor":49.0},{"not_picked":["bronze:Constructor","bronze:Safeguard+1","bronze:Turbo"],"picked":"SKIP","floor":52.0},{"not_picked":["bronze:Constructor","bronze:Safeguard+1"],"picked":"bronze:Turbo","floor":52.0}],"player_experience":543958,"relics_obtained":[{"floor":0.0,"key":"War Paint"},{"floor":0.0,"key":"HornCleat"},{"floor":0.0,"key":"CaptainsWheel"},{"floor":6.0,"key":"Oddly Smooth Stone"},{"floor":7.0,"key":"Regal Pillow"},{"floor":14.0,"key":"Gremlin Horn"},{"floor":23.0,"key":"sneckomod:BlankCard"},{"floor":24.0,"key":"champ:DuelingGlove"},{"floor":28.0,"key":"CeramicFish"},{"floor":31.0,"key":"Eternal Feather"},{"floor":40.0,"key":"Blood Vial"},{"floor":42.0,"key":"Bag of Preparation"},{"floor":44.0,"key":"Shuriken"},{"floor":52.0,"key":"Orichalcum"}],"event_choices":[],"is_beta":false,"boss_relics":[{"not_picked":["bronze:MakeshiftBattery","Pandora\u0027s Box"],"picked":"Sozu"},{"not_picked":["Tiny House","Astrolabe"],"picked":"bronze:ElectromagneticCoil"}],"items_purged_floors":[9,27,37,39],"is_endless":false,"potions_floor_spawned":[4,5,10,11,12,16,19,20,30,31,38,42,45,49],"killed_by":"downfall:NeowBossFinal","ascension_level":5}}