{"host":"takgv9cv6xf64vhq","time":1612439391,"event":{"mods":["BaseMod","Colored Powertips","Conspire","Decade(王小明)","Downfall","Energized Spire","Hermit","Hubris","LagranYue(拉格朗・月)","Marisa（F雨　魔理沙）","Minty Spire (QoL Compilation)","Replay The Spire","StSLib","The Cursed","The Hierophant","The Jungle","The Servant 0.9.4","TheHeartMod"],"gold_per_floor":[112,112,37,37,57,57,71,106,159,159,188,188,198,212,212,283,283,301,315,315,315],"floor_reached":20,"language":"ZHS","playtime":824,"items_purged":["conspire:GhostlyStrike"],"score":381,"play_id":"4090f398-e62a-455d-9f65-bf88315a1851","local_time":"20210204194951","is_ascension_mode":true,"campfire_choices":[{"data":"Terror","floor":6.0,"key":"SMITH"},{"data":"Backflip","floor":10.0,"key":"SMITH"},{"data":"conspire:DoublingDagger","floor":15.0,"key":"SMITH"}],"circlet_count":0,"master_deck":["AscendersBane","conspire:GhostlyStrike","conspire:GhostlyStrike","conspire:GhostlyStrike","conspire:GhostlyStrike","conspire:GhostlyDefend","conspire:GhostlyDefend","conspire:GhostlyDefend","conspire:GhostlyDefend","conspire:GhostlyDefend","Survivor","Terror+1","Slice+1","Dodge and Roll","Masterful Stab","Backflip+1","conspire:DoublingDagger+1","Bullet Time","Escape Plan","Tools of the Trade","ReplayTheSpireMod:Speed Training+1","Poisoned Stab"],"relics":["LagranYue:SoulBurningRelic","Oddly Smooth Stone","bronze:BronzeIdol","Boot","CultistMask","Sozu"],"acts_visited":["Exordium","TheCity"],"potions_floor_usage":[19],"damage_taken":[{"damage":1.0,"enemies":"Small Slimes","floor":1.0,"turns":4.0},{"damage":0.0,"enemies":"2 Louse","floor":5.0,"turns":3.0},{"damage":0.0,"enemies":"Cultist","floor":7.0,"turns":4.0},{"damage":8.0,"enemies":"Lagavulin","floor":8.0,"turns":5.0},{"damage":18.0,"enemies":"Gremlin Nob","floor":11.0,"turns":5.0},{"damage":10.0,"enemies":"Lots of Slimes","floor":13.0,"turns":5.0},{"damage":0.0,"enemies":"2 Fungi Beasts","floor":14.0,"turns":3.0},{"damage":9.0,"enemies":"Hexaghost","floor":16.0,"turns":10.0},{"damage":7.0,"enemies":"Chosen","floor":18.0,"turns":6.0},{"damage":19,"enemies":"2 Thieves","floor":19,"turns":5},{"damage":14,"enemies":"Centurion and Healer","floor":20,"turns":3}],"seed_played":"3153200083362158873","potions_obtained":[{"floor":7.0,"key":"PowerPotion"},{"floor":11.0,"key":"ColorlessPotion"},{"floor":13.0,"key":"Dexterity Potion"},{"floor":16.0,"key":"Energy Potion"}],"is_trial":false,"path_per_floor":["M","?","$","?","M","R","M","E","T","R","E","?","M","M","R","B",null,"M","M","M"],"character_chosen":"THE_SILENT","items_purchased":[],"campfire_rested":0,"item_purchase_floors":[],"current_hp_per_floor":[58,58,58,58,58,58,58,50,50,50,32,32,22,22,22,13,52,45,26,12,12],"gold":315,"neow_bonus":"BOSS_RELIC","is_daily":false,"chose_seed":false,"campfire_upgraded":3,"win_rate":0.0,"timestamp":1612439391,"path_taken":["M","?","$","?","M","R","M","E","T","R","E","?","M","M","R","BOSS","M","?","M"],"items_purchased_type":[],"build_version":"2020-12-22","purchased_purges":1,"victory":false,"max_hp_per_floor":[66,66,66,66,66,66,66,66,66,66,66,66,66,66,66,66,66,66,66,66,66],"card_choices":[{"not_picked":["Flying Knee","Dagger Spray"],"picked":"Terror","floor":1.0},{"not_picked":["PiercingWail","Finisher"],"picked":"Dodge and Roll","floor":5.0},{"not_picked":["Cloak And Dagger","Riddle With Holes"],"picked":"Masterful Stab","floor":7.0},{"not_picked":["Cloak And Dagger","Dash"],"picked":"Backflip","floor":8.0},{"not_picked":["Tactician","Skewer"],"picked":"conspire:DoublingDagger","floor":11.0},{"not_picked":["Riddle With Holes","Bane"],"picked":"Bullet Time","floor":13.0},{"not_picked":["Sucker Punch","Poisoned Stab"],"picked":"Escape Plan","floor":14.0},{"not_picked":["Doppelganger","Die Die Die"],"picked":"Tools of the Trade","floor":16.0},{"not_picked":["hubris:Counter","Sucker Punch"],"picked":"ReplayTheSpireMod:Speed Training+1","floor":18.0},{"not_picked":["PiercingWail","Sucker Punch"],"picked":"Poisoned Stab","floor":19}],"player_experience":395258,"relics_obtained":[{"floor":8.0,"key":"Oddly Smooth Stone"},{"floor":9.0,"key":"bronze:BronzeIdol"},{"floor":11.0,"key":"Boot"}],"event_choices":[{"damage_healed":0.0,"max_hp_gain":0.0,"max_hp_loss":0.0,"gold_gain":0.0,"event_name":"conspire:LoneGhost","player_choice":"Agree","floor":2.0,"gold_loss":0.0,"damage_taken":0.0},{"damage_healed":0.0,"max_hp_gain":0.0,"max_hp_loss":0.0,"gold_gain":0.0,"event_name":"FaceTrader","player_choice":"Trade","floor":12.0,"gold_loss":0.0,"damage_taken":0.0,"relics_obtained":["CultistMask"]}],"is_beta":false,"boss_relics":[{"not_picked":["bronze:MakeshiftBattery","SacredBark"],"picked":"Sozu"}],"items_purged_floors":[3],"is_endless":false,"potions_floor_spawned":[7,11,13,16,19],"killed_by":"Centurion and Healer","ascension_level":16}}