{"host":"ez9lh5a3k31ytd04","time":1612436726,"event":{"mods":["Act Like it!","Arknights","Aspiration","BaseMod","Conspire","Downfall","Energized Spire","Jedi Mod","Minty Spire (QoL Compilation)","Quarter Circle Forward PUNCH!","Quick Restart","Relic Filter Mod","Reliquary","Replay The Spire","Spicy Shops","StSLib","TestMod","¡¾ÒÅÎï¿¨ÅÆ¡¿REMEMod"],"gold_per_floor":[110,110,110,123,123,158,158,173,199,199,260,304,338,349,349,481,431,474,474,474,489,539,539,569,569],"floor_reached":24,"language":"ZHS","playtime":1419,"items_purged":[],"score":374,"play_id":"715ce54b-cfde-4514-b9f5-bff476a2e0d4","local_time":"20210204190526","is_ascension_mode":true,"campfire_choices":[{"data":"jedi:rejectivetoxin","floor":7,"key":"SMITH"},{"data":"Bash","floor":10,"key":"SMITH"},{"data":"Rampage","floor":15,"key":"SMITH"},{"data":"Demon Form","floor":19,"key":"SMITH"},{"data":"ReplayTheSpireMod:LeadingStrike","floor":23,"key":"SMITH"}],"circlet_count":0,"master_deck":["Strike_R","Strike_R","Strike_R","Defend_R","Defend_R","Defend_R","Defend_R","Bash+1","jedi:rejectivetoxin+1","Armaments+1","Headbutt","Shrug It Off","Shrug It Off","Intimidate","Rage","Rampage+1","Demon Form+1","Strike_R","ReplayTheSpireMod:LeadingStrike+1","Inflame+1","Replay:Undeath\u0027s Touch","conspire:Purge"],"relics":["Burning Blood","testmod-TestBox","REME_ComplimentaryCards","NeowsBlessing","testmod-Alchemist","Ring of Hypnosis","qcfpunch:Unceasing_Flame","PreservedInsect","Replay:Ringing Soul","jedi:arcanewood","energizedSpire:HugeHouse"],"acts_visited":["Exordium","TheCity"],"potions_floor_usage":[12,24,24],"damage_taken":[{"damage":0,"enemies":"Jaw Worm","floor":1,"turns":1},{"damage":0,"enemies":"2 Louse","floor":4,"turns":1},{"damage":0,"enemies":"Gremlin Nob","floor":6,"turns":1},{"damage":0,"enemies":"Small Slimes","floor":8,"turns":3},{"damage":12,"enemies":"Lagavulin","floor":11,"turns":4},{"damage":6,"enemies":"Gremlin Gang","floor":12,"turns":6},{"damage":20,"enemies":"Gremlin Nob","floor":13,"turns":3},{"damage":2,"enemies":"Blue Slaver","floor":14,"turns":4},{"damage":29,"enemies":"The Guardian","floor":16,"turns":8},{"damage":17,"enemies":"Spheric Guardian","floor":18,"turns":6},{"damage":21,"enemies":"2 Thieves","floor":21,"turns":4},{"damage":29,"enemies":"Centurion and Healer","floor":22,"turns":6},{"damage":49,"enemies":"conspire:SneckoGhost","floor":24,"turns":5}],"seed_played":"-4105877975747729751","potions_obtained":[{"floor":8,"key":"REME_GoldPotion"},{"floor":11,"key":"LifebloodPotion"},{"floor":16,"key":"Fire Potion"},{"floor":18,"key":"LiquidBronze"},{"floor":21,"key":"Venom Potion"}],"is_trial":false,"path_per_floor":["M","?","?","M","?","E","R","M","T","R","E","M","E","M","R","B",null,"M","R","?","M","M","R","E"],"character_chosen":"IRONCLAD","items_purchased":[],"campfire_rested":0,"item_purchase_floors":[],"current_hp_per_floor":[78,78,71,77,77,80,80,80,80,80,77,80,69,76,76,56,85,77,77,77,65,45,45,0,0],"gold":569,"neow_bonus":"THREE_ENEMY_KILL","is_daily":false,"chose_seed":false,"campfire_upgraded":5,"win_rate":0.0,"timestamp":1612436726,"path_taken":["M","?","?","M","?","E","R","M","T","R","E","M","E","M","R","BOSS","M","?","?","?","M","R","E"],"items_purchased_type":[],"build_version":"2020-12-22","purchased_purges":0,"victory":false,"max_hp_per_floor":[80,80,80,80,80,80,80,80,80,80,83,86,89,92,92,95,93,96,96,96,99,102,102,102,102],"card_choices":[{"not_picked":["Whirlwind","REME_Cut"],"picked":"Armaments","floor":1},{"not_picked":["ReplayTheSpireMod:LeadingStrike","Cleave"],"picked":"Headbutt","floor":4},{"not_picked":["Havoc","ReplayTheSpireMod:Muscle Training"],"picked":"Shrug It Off","floor":6},{"not_picked":["True Grit","jedi:fear"],"picked":"Shrug It Off","floor":8},{"not_picked":["Feel No Pain","Twin Strike"],"picked":"Intimidate","floor":11},{"not_picked":["Inflame","jedi:fear"],"picked":"Rage","floor":12},{"not_picked":["Headbutt","Life Link"],"picked":"Rampage","floor":13},{"not_picked":["Armaments","Seeing Red"],"picked":"Body Slam","floor":14},{"not_picked":["REME_Fury","REME_TheLastStrike"],"picked":"Demon Form","floor":16},{"not_picked":["Iron Wave+1","jedi:MakeshiftSword"],"picked":"Inflame+1","floor":18},{"not_picked":["Perfected Strike","Clothesline"],"picked":"Replay:Undeath\u0027s Touch","floor":21},{"not_picked":["Disarm+1","REME_FearOfPain"],"picked":"conspire:Purge","floor":22}],"player_experience":61090,"relics_obtained":[{"floor":2,"key":"Ring of Hypnosis"},{"floor":6,"key":"qcfpunch:Unceasing_Flame"},{"floor":9,"key":"PreservedInsect"},{"floor":11,"key":"Replay:Ringing Soul"},{"floor":13,"key":"jedi:arcanewood"}],"event_choices":[{"cards_removed":["Strike_R"],"damage_healed":0,"gold_gain":0,"player_choice":"Card Removal","damage_taken":7,"max_hp_gain":0,"max_hp_loss":0,"event_name":"Golden Wing","floor":3,"gold_loss":0},{"damage_healed":0,"gold_gain":0,"player_choice":"Upgraded","damage_taken":0,"max_hp_gain":0,"max_hp_loss":0,"event_name":"Upgrade Shrine","floor":5,"gold_loss":0,"cards_upgraded":["Armaments"]},{"damage_healed":0,"gold_gain":0,"player_choice":"Leave","damage_taken":0,"max_hp_gain":0,"max_hp_loss":0,"event_name":"conspire:Investor","floor":20,"gold_loss":0}],"is_beta":false,"boss_relics":[{"not_picked":["qcfpunch:Killian_Engine_Alpha","Black Star"],"picked":"energizedSpire:HugeHouse"}],"items_purged_floors":[],"is_endless":false,"potions_floor_spawned":[8,11,16,18,21],"killed_by":"conspire:SneckoGhost","ascension_level":9}}