{"host":"4eao2pkwlmv012cz","time":1612428667,"event":{"mods":["BaseMod","Colored Powertips","Minty Spire (QoL Compilation)","Permanent Neow","Quick Restart","Random Character Button","StSLib"],"gold_per_floor":[112,132,54,66,77,102,102,114,140,140,140],"floor_reached":10,"language":"ENG","playtime":408,"items_purged":[],"score":140,"play_id":"b8285c91-32df-4381-b9a3-22c4dcf7c54a","local_time":"20210204035107","is_ascension_mode":true,"campfire_choices":[{"floor":7,"key":"REST"}],"circlet_count":0,"master_deck":["AscendersBane","Strike_B","Strike_B","Strike_B","Strike_B","Defend_B","Defend_B","Defend_B","Defend_B","Zap","Dualcast","Gash","Sweeping Beam","Genetic Algorithm","Glacier","Undo","Redo","Beam Cell","White Noise"],"relics":["Cracked Core","Ancient Tea Set","Toy Ornithopter"],"acts_visited":["Exordium"],"potions_floor_usage":[6,6],"damage_taken":[{"damage":2,"enemies":"Cultist","floor":1,"turns":4},{"damage":0,"enemies":"2 Louse","floor":2,"turns":2},{"damage":3,"enemies":"Jaw Worm","floor":4,"turns":5},{"damage":7,"enemies":"2 Fungi Beasts","floor":5,"turns":5},{"damage":41,"enemies":"3 Sentries","floor":6,"turns":11},{"damage":4,"enemies":"Looter","floor":8,"turns":3},{"damage":35,"enemies":"Gremlin Nob","floor":10,"turns":5}],"seed_played":"-1807723226343794340","potions_obtained":[{"floor":4,"key":"SneckoOil"},{"floor":5,"key":"SteroidPotion"}],"is_trial":false,"path_per_floor":["M","M","$","M","M","E","R","M","T","E"],"character_chosen":"DEFECT","items_purchased":["Glacier"],"campfire_rested":1,"item_purchase_floors":[3],"current_hp_per_floor":[62,62,62,59,52,11,32,28,28,0,0],"gold":140,"neow_bonus":"THREE_CARDS","is_daily":false,"chose_seed":false,"campfire_upgraded":0,"win_rate":0.0,"timestamp":1612428667,"path_taken":["M","M","?","M","M","E","R","M","T","E"],"items_purchased_type":["Card"],"build_version":"2020-12-22","purchased_purges":0,"victory":false,"max_hp_per_floor":[71,71,71,71,71,71,71,71,71,71,71],"card_choices":[{"not_picked":["Double Energy","Hologram"],"picked":"Gash","floor":0},{"not_picked":["Turbo","Double Energy"],"picked":"Sweeping Beam","floor":1},{"not_picked":["Skim","Hologram"],"picked":"Genetic Algorithm","floor":2},{"not_picked":["Heatsinks","Rebound"],"picked":"Undo","floor":4},{"not_picked":["Stack","Double Energy"],"picked":"Redo","floor":5},{"not_picked":["Hologram","Redo"],"picked":"Beam Cell","floor":6},{"not_picked":["Leap","Reprogram"],"picked":"White Noise","floor":8}],"player_experience":2873448,"relics_obtained":[{"floor":6,"key":"Ancient Tea Set"},{"floor":9,"key":"Toy Ornithopter"}],"event_choices":[],"is_beta":false,"boss_relics":[],"items_purged_floors":[],"is_endless":false,"potions_floor_spawned":[4,5],"killed_by":"Gremlin Nob","ascension_level":20}}