{"host":"lktusdb9orijgc6z","time":1612482676,"event":{"mods":["BaseMod","Bestiary","Colored Map","Colored Powertips","Minty Spire (QoL Compilation)","Permanent Neow","Quick Restart","Relic Stats","StSLib","everything is the same but u backflip on backflip","slay the spire mod where everything is the same but ironclad has a cowboy hat"],"gold_per_floor":[115,134,134,50,50,50,90,90,144,177,177,200,200,228,228,228,228],"floor_reached":16,"language":"ENG","playtime":583,"items_purged":[],"score":200,"play_id":"422d9a66-443a-4bd0-820a-04ba63fd13c9","local_time":"20210205005116","is_ascension_mode":true,"campfire_choices":[{"data":"Dagger Spray","floor":6,"key":"SMITH"},{"data":"Blade Dance","floor":8,"key":"SMITH"},{"data":"Dash","floor":11,"key":"SMITH"},{"data":"Crippling Poison","floor":15,"key":"SMITH"}],"circlet_count":0,"master_deck":["AscendersBane","Strike_G","Strike_G","Strike_G","Strike_G","Strike_G","Defend_G","Defend_G","Defend_G","Survivor","Neutralize","All Out Attack","Dagger Spray+1","Dash+1","Bane","Blade Dance+1","PiercingWail","Dash","Crippling Poison+1"],"relics":["Ring of the Snake","Golden Idol","Thread and Needle","CeramicFish"],"acts_visited":["Exordium"],"potions_floor_usage":[7,16],"damage_taken":[{"damage":0,"enemies":"2 Louse","floor":1,"turns":3},{"damage":0,"enemies":"Jaw Worm","floor":2,"turns":5},{"damage":20,"enemies":"Gremlin Nob","floor":7,"turns":5},{"damage":0,"enemies":"Cultist","floor":10,"turns":3},{"damage":0,"enemies":"3 Louse","floor":12,"turns":2},{"damage":0,"enemies":"2 Fungi Beasts","floor":14,"turns":3},{"damage":27,"enemies":"Hexaghost","floor":16,"turns":9}],"seed_played":"-3651615620717719519","potions_obtained":[{"floor":1,"key":"EssenceOfSteel"},{"floor":2,"key":"ColorlessPotion"}],"is_trial":false,"path_per_floor":["M","M","?","$","?","R","E","R","T","M","R","M","?","M","R","B"],"character_chosen":"THE_SILENT","items_purchased":["Dash"],"campfire_rested":0,"item_purchase_floors":[4],"current_hp_per_floor":[44,44,44,44,44,44,24,24,24,24,24,24,24,24,24,0,0],"gold":228,"neow_bonus":"REMOVE_TWO","is_daily":false,"chose_seed":false,"campfire_upgraded":4,"win_rate":0.0,"timestamp":1612482676,"path_taken":["M","M","?","$","?","R","E","R","T","M","R","?","?","M","R","BOSS"],"items_purchased_type":["Card"],"build_version":"2020-12-22","purchased_purges":0,"victory":false,"max_hp_per_floor":[66,66,60,60,60,60,60,60,60,60,60,60,57,57,57,57,57],"relic_stats":{"counters":[7,30],"Golden Idol":20,"CeramicFish":27,"obtain_stats":[{"Golden Idol":3,"CeramicFish":9,"Thread and Needle":7,"Ring of the Snake":0},{"Golden Idol":2,"CeramicFish":3,"Thread and Needle":3,"Ring of the Snake":0},{"Golden Idol":8,"CeramicFish":13,"Thread and Needle":13,"Ring of the Snake":0}],"Ring of the Snake":[14]},"card_choices":[{"not_picked":["Distraction","Backstab"],"picked":"All Out Attack","floor":1},{"not_picked":["Calculated Gamble","Poisoned Stab"],"picked":"Dagger Spray","floor":2},{"not_picked":["Reflex","Dodge and Roll"],"picked":"Blade Dance","floor":7},{"not_picked":["Acrobatics","Eviscerate"],"picked":"PiercingWail","floor":10},{"not_picked":["Acrobatics","Slice"],"picked":"Dash","floor":12},{"not_picked":["Blade Dance","Acrobatics"],"picked":"Crippling Poison","floor":14}],"player_experience":760521,"relics_obtained":[{"floor":7,"key":"Thread and Needle"},{"floor":9,"key":"CeramicFish"}],"event_choices":[{"damage_healed":0,"gold_gain":0,"player_choice":"Lose Max HP","damage_taken":0,"relics_obtained":["Golden Idol"],"max_hp_gain":0,"max_hp_loss":6,"event_name":"Golden Idol","floor":3,"gold_loss":0},{"damage_healed":0,"gold_gain":0,"player_choice":"2 cards matched","damage_taken":0,"max_hp_gain":0,"max_hp_loss":0,"event_name":"Match and Keep!","floor":5,"gold_loss":0,"cards_obtained":["Parasite","Bane"]},{"cards_removed":["Parasite"],"damage_healed":0,"gold_gain":0,"player_choice":"Forget","damage_taken":0,"max_hp_gain":0,"max_hp_loss":0,"event_name":"Living Wall","floor":13,"gold_loss":0}],"is_beta":false,"boss_relics":[],"items_purged_floors":[],"is_endless":false,"potions_floor_spawned":[1,2],"killed_by":"Hexaghost","ascension_level":20}}