{"host":"njb27ds59h4j3ikk","time":1612411380,"event":{"mods":["AchievementEnabler","BaseMod","Better Altar","Better Match","Better Note","Better Sensory Stone","Better Skull","Better Third Choice","BetterRewards","Downfall","Hermit","Hubris","Minty Spire (QoL Compilation)","Permanent Neow","Quarter Circle Forward PUNCH!","Quick Restart","Rare Cards Sparkle","Replay The Spire","Shop Mod","StSLib","Trackpad","Transform Curses"],"gold_per_floor":[110,110,125,135,135,135,165,165,165,165,340,359,399,418,418,505,505,531,552,333,342,124,124,167,167,194,232,147,147,174,212,212,299,326,349,371,371,430,454,454,24,24,24,24,66,136,179,179,188,188,188,188,32,75,75],"floor_reached":56,"language":"ENG","playtime":3432,"items_purged":[],"score":2154,"play_id":"08804a01-f8fa-4e0d-9bb0-0a1e9268fba0","local_time":"20210203230300","is_ascension_mode":true,"campfire_choices":[{"data":"Panache","floor":6.0,"key":"SMITH"},{"data":"Armaments","floor":8.0,"key":"SMITH"},{"data":"Offering","floor":10.0,"key":"SMITH"},{"floor":15.0,"key":"REST"},{"floor":23.0,"key":"REST"},{"floor":32.0,"key":"RECALL"},{"data":"Shockwave","floor":42.0,"key":"SMITH"},{"floor":49.0,"key":"REST"},{"data":"ReplayTheSpireMod:Corrosion Curse","floor":52.0,"key":"SMITH"}],"circlet_count":0,"master_deck":["AscendersBane","Strike_R","Strike_R","Strike_R","Strike_R","Defend_R","Defend_R","Defend_R","Defend_R","Bash","Offering+1","Panache+1","Deep Breath","Footwork+1","Heavy Blade","Flame Barrier+1","Prepared+1","Heatsinks+1","Wild Strike","Fasting2+1","Armaments+1","SashWhip","ReplayTheSpireMod:LeadingStrike+1","Pommel Strike","Replay:Many Hands+1","Double Tap+1","Pummel+1","Armaments+1","Uppercut+1","Echo Form+1","Bludgeon+1","Bandage Up","Life Link+1","Hemokinesis","Shockwave+1","Dropkick+1","Feed","Writhe","ReplayTheSpireMod:Faulty Equipment","hubris:Wrath","Iron Wave+1","Dropkick","ReplayTheSpireMod:Corrosion Curse+1","Carnage","Twin Strike+1","Run Through","Replay:Undeath\u0027s Touch+1","Wild Strike+1","Armaments+1"],"relics":["Burning Blood","qcfpunch:School_Backpack","ReplayTheSpireMod:Ring of Collecting","Ring of Peace","trackpad:ByrdCharm","ReplayTheSpireMod:Ring of Addiction","Chameleon Ring","CeramicFish","Snecko Eye","qcfpunch:Wrestler\u0027s_Cloak","Replay:Ringing Soul","Ring of Fury","qcfpunch:Not_Strongest_Fighting_Style_Guidebook","hubris:ChampionShield","Replay:Mystery Machine","Bird Faced Urn","Dream Catcher","Replay:Ancient Bell","Replay:Baseball","StrikeDummy","trackpad:SneckoScepter","Lizard Tail","Ring of Hypnosis","King of Hearts","ReplayTheSpireMod:Ninjato","MerchantsRug","ReplayTheSpireMod:Ring of Challenge","trackpad:WondrousWand","qcfpunch:Necklace_of_Skulls","hubris:SlimyHat","Guardian:GemstoneGun","Strawberry","Letter Opener","Anchor"],"acts_visited":["Exordium","TheCity","TheBeyond","TheEnding"],"potions_floor_usage":[55,55,55,55],"damage_taken":[{"damage":10.0,"enemies":"Small Slimes","floor":1.0,"turns":4.0},{"damage":6.0,"enemies":"Cultist","floor":3.0,"turns":3.0},{"damage":7.0,"enemies":"2 Louse","floor":4.0,"turns":2.0},{"damage":42.0,"enemies":"Lagavulin","floor":7.0,"turns":8.0},{"damage":6.0,"enemies":"Large Slime","floor":12.0,"turns":9.0},{"damage":31.0,"enemies":"Replay:BlueRogue","floor":13.0,"turns":9.0},{"damage":6.0,"enemies":"Blue Slaver","floor":14.0,"turns":3.0},{"damage":51.0,"enemies":"Fading Forest","floor":16.0,"turns":11.0},{"damage":28.0,"enemies":"Chosen","floor":18.0,"turns":9.0},{"damage":8.0,"enemies":"Shell Parasite","floor":19.0,"turns":6.0},{"damage":0.0,"enemies":"Replay:Snechameleon","floor":24.0,"turns":3.0},{"damage":0.0,"enemies":"Book of Stabbing","floor":27.0,"turns":2.0},{"damage":0.0,"enemies":"Chosen and Byrds","floor":30.0,"turns":4.0},{"damage":5.0,"enemies":"Slavers","floor":31.0,"turns":4.0},{"damage":27.0,"enemies":"Automaton","floor":33.0,"turns":7.0},{"damage":20.0,"enemies":"Orb Walker","floor":35.0,"turns":5.0},{"damage":8.0,"enemies":"3 Darklings","floor":36.0,"turns":3.0},{"damage":23.0,"enemies":"2 Orb Walkers","floor":38.0,"turns":4.0},{"damage":55.0,"enemies":"Reptomancer","floor":45.0,"turns":5.0},{"damage":23.0,"enemies":"Sphere and 2 Shapes","floor":46.0,"turns":5.0},{"damage":0.0,"enemies":"R_Hoarder","floor":47.0,"turns":4.0},{"damage":81.0,"enemies":"Replay:Hell Engine","floor":50.0,"turns":7.0},{"damage":90.0,"enemies":"Shield and Spear","floor":54.0,"turns":6.0},{"damage":19,"enemies":"The Heart","floor":55,"turns":5}],"seed_played":"7848435916128879066","potions_obtained":[{"floor":3.0,"key":"Swift Potion"},{"floor":9.0,"key":"FearPotion"},{"floor":9.0,"key":"hexamod:SoulburnPotion"},{"floor":9.0,"key":"BloodPotion"},{"floor":12.0,"key":"FearPotion"},{"floor":13.0,"key":"Explosive Potion"},{"floor":18.0,"key":"champ:CounterPotion"},{"floor":25.0,"key":"Fruit Juice"},{"floor":25.0,"key":"BloodPotion"},{"floor":27.0,"key":"SpeedPotion"},{"floor":30.0,"key":"Swift Potion"},{"floor":33.0,"key":"AttackPotion"},{"floor":38.0,"key":"DuplicationPotion"},{"floor":40.0,"key":"Strength Potion"},{"floor":40.0,"key":"Strength Potion"},{"floor":46.0,"key":"ColorlessPotion"}],"is_trial":false,"path_per_floor":["M","?","M","M","?","R","E","R","T","R","?","M","E","M","R","B",null,"M","M","$","?","$","R","E","R","T","E","?","?","M","E","R","B",null,"M","M","?","?","T","R","$","R","T","?","E","M","E","$","R","B",null,"R","$","E","B",null],"character_chosen":"IRONCLAD","items_purchased":["Offering","qcfpunch:School_Backpack","Panache","BloodPotion","Deep Breath","Uppercut","qcfpunch:Wrestler\u0027s_Cloak","Bludgeon","Bandage Up","ReplayTheSpireMod:Ninjato","MerchantsRug","Carnage","Strawberry","Letter Opener","Flashbang","ColorlessPotion"],"campfire_rested":3,"item_purchase_floors":[0,0,0,0,0,20,20,22,22,41,41,41,48,48,53,53],"current_hp_per_floor":[64,64,64,63,63,63,42,42,42,42,42,64,39,39,61,30,64,42,40,40,40,40,61,76,76,76,79,79,79,89,92,92,78,94,85,108,108,96,96,96,99,99,99,99,61,53,68,48,88,31,103,103,103,28,23],"gold":75,"neow_bonus":"","is_daily":false,"chose_seed":false,"campfire_upgraded":5,"win_rate":0.0,"timestamp":1612411380,"path_taken":["M","?","M","?","?","R","E","R","T","R","?","M","E","M","R","BOSS","M","M","$","?","$","R","E","R","T","E","?","?","?","E","R","BOSS","M","M","?","?","?","R","?","R","T","?","E","M","E","?","R","BOSS","R","$","E","BOSS"],"items_purchased_type":["Card","Relic","Card","Potion","Card","Card","Relic","Card","Card","Relic","Relic","Card","Relic","Relic","Potion","Potion"],"build_version":"2020-12-22","purchased_purges":0,"victory":true,"max_hp_per_floor":[75,75,75,75,75,75,75,75,75,75,75,75,75,75,75,75,75,75,75,75,73,73,73,76,76,76,79,79,79,89,92,92,95,98,101,108,108,111,111,111,114,112,112,112,113,116,119,126,127,127,127,127,127,128,128],"card_choices":[{"not_picked":["Well Laid Plans","Acrobatics"],"picked":"Footwork","floor":1.0},{"not_picked":["Perfected Strike","True Grit"],"picked":"Heavy Blade","floor":1.0},{"not_picked":["hubris:SlightOfHand","Distraction"],"picked":"Prepared+1","floor":3.0},{"not_picked":["Whirlwind","Warcry"],"picked":"Massacre","floor":3.0},{"not_picked":["Defragment","Barrage"],"picked":"Heatsinks+1","floor":4.0},{"not_picked":["Entrench","ReplayTheSpireMod:Strike From Hell"],"picked":"Wild Strike","floor":4.0},{"not_picked":["FearNoEvil","SashWhip"],"picked":"Fasting2","floor":7.0},{"not_picked":["Run Through","Twin Strike"],"picked":"Armaments","floor":7.0},{"not_picked":["Adaptation+1","Replay:ManipulateFuture"],"picked":"SashWhip","floor":12.0},{"not_picked":["Searing Blow","Warcry"],"picked":"ReplayTheSpireMod:LeadingStrike","floor":12.0},{"not_picked":["Warcry","Second Wind"],"picked":"Pommel Strike","floor":13.0},{"not_picked":["Flex","True Grit"],"picked":"Replay:Many Hands","floor":14.0},{"not_picked":["Berserk","Eclipse"],"picked":"Double Tap","floor":16.0},{"not_picked":["Clothesline","Perfected Strike"],"picked":"Pummel","floor":18.0},{"not_picked":["Combust","Dual Wield"],"picked":"Armaments+1","floor":19.0},{"not_picked":["Clash","Feel No Pain"],"picked":"Life Link","floor":24.0},{"not_picked":["Flame Barrier","Cleave"],"picked":"Hemokinesis","floor":27.0},{"not_picked":["ReplayTheSpireMod:Strike From Hell","Flame Barrier"],"picked":"Shockwave","floor":30.0},{"not_picked":["Perfected Strike","Wild Strike+1"],"picked":"Dropkick+1","floor":31.0},{"not_picked":["Double Tap","Juggernaut"],"picked":"Feed","floor":33.0},{"not_picked":["Parasite","downfall:Malfunctioning"],"picked":"Writhe","floor":34.0},{"not_picked":["downfall:Malfunctioning","Regret"],"picked":"ReplayTheSpireMod:Faulty Equipment","floor":34.0},{"not_picked":["hubris:Disease","downfall:Haunted"],"picked":"hubris:Wrath","floor":34.0},{"not_picked":["Flex","Ghostly Armor"],"picked":"Iron Wave+1","floor":35.0},{"not_picked":["Havoc","Armaments"],"picked":"Dropkick","floor":36.0},{"not_picked":["Ghostly Armor","Clothesline"],"picked":"ReplayTheSpireMod:Corrosion Curse","floor":38.0},{"not_picked":["Clothesline","Run Through"],"picked":"Twin Strike+1","floor":45.0},{"not_picked":["Abandon","hubris:CleavingFinish"],"picked":"Run Through","floor":46.0},{"not_picked":["Intimidate","hubris:SharpeningStone"],"picked":"Replay:Undeath\u0027s Touch+1","floor":47.0},{"not_picked":["Clothesline","hubris:ReadiedAction"],"picked":"Wild Strike+1","floor":49.0},{"not_picked":["Sentinel+1","Sword Boomerang"],"picked":"Armaments+1","floor":54.0}],"player_experience":1336305,"relics_obtained":[{"floor":5.0,"key":"ReplayTheSpireMod:Ring of Collecting"},{"floor":5.0,"key":"Ring of Peace"},{"floor":7.0,"key":"trackpad:ByrdCharm"},{"floor":9.0,"key":"ReplayTheSpireMod:Ring of Addiction"},{"floor":9.0,"key":"Potion Belt"},{"floor":9.0,"key":"Chameleon Ring"},{"floor":9.0,"key":"Matryoshka"},{"floor":13.0,"key":"CeramicFish"},{"floor":24.0,"key":"Replay:Ringing Soul"},{"floor":26.0,"key":"Ring of Fury"},{"floor":26.0,"key":"qcfpunch:Not_Strongest_Fighting_Style_Guidebook"},{"floor":26.0,"key":"hubris:ChampionShield"},{"floor":27.0,"key":"Replay:Mystery Machine"},{"floor":31.0,"key":"Dream Catcher"},{"floor":38.0,"key":"Lizard Tail"},{"floor":39.0,"key":"Ring of Hypnosis"},{"floor":39.0,"key":"King of Hearts"},{"floor":43.0,"key":"ReplayTheSpireMod:Ring of Challenge"},{"floor":43.0,"key":"trackpad:WondrousWand"},{"floor":45.0,"key":"qcfpunch:Necklace_of_Skulls"},{"floor":46.0,"key":"hubris:SlimyHat"},{"floor":47.0,"key":"Guardian:GemstoneGun"},{"floor":54.0,"key":"Anchor"}],"event_choices":[{"damage_healed":0.0,"max_hp_gain":0.0,"max_hp_loss":0.0,"gold_gain":0.0,"cards_transformed":["Strike_R"],"event_name":"Transmorgrifier","player_choice":"Transformed","floor":2.0,"gold_loss":0.0,"damage_taken":0.0,"cards_obtained":["Flame Barrier"]},{"damage_healed":0.0,"max_hp_gain":0.0,"max_hp_loss":0.0,"gold_gain":175.0,"event_name":"betterThird:BetterSerpent","player_choice":"AGREE","floor":11.0,"gold_loss":0.0,"damage_taken":165.0},{"cards_removed":["Offering"],"damage_healed":0.0,"max_hp_gain":0.0,"max_hp_loss":0.0,"gold_gain":0.0,"event_name":"betterNote:BetterNote","player_choice":"Take \u0026 Give","floor":21.0,"gold_loss":0.0,"damage_taken":0.0,"cards_obtained":["Echo Form"]},{"damage_healed":0.0,"max_hp_gain":0.0,"max_hp_loss":0.0,"gold_gain":0.0,"event_name":"Addict","player_choice":"Obtained Relic","floor":28.0,"gold_loss":85.0,"damage_taken":0.0,"relics_obtained":["Bird Faced Urn"]},{"cards_removed":["Doubt","Delirium"],"damage_healed":0.0,"max_hp_gain":0.0,"max_hp_loss":0.0,"gold_gain":0.0,"event_name":"Fountain of Cleansing","player_choice":"Removed Curses","floor":29.0,"gold_loss":0.0,"damage_taken":0.0},{"damage_healed":0.0,"max_hp_gain":0.0,"max_hp_loss":0.0,"gold_gain":0.0,"event_name":"Mysterious Sphere","player_choice":"Fight","floor":38.0,"gold_loss":0.0,"damage_taken":0.0},{"cards_removed":["Massacre"],"damage_healed":0.0,"max_hp_gain":0.0,"max_hp_loss":0.0,"gold_gain":0.0,"event_name":"Falling","player_choice":"Removed Attack","floor":44.0,"gold_loss":0.0,"damage_taken":0.0}],"is_beta":false,"boss_relics":[{"not_picked":["Sozu","ReplayTheSpireMod:DimensionalGlitch"],"picked":"Snecko Eye"},{"not_picked":["bronze:MakeshiftBattery","hubris:RunicObelisk"],"picked":"Replay:Ancient Bell"},{"not_picked":["Red Skull","Oddly Smooth Stone"],"picked":"Replay:Baseball"},{"not_picked":["Frozen Egg 2","Meat on the Bone"],"picked":"StrikeDummy"},{"not_picked":["trackpad:HandOfMidas","StoneCalendar"],"picked":"trackpad:SneckoScepter"}],"items_purged_floors":[],"is_endless":false,"potions_floor_spawned":[3,12,13,18,27,30,33,38,46],"ascension_level":14}}