{"host":"dtvgc7uk609653br","time":1612398677,"event":{"mods":["BaseMod","Minty Spire (QoL Compilation)","StSLib","The Bladedancer"],"gold_per_floor":[112,112,112,112,36,36,63,138,138,150,150,179,194,214,214,309,309,319,168,168,183,199,199,210,225,250,250,281,296,309,309,309,309,309],"floor_reached":33,"language":"ENG","playtime":779,"items_purged":[],"score":360,"play_id":"3cf15e2c-6aba-441d-b669-63342b2e67fd","local_time":"20210203193117","is_ascension_mode":true,"campfire_choices":[{"data":"Juggernaut","floor":6,"key":"SMITH"},{"floor":11,"key":"REST"},{"data":"Feel No Pain","floor":15,"key":"SMITH"},{"floor":23,"key":"REST"},{"floor":27,"key":"REST"},{"floor":32,"key":"REST"}],"circlet_count":0,"master_deck":["Strike_R","Strike_R","Strike_R","Strike_R","Strike_R","Defend_R","Defend_R","Defend_R","Defend_R","Bash","Juggernaut+1","Feel No Pain+1","Sever Soul","Dark Embrace","Iron Wave","True Grit","Immolate","Exhume","Wild Strike+1"],"relics":["Burning Blood","Lizard Tail","Thread and Needle","PreservedInsect","StoneCalendar","Fusion Hammer","Juzu Bracelet","Ice Cream","Nilry\u0027s Codex"],"acts_visited":["Exordium","TheCity"],"potions_floor_usage":[22,22,30,33],"damage_taken":[{"damage":5,"enemies":"2 Louse","floor":1,"turns":3},{"damage":34,"enemies":"3 Sentries","floor":7,"turns":6},{"damage":6,"enemies":"Small Slimes","floor":10,"turns":3},{"damage":16,"enemies":"Lagavulin","floor":12,"turns":4},{"damage":3,"enemies":"Jaw Worm","floor":13,"turns":3},{"damage":2,"enemies":"Looter","floor":14,"turns":4},{"damage":23,"enemies":"Slime Boss","floor":16,"turns":7},{"damage":22,"enemies":"2 Thieves","floor":18,"turns":4},{"damage":21,"enemies":"Shell Parasite","floor":21,"turns":5},{"damage":5,"enemies":"Centurion and Healer","floor":22,"turns":3},{"damage":72,"enemies":"3 Cultists","floor":24,"turns":6},{"damage":12,"enemies":"Snake Plant","floor":25,"turns":3},{"damage":9,"enemies":"Gremlin Leader","floor":28,"turns":6},{"damage":32,"enemies":"Shelled Parasite and Fungi","floor":29,"turns":4},{"damage":9,"enemies":"Centurion and Healer","floor":30,"turns":4},{"damage":65,"enemies":"Collector","floor":33,"turns":6}],"seed_played":"-3831283574986507862","potions_obtained":[{"floor":7,"key":"Weak Potion"},{"floor":10,"key":"DistilledChaos"},{"floor":16,"key":"AttackPotion"},{"floor":22,"key":"SpeedPotion"},{"floor":25,"key":"Strength Potion"},{"floor":30,"key":"BloodPotion"}],"is_trial":false,"path_per_floor":["M","?","?","?","$","R","E","?","T","M","R","E","M","M","R","B",null,"M","$","?","M","M","R","M","M","T","R","E","M","M","?","R","B"],"character_chosen":"IRONCLAD","items_purchased":["Feel No Pain","Exhume"],"campfire_rested":4,"item_purchase_floors":[5,19],"current_hp_per_floor":[73,73,66,66,66,66,38,27,27,27,51,41,44,48,48,31,68,52,52,52,37,38,62,46,40,40,64,61,35,48,32,56,0,0],"gold":309,"neow_bonus":"ONE_RANDOM_RARE_CARD","is_daily":false,"chose_seed":false,"campfire_upgraded":2,"win_rate":0.0,"timestamp":1612398677,"path_taken":["M","?","?","?","?","R","E","?","T","M","R","E","M","M","R","BOSS","M","$","?","M","M","R","?","M","T","R","E","M","M","?","R","BOSS"],"items_purchased_type":["Card","Card"],"build_version":"2020-12-22","purchased_purges":0,"victory":false,"max_hp_per_floor":[80,80,80,80,80,80,80,80,80,80,80,80,80,80,80,80,80,80,80,80,80,80,80,80,80,80,80,80,80,80,80,80,80,80],"card_choices":[{"not_picked":["Flex","Shockwave","Infernal Blade"],"picked":"SKIP","floor":1},{"not_picked":["Cleave","Dropkick","Clothesline"],"picked":"SKIP","floor":7},{"not_picked":["Armaments","Shrug It Off"],"picked":"Sever Soul","floor":10},{"not_picked":["Headbutt","Body Slam"],"picked":"Dark Embrace","floor":12},{"not_picked":["Power Through","Dual Wield"],"picked":"Iron Wave","floor":13},{"not_picked":["Pommel Strike","Sentinel"],"picked":"True Grit","floor":14},{"not_picked":["Double Tap","Berserk"],"picked":"Immolate","floor":16},{"not_picked":["Dropkick+1","Thunderclap+1","Iron Wave"],"picked":"SKIP","floor":18},{"not_picked":["Armaments+1","True Grit","Clothesline"],"picked":"SKIP","floor":21},{"not_picked":["Combust","Warcry","Thunderclap"],"picked":"SKIP","floor":22},{"not_picked":["Flex","Searing Blow"],"picked":"Wild Strike+1","floor":24},{"not_picked":["Blood for Blood","Spot Weakness","Thunderclap+1"],"picked":"SKIP","floor":25},{"not_picked":["Clash","Spot Weakness+1","Headbutt"],"picked":"SKIP","floor":28},{"not_picked":["Clothesline","Clash","Twin Strike"],"picked":"SKIP","floor":29},{"not_picked":["Reaper","Heavy Blade","Shrug It Off+1"],"picked":"SKIP","floor":30}],"player_experience":556320,"relics_obtained":[{"floor":7,"key":"Thread and Needle"},{"floor":9,"key":"PreservedInsect"},{"floor":12,"key":"StoneCalendar"},{"floor":26,"key":"Juzu Bracelet"},{"floor":28,"key":"Ice Cream"},{"floor":31,"key":"Nilry\u0027s Codex"}],"event_choices":[{"damage_healed":0,"gold_gain":0,"player_choice":"Box","damage_taken":0,"relics_obtained":["Lizard Tail"],"max_hp_gain":0,"max_hp_loss":0,"event_name":"Big Fish","floor":2,"gold_loss":0,"cards_obtained":["Regret"]},{"cards_removed":["Regret"],"damage_healed":0,"gold_gain":0,"player_choice":"Card Removal","damage_taken":7,"max_hp_gain":0,"max_hp_loss":0,"event_name":"Golden Wing","floor":3,"gold_loss":0},{"damage_healed":0,"gold_gain":0,"player_choice":"Ignored","damage_taken":0,"max_hp_gain":0,"max_hp_loss":0,"event_name":"Liars Game","floor":4,"gold_loss":0},{"damage_healed":0,"gold_gain":75,"player_choice":"Gather Gold","damage_taken":11,"max_hp_gain":0,"max_hp_loss":0,"event_name":"World of Goop","floor":8,"gold_loss":0},{"damage_healed":0,"gold_gain":0,"player_choice":"0 cards matched","damage_taken":0,"max_hp_gain":0,"max_hp_loss":0,"event_name":"Match and Keep!","floor":20,"gold_loss":0,"cards_obtained":[]},{"damage_healed":0,"gold_gain":0,"player_choice":"Obtained Book","damage_taken":16,"max_hp_gain":0,"max_hp_loss":0,"event_name":"Cursed Tome","floor":31,"gold_loss":0}],"is_beta":false,"boss_relics":[{"not_picked":["Black Blood","SacredBark"],"picked":"Fusion Hammer"}],"items_purged_floors":[],"is_endless":false,"potions_floor_spawned":[7,10,16,22,25,28,30],"killed_by":"Collector","ascension_level":6}}