{"host":"a1eatafr7pisesky","time":1612446150,"event":{"mods":["AchievementEnabler","BaseMod","Colored Map","Keyboard Shortcuts","Minty Spire (QoL Compilation)","Say the Spire","StSLib","SuperFastMode","everything is the same but u backflip on backflip"],"gold_per_floor":[118,133,23,23,38,38,51,51,51,83,158,176,26,42,42,116,116,132,231,246,265,140,140,44,70,70,88,88,88],"floor_reached":28,"language":"KOR","playtime":650,"items_purged":["Strike_G","Defend_G","Strike_G"],"score":408,"play_id":"457d2548-f307-4d10-986e-651f5eb9f2e8","local_time":"20210204224230","is_ascension_mode":true,"campfire_choices":[{"data":"Terror","floor":6.0,"key":"SMITH"},{"data":"Poisoned Stab","floor":8.0,"key":"SMITH"},{"data":"Poisoned Stab","floor":15.0,"key":"SMITH"},{"data":"PiercingWail","floor":23.0,"key":"SMITH"}],"circlet_count":0,"master_deck":["AscendersBane","Strike_G","Strike_G","Strike_G","Defend_G","Defend_G","Defend_G","Defend_G","Survivor","Neutralize","Terror+1","Poisoned Stab+1","Backstab","Blur","Poisoned Stab+1","Deadly Poison","Deadly Poison","Corpse Explosion","PiercingWail+1","Deadly Poison","Cloak And Dagger","Backflip","Dagger Spray"],"relics":["Ring of the Snake","NeowsBlessing","Oddly Smooth Stone","Ornamental Fan","Runic Pyramid","Gremlin Horn","Bottled Lightning"],"acts_visited":["Exordium","TheCity"],"potions_floor_usage":[28],"damage_taken":[{"damage":0.0,"enemies":"Jaw Worm","floor":1.0,"turns":1.0},{"damage":0.0,"enemies":"Cultist","floor":2.0,"turns":1.0},{"damage":0.0,"enemies":"2 Louse","floor":5.0,"turns":1.0},{"damage":1.0,"enemies":"Exordium Wildlife","floor":7.0,"turns":3.0},{"damage":16.0,"enemies":"Lagavulin","floor":10.0,"turns":6.0},{"damage":1.0,"enemies":"Gremlin Gang","floor":12.0,"turns":6.0},{"damage":0.0,"enemies":"Looter","floor":14.0,"turns":3.0},{"damage":23.0,"enemies":"The Guardian","floor":16.0,"turns":9.0},{"damage":0.0,"enemies":"3 Byrds","floor":18.0,"turns":2.0},{"damage":9.0,"enemies":"2 Thieves","floor":20.0,"turns":4.0},{"damage":0.0,"enemies":"3 Cultists","floor":21.0,"turns":2.0},{"damage":25.0,"enemies":"Slavers","floor":25.0,"turns":4.0},{"damage":14.0,"enemies":"Centurion and Healer","floor":27.0,"turns":5.0},{"damage":0,"enemies":"Colosseum Slavers","floor":28,"turns":4},{"damage":0,"enemies":"Colosseum Nobs","floor":28,"turns":2}],"seed_played":"603862122392765028","potions_obtained":[{"floor":1.0,"key":"Energy Potion"},{"floor":5.0,"key":"Dexterity Potion"},{"floor":10.0,"key":"SkillPotion"},{"floor":21.0,"key":"AttackPotion"},{"floor":27.0,"key":"Strength Potion"}],"is_trial":false,"path_per_floor":["M","M","$","?","M","R","M","R","T","E","?","M","$","M","R","B",null,"M","?","M","M","$","R","$","E","T","M","?"],"character_chosen":"THE_SILENT","items_purchased":["Backstab","Deadly Poison","EntropicBrew"],"campfire_rested":0,"item_purchase_floors":[3,13,24],"current_hp_per_floor":[59,59,59,66,66,66,65,65,65,49,38,37,37,37,37,14,53,53,53,44,44,44,44,44,19,19,5,5,5],"gold":88,"neow_bonus":"THREE_ENEMY_KILL","is_daily":false,"chose_seed":false,"campfire_upgraded":4,"win_rate":0.0,"timestamp":1612446150,"path_taken":["M","M","$","?","M","R","?","R","T","E","?","M","?","?","R","BOSS","M","?","M","M","$","R","$","E","T","M","?"],"items_purchased_type":["Card","Card","Potion"],"build_version":"2020-12-22","purchased_purges":3,"victory":false,"max_hp_per_floor":[66,66,66,66,66,66,66,66,66,66,66,66,66,66,66,66,66,66,66,66,66,66,66,66,66,66,66,66,66],"card_choices":[{"not_picked":["Outmaneuver","Setup"],"picked":"Terror","floor":1.0},{"not_picked":["Dagger Spray","PiercingWail"],"picked":"Poisoned Stab","floor":2.0},{"not_picked":["Deflect","Calculated Gamble"],"picked":"Blur","floor":5.0},{"not_picked":["Underhanded Strike","Dodge and Roll","Setup"],"picked":"SKIP","floor":7.0},{"not_picked":["Bullet Time","Bane","Choke"],"picked":"SKIP","floor":10.0},{"not_picked":["Bullet Time","Bane","Choke"],"picked":"SKIP","floor":10.0},{"not_picked":["Blade Dance","Well Laid Plans"],"picked":"Poisoned Stab","floor":12.0},{"not_picked":["Endless Agony","Setup"],"picked":"Deadly Poison","floor":14.0},{"not_picked":["Phantasmal Killer","Unload"],"picked":"Corpse Explosion","floor":16.0},{"not_picked":["Reflex+1","Acrobatics"],"picked":"PiercingWail","floor":18.0},{"not_picked":["Acrobatics","Outmaneuver"],"picked":"Deadly Poison","floor":20.0},{"not_picked":["Slice","Blade Dance"],"picked":"Cloak And Dagger","floor":21.0},{"not_picked":["Underhanded Strike","Footwork"],"picked":"Backflip","floor":25.0},{"not_picked":["Blur","Bane+1"],"picked":"Dagger Spray","floor":27.0}],"player_experience":401334,"relics_obtained":[{"floor":9.0,"key":"Oddly Smooth Stone"},{"floor":10.0,"key":"Ornamental Fan"},{"floor":25.0,"key":"Gremlin Horn"},{"floor":26.0,"key":"Bottled Lightning"}],"event_choices":[{"damage_healed":7.0,"max_hp_gain":0.0,"max_hp_loss":0.0,"gold_gain":0.0,"event_name":"Wheel of Change","player_choice":"Full Heal","floor":4.0,"gold_loss":0.0,"damage_taken":0.0},{"damage_healed":0.0,"max_hp_gain":0.0,"max_hp_loss":0.0,"gold_gain":75.0,"event_name":"World of Goop","player_choice":"Gather Gold","floor":11.0,"gold_loss":0.0,"damage_taken":11.0},{"damage_healed":0.0,"max_hp_gain":0.0,"max_hp_loss":0.0,"gold_gain":99.0,"event_name":"Nest","player_choice":"Stole From Cult","floor":19.0,"gold_loss":0.0,"damage_taken":0.0},{"damage_healed":0,"gold_gain":0,"player_choice":"Fight","damage_taken":0,"max_hp_gain":0,"max_hp_loss":0,"event_name":"Colosseum","floor":28,"gold_loss":0},{"damage_healed":0,"gold_gain":0,"player_choice":"Fought Nobs","damage_taken":0,"max_hp_gain":0,"max_hp_loss":0,"event_name":"Colosseum","floor":28,"gold_loss":0}],"is_beta":false,"boss_relics":[{"not_picked":["Cursed Key","Fusion Hammer"],"picked":"Runic Pyramid"}],"items_purged_floors":[3,13,22],"is_endless":false,"potions_floor_spawned":[1,5,10,16,21,27],"killed_by":"Colosseum Nobs","ascension_level":14}}