{"host":"rm0ctv8qd8mnbkg1","time":1612438591,"event":{"mods":["BaseMod","BetterRewards","Colored Map","DNKmod","Dark Map","Defuse TimeMaze Blight","Friendly Minions","Hubris","Hunter ??","Infinite Spire","Minty Spire (QoL Compilation)","MostiFishMod","Permanent Neow","Quarter Circle Forward PUNCH!","RRrroohrrRGHHhhh!!","Rare Cards Sparkle","Relic Sorter","Reliquary","Replay The Spire","RumiaBox-????????","Shade Mod","Shop Mod","Spicy Shops","Spire Arcade","StS++","StSLib","The Dragon Tamer","The Poker Player","The Servant 0.9.4","Wandering Minibosses","[IsaacMod]????","??????REMEMod"],"gold_per_floor":[10047,9582,9601,9601,9601,9601,9616,9662,9686,9704,9411,9411,9474,9485,9485,9615,9615,9632,9651,9388,9401,9418,9418,9418,9418],"floor_reached":21,"language":"ENG","playtime":948,"items_purged":[],"score":310,"play_id":"4fd06e91-6600-493f-9c96-1dfbf9299d9c","local_time":"20210204113631","is_ascension_mode":false,"campfire_choices":[{"data":"CultistPetCall","floor":6,"key":"SMITH"},{"data":"HPGrowth_Giant","floor":12,"key":"SMITH"},{"data":"GremlinNobPetCall","floor":15,"key":"SMITH"}],"circlet_count":0,"master_deck":["Strike_Giant","Strike_Giant","Defend_Giant","Defend_Giant","Defend_Giant","Defend_Giant","EagleFirst","EagleFirst","EagleSecond","BettingIsNotGood","Envenom","Combo Recycle","Echo Attack","Mana Growth","hubris:Despair","GremlinTsunderePetCall","HPGrowth_Giant+1","GremlinNobPetCall+1","hubris:DuctTapeCard","Rupture Giant","Resurrection Giant","Beast Master","MostiFishMod:PerfectParry","HealerPetCall","EagleThird","Spirit Of Beast"],"relics":["GiantSoulBox","REME_ComplimentaryCards","HushsDoor","DaveBox","SteamSale","BirthdayGift-Icosahedron","hubris:DisguiseKit","hubris:Towel","reliquary:RoseTintedGlasses","infinitespire:EmpoweringShard","hubris:DuctTape","GiantSoulStone","reliquary:PorcupineQuills","BlankCard","Nloth\u0027s Gift"],"acts_visited":["Exordium","TheCity"],"potions_floor_usage":[],"damage_taken":[{"damage":0,"enemies":"Jaw Worm","floor":1,"turns":3},{"damage":0,"enemies":"2 Louse","floor":3,"turns":1},{"damage":0,"enemies":"Cultist","floor":7,"turns":1},{"damage":0,"enemies":"Looter","floor":8,"turns":2},{"damage":0,"enemies":"Exordium Thugs","floor":10,"turns":2},{"damage":0,"enemies":"Gremlin Nob","floor":13,"turns":2},{"damage":0,"enemies":"Blue Slaver","floor":14,"turns":1},{"damage":0,"enemies":"Slime Boss","floor":16,"turns":3},{"damage":0,"enemies":"Chosen","floor":18,"turns":3},{"damage":0,"enemies":"Spheric Guardian","floor":19,"turns":1},{"damage":0,"enemies":"Shell Parasite","floor":18,"turns":2},{"damage":0,"enemies":"3 Byrds","floor":19,"turns":1},{"damage":0,"enemies":"Centurion and Healer","floor":21,"turns":1}],"seed_played":"-4391328972852128460","potions_obtained":[{"floor":10,"key":"Energy Potion"}],"is_trial":false,"path_per_floor":["M","$","M","?","?","R","M","M","T","M","$","R","E","M","R","B",null,"M","M","$","M","M","?","M"],"character_chosen":"Giant","items_purchased":["Echo Attack","BirthdayGift-Icosahedron","CultistPetCall+1","infinitespire:EmpoweringShard","GremlinNobPetCall","hubris:DuctTape","reliquary:PorcupineQuills","EagleThird","BlankCard"],"campfire_rested":0,"item_purchase_floors":[2,2,2,11,11,11,20,20,20],"current_hp_per_floor":[1105,1105,1105,1105,1105,1105,1105,1110,1110,1110,1110,1110,1115,1115,1115,1120,1120,1120,1120,1120,1120,1120,1120,1120,1120],"gold":9418,"neow_bonus":"TEN_PERCENT_HP_BONUS","is_daily":false,"chose_seed":false,"campfire_upgraded":3,"win_rate":0.0,"timestamp":1612438591,"path_taken":["M","$","M","?","?","R","M","M","T","?","$","R","E","M","R","BOSS","M","M","$","M","M","?","M"],"items_purchased_type":["Card","Relic","Card","Relic","Card","Relic","Relic","Card","Relic"],"build_version":"2020-12-22","purchased_purges":0,"victory":false,"max_hp_per_floor":[1105,1105,1105,1105,1105,1105,1105,1110,1110,1110,1110,1110,1115,1115,1115,1120,1120,1120,1120,1120,1120,1120,1120,1120,1120],"card_choices":[{"not_picked":[],"picked":"BettingIsNotGood","floor":0},{"not_picked":["Combo Defend","Backward Giant"],"picked":"Combo Recycle","floor":1},{"not_picked":["Protect_Giant","Recover HP"],"picked":"Mana Growth","floor":3},{"not_picked":["LeftHookFist","Struggle Attack","Backflip"],"picked":"GremlinTsunderePetCall","floor":7},{"not_picked":["Combo Defend","Backward Giant","TakeAction_Giant","hubris:SlightOfHand"],"picked":"SKIP","floor":8},{"not_picked":["CultistPetCall","Fanatic Cultist","Escape Plan"],"picked":"HPGrowth_Giant","floor":10},{"not_picked":["Time Travel","Echo Attack","Cloak And Dagger"],"picked":"Rupture Giant","floor":13},{"not_picked":["Up Up Up","Commander_Giant","Heel Hook"],"picked":"Resurrection Giant","floor":14},{"not_picked":["Recover HP","Unlimited Combo","StSpp:Landslide"],"picked":"Beast Master","floor":16},{"not_picked":["Combo Defend","CultistPetCall+1","Clone Minion"],"picked":"MostiFishMod:PerfectParry","floor":18},{"not_picked":["Duplicate Hand","Hunter Bow","Cloak And Dagger"],"picked":"HealerPetCall","floor":19},{"not_picked":["ByrdPetCall+1","Combo Defend","Caltrops"],"picked":"Spirit Of Beast","floor":18},{"not_picked":["Struggle Attack","Backward Giant","EagleThird","Backflip"],"picked":"SKIP","floor":19}],"player_experience":207489,"relics_obtained":[{"floor":9,"key":"reliquary:RoseTintedGlasses"},{"floor":13,"key":"ForgetMeNow"},{"floor":16,"key":"GiantSoulStone"}],"event_choices":[{"damage_healed":0,"gold_gain":0,"player_choice":"Traded Relic","damage_taken":0,"relics_obtained":["Nloth\u0027s Gift"],"max_hp_gain":0,"max_hp_loss":0,"event_name":"N\u0027loth","floor":20,"relics_lost":["Brimstone"],"gold_loss":0}],"is_beta":false,"boss_relics":[{"not_picked":["Coffee Dripper","SacredBark","Ectoplasm"]}],"items_purged_floors":[],"is_endless":false,"potions_floor_spawned":[7,10,16,19,19],"killed_by":"Centurion and Healer","ascension_level":0}}