{"host":"0rxdudjy6rylha1k","time":1612481034,"event":{"mods":["Aspiration","BaseMod","Colored Map","Colored Powertips","Downfall","Highlight Path","Hubris","Minty Spire (QoL Compilation)","StSLib"],"gold_per_floor":[99,118,1,19,32,32,32,48,48,48,48,60,71,71,71,71],"floor_reached":14,"language":"ENG","playtime":1938,"items_purged":[],"score":86,"play_id":"6e2b9a5b-a36c-462b-a3f9-6c482af0b626","local_time":"20210204162354","is_ascension_mode":true,"campfire_choices":[{"floor":1.0,"key":"RECALL"},{"data":"hexamod:ShieldOfDarkness","floor":6.0,"key":"SMITH"},{"data":"hexamod:Float","floor":10.0,"key":"SMITH"}],"circlet_count":0,"master_deck":["hexamod:Strike","hexamod:Strike+1","hexamod:Strike","hexamod:Strike","hexamod:Defend","hexamod:Defend+1","hexamod:Defend","hexamod:Defend","hexamod:Sear","hexamod:Float+1","hexamod:BurningTouch","hexamod:SecondSeal","hexamod:FirstSeal","hexamod:ShieldOfDarkness+1","hexamod:SixthSeal","hexamod:ThermalTransfer","hexamod:GhostOfSpirePast","hexamod:Float+1","hexamod:PhantomFireball"],"relics":["hexamod:SpiritBrand","Calipers"],"acts_visited":["Exordium"],"potions_floor_usage":[],"damage_taken":[{"damage":0.0,"enemies":"Cultist","floor":2.0,"turns":3.0},{"damage":0.0,"enemies":"downfall:FleeingMerchant","floor":3.0,"turns":4.0},{"damage":0.0,"enemies":"Small Slimes","floor":4.0,"turns":3.0},{"damage":1.0,"enemies":"Jaw Worm","floor":5.0,"turns":5.0},{"damage":3.0,"enemies":"Red Slaver","floor":8.0,"turns":4.0},{"damage":35,"enemies":"Gremlin Gang","floor":12,"turns":6},{"damage":0,"enemies":"3 Louse","floor":13,"turns":3},{"damage":60,"enemies":"Gremlin Nob","floor":14,"turns":5}],"seed_played":"-2149685688414051915","potions_obtained":[{"floor":2.0,"key":"champ:CounterPotion"},{"floor":5.0,"key":"SkillPotion"}],"is_trial":false,"path_per_floor":["R","M","$","M","M","R","T","M","?","R","?","M","M","E"],"character_chosen":"THE_SPIRIT","items_purchased":["hexamod:FirstSeal","hexamod:ShieldOfDarkness"],"campfire_rested":0,"item_purchase_floors":[3,3],"current_hp_per_floor":[63,63,63,63,63,63,63,63,68,68,68,40,40,0,0,0],"gold":71,"neow_bonus":"ONE_RARE_RELIC","is_daily":false,"chose_seed":false,"campfire_upgraded":2,"win_rate":0.0,"timestamp":1612481034,"path_taken":["R","M","$","M","M","R","T","?","?","R","?","M","?","E"],"items_purchased_type":["Card","Card"],"build_version":"2020-12-22","purchased_purges":0,"victory":false,"max_hp_per_floor":[63,63,63,63,63,63,63,63,68,68,68,68,68,68,68,68],"card_choices":[{"not_picked":["hexamod:SoulSteal","hexamod:Hexaguard"],"picked":"hexamod:BurningTouch","floor":2.0},{"not_picked":["hexamod:Hexaguard","hexamod:InspiringFlames"],"picked":"hexamod:SecondSeal","floor":3.0},{"not_picked":["hexamod:FastForward","hexamod:NightmareGuise"],"picked":"hexamod:SixthSeal","floor":4.0},{"not_picked":["hexamod:BacktrackSmack","hexamod:StepThrough"],"picked":"hexamod:ThermalTransfer","floor":5.0},{"not_picked":["hexamod:PowerFromBeyond","hexamod:Hexaguard"],"picked":"hexamod:GhostOfSpirePast","floor":8.0},{"not_picked":["hexamod:SuperheatedStrike","hexamod:NecessarySacrifice"],"picked":"hexamod:PhantomFireball","floor":12},{"not_picked":["hexamod:SuperheatedStrike","hexamod:SoulSteal","hexamod:FlamesFromBeyond"],"picked":"SKIP","floor":13}],"player_experience":2789370,"relics_obtained":[],"event_choices":[{"damage_healed":0.0,"max_hp_gain":5.0,"max_hp_loss":0.0,"gold_gain":0.0,"event_name":"Big Fish","player_choice":"Donut","floor":9.0,"gold_loss":0.0,"damage_taken":0.0}],"is_beta":false,"boss_relics":[],"items_purged_floors":[],"is_endless":false,"potions_floor_spawned":[2,5],"killed_by":"Gremlin Nob","ascension_level":1}}