{"host":"8d3fefv2347kqkpz","time":1612426527,"event":{"mods":["AchievementEnabler","Act Like it!","Aspiration","BaseMod","Better Vampires","Colored Map","Colored Powertips","Conspire","GifTheSpireLib","Highlight Path","Hubris","Mimic Mod","Minty Spire (QoL Compilation)","Quick Restart","Rare Cards Sparkle","Relic Stats","Replay The Spire","Spicy Shops","StSLib","The Jungle","Waifu the Spire"],"gold_per_floor":[111,111,3,3,56,56,74,113,113,116,116],"floor_reached":10,"language":"ZHS","playtime":171,"items_purged":[],"score":67,"play_id":"7bd6360c-1b4b-47f9-8091-ef0c8e17b0b4","local_time":"20210204161527","is_ascension_mode":true,"campfire_choices":[{"data":"Armaments","floor":6,"key":"SMITH"}],"circlet_count":0,"master_deck":["Strike_R","Strike_R","Strike_R","Strike_R","Defend_R","Defend_R","Defend_R","Defend_R","Bash+1","Metallicize","Armaments+1","Armaments","Disarm"],"relics":["Burning Blood","Golden Idol","Replay:Rubber Ducky","Replay:Bandana","Toy Ornithopter"],"acts_visited":[],"potions_floor_usage":[],"damage_taken":[{"damage":2,"enemies":"2 Louse","floor":1,"turns":3},{"damage":0,"enemies":"Cultist","floor":7,"turns":4},{"damage":40,"enemies":"Gremlin Nob","floor":8,"turns":6},{"damage":7,"enemies":"3 Sentries","floor":10,"turns":3}],"seed_played":"375078616275463641","potions_obtained":[{"floor":1,"key":"SkillPotion"},{"floor":7,"key":"Dexterity Potion"}],"is_trial":false,"path_per_floor":["M","?","$","?","T","R","M","E","T","E"],"character_chosen":"IRONCLAD","items_purchased":["Metallicize","Armaments"],"campfire_rested":0,"item_purchase_floors":[3,3],"current_hp_per_floor":[80,80,80,60,60,60,66,32,32,25,25],"gold":116,"neow_bonus":"UPGRADE_CARD","is_daily":false,"chose_seed":false,"campfire_upgraded":1,"win_rate":0.0,"timestamp":1612426527,"path_taken":["M","?","?","?","?","R","M","E","T","E"],"items_purchased_type":["Card","Card"],"build_version":"2020-12-22","purchased_purges":0,"victory":false,"max_hp_per_floor":[80,80,80,80,80,80,80,80,80,80,80],"relic_stats":{"counters":[4,15],"Golden Idol":12,"obtain_stats":[{"Replay:Bandana":8,"Golden Idol":4,"Burning Blood":0,"Toy Ornithopter":9,"Replay:Rubber Ducky":5},{"Replay:Bandana":3,"Golden Idol":1,"Burning Blood":0,"Toy Ornithopter":3,"Replay:Rubber Ducky":1},{"Replay:Bandana":13,"Golden Idol":3,"Burning Blood":0,"Toy Ornithopter":13,"Replay:Rubber Ducky":3}],"Burning Blood":14,"Toy Ornithopter":0},"card_choices":[{"not_picked":["Feel No Pain","Power Through","Infernal Blade"],"picked":"SKIP","floor":1},{"not_picked":["Abandon","Iron Wave"],"picked":"Disarm","floor":7},{"not_picked":["ReplayTheSpireMod:Strike From Hell","Defy Death","conspire:Purge"],"picked":"SKIP","floor":8}],"player_experience":247858,"relics_obtained":[{"floor":5,"key":"Replay:Rubber Ducky"},{"floor":8,"key":"Replay:Bandana"},{"floor":9,"key":"Toy Ornithopter"}],"event_choices":[{"cards_removed":["Strike_R"],"damage_healed":0,"gold_gain":0,"player_choice":"Offered Basic","damage_taken":0,"max_hp_gain":0,"max_hp_loss":0,"event_name":"Bonfire Elementals","floor":2,"gold_loss":0},{"damage_healed":0,"gold_gain":0,"player_choice":"Take Damage","damage_taken":20,"relics_obtained":["Golden Idol"],"max_hp_gain":0,"max_hp_loss":0,"event_name":"Golden Idol","floor":4,"gold_loss":0}],"is_beta":false,"boss_relics":[],"items_purged_floors":[],"is_endless":false,"potions_floor_spawned":[1,7],"killed_by":"3 Sentries","ascension_level":1}}