{"host":"dxldt284mdio0lzg","time":1612460385,"event":{"mods":["AchievementEnabler","BaseMod","Colored Map","Colored Powertips","Minty Spire (QoL Compilation)","SuperFastMode"],"gold_per_floor":[116,126,126,57,57,89,100,100,100,111,111,140,240,254,254,359,359,371,371,360,22,22,22,33,50,75,92,92,112,145,156,156,261,261,281,31,31,31,31,31],"floor_reached":39,"language":"ENG","playtime":2151,"items_purged":[],"score":438,"play_id":"d99326e2-85b2-42d5-9717-9de69982574c","local_time":"20210204183945","is_ascension_mode":false,"campfire_choices":[{"data":"Static Discharge","floor":11,"key":"SMITH"},{"floor":15,"key":"REST"},{"floor":23,"key":"REST"},{"floor":32,"key":"REST"}],"circlet_count":0,"master_deck":["Strike_B+1","Strike_B","Strike_B","Strike_B","Defend_B","Defend_B","Defend_B","Defend_B","Zap","Dualcast+1","Coolheaded","Go for the Eyes+1","Capacitor+1","BootSequence","Barrage+1","Static Discharge+1","Redo","Storm","Meteor Strike","Aggregate","Storm","Defragment+1","Stack","Hello World+1","Loop","Writhe","Tempest","Thunder Strike","Auto Shields","Biased Cognition","Self Repair+1","Electrodynamics","Deep Breath"],"relics":["Cracked Core","NeowsBlessing","Mummified Hand","The Courier","Anchor","Cursed Key","Vajra","Ornamental Fan","Enchiridion","Happy Flower","Whetstone","Fusion Hammer","OrangePellets"],"acts_visited":["Exordium","TheCity","TheBeyond"],"potions_floor_usage":[12,16,28,30,30,30,30,30],"damage_taken":[{"damage":0,"enemies":"Small Slimes","floor":1,"turns":1},{"damage":0,"enemies":"2 Louse","floor":2,"turns":1},{"damage":0,"enemies":"3 Sentries","floor":6,"turns":1},{"damage":0,"enemies":"Cultist","floor":7,"turns":3},{"damage":6,"enemies":"3 Louse","floor":10,"turns":4},{"damage":35,"enemies":"Gremlin Nob","floor":12,"turns":4},{"damage":2,"enemies":"Blue Slaver","floor":14,"turns":3},{"damage":28,"enemies":"Slime Boss","floor":16,"turns":6},{"damage":19,"enemies":"Chosen","floor":18,"turns":6},{"damage":5,"enemies":"2 Thieves","floor":20,"turns":4},{"damage":11,"enemies":"Sentry and Sphere","floor":24,"turns":4},{"damage":31,"enemies":"Shelled Parasite and Fungi","floor":25,"turns":4},{"damage":11,"enemies":"3 Cultists","floor":27,"turns":5},{"damage":0,"enemies":"Snecko","floor":28,"turns":2},{"damage":0,"enemies":"Chosen and Byrds","floor":29,"turns":5},{"damage":13,"enemies":"Book of Stabbing","floor":30,"turns":3},{"damage":0,"enemies":"Snake Plant","floor":31,"turns":2},{"damage":28,"enemies":"Champ","floor":33,"turns":7},{"damage":41,"enemies":"3 Shapes","floor":35,"turns":3},{"damage":38,"enemies":"3 Darklings","floor":39,"turns":4}],"seed_played":"-7200579812337019185","potions_obtained":[{"floor":1,"key":"FairyPotion"},{"floor":2,"key":"Dexterity Potion"},{"floor":12,"key":"Strength Potion"},{"floor":18,"key":"AttackPotion"},{"floor":20,"key":"SmokeBomb"},{"floor":25,"key":"EntropicBrew"},{"floor":29,"key":"DistilledChaos"}],"is_trial":false,"path_per_floor":["M","M","?","$","?","E","M","?","T","M","R","E","?","M","R","B",null,"M","?","M","$","?","R","M","M","T","M","M","M","E","M","R","B",null,"M","$","?","?","M"],"character_chosen":"DEFECT","items_purchased":["Capacitor","Stack","Vajra","Ornamental Fan","Electrodynamics","OrangePellets"],"campfire_rested":3,"item_purchase_floors":[4,21,21,21,36,36],"current_hp_per_floor":[75,75,75,75,60,60,60,60,60,54,54,19,19,17,39,11,75,56,56,51,51,35,57,46,15,15,4,4,4,16,16,38,10,75,34,34,34,34,0,0],"gold":31,"neow_bonus":"THREE_ENEMY_KILL","is_daily":false,"chose_seed":false,"campfire_upgraded":1,"win_rate":0.0,"timestamp":1612460385,"path_taken":["M","M","?","$","?","E","M","?","T","M","R","E","?","M","R","BOSS","M","?","M","$","?","R","M","M","T","M","M","M","E","M","R","BOSS","M","$","?","?","M"],"items_purchased_type":["Card","Card","Relic","Relic","Card","Relic"],"build_version":"2020-12-22","purchased_purges":0,"victory":false,"max_hp_per_floor":[75,75,75,75,75,75,75,75,75,75,75,75,75,75,75,75,75,75,75,75,75,75,75,75,75,75,75,75,75,75,75,75,75,75,75,75,71,71,71,71],"card_choices":[{"not_picked":["Rebound","White Noise"],"picked":"Coolheaded","floor":1},{"not_picked":["Leap","BootSequence"],"picked":"Go for the Eyes","floor":2},{"not_picked":["Heatsinks","Go for the Eyes"],"picked":"BootSequence","floor":6},{"not_picked":["Compile Driver","Conserve Battery"],"picked":"Barrage","floor":7},{"not_picked":["Coolheaded","Echo Form"],"picked":"Static Discharge","floor":10},{"not_picked":["Rip and Tear","Streamline"],"picked":"Redo","floor":12},{"not_picked":["Rip and Tear","Steam Power"],"picked":"Storm","floor":14},{"not_picked":["Machine Learning","Amplify"],"picked":"Meteor Strike","floor":16},{"not_picked":["Beam Cell","Stack"],"picked":"Aggregate","floor":18},{"not_picked":["Heatsinks","Go for the Eyes"],"picked":"Defragment+1","floor":20},{"not_picked":["Beam Cell","Barrage"],"picked":"Hello World+1","floor":24},{"not_picked":["Rebound","Hologram"],"picked":"Loop","floor":25},{"not_picked":["Static Discharge","Rebound","Hologram+1"],"picked":"SKIP","floor":27},{"not_picked":["Streamline","Compile Driver"],"picked":"Tempest","floor":29},{"not_picked":["Barrage+1","Leap"],"picked":"Thunder Strike","floor":30},{"not_picked":["Leap","Streamline"],"picked":"Auto Shields","floor":31},{"not_picked":["Rainbow","Creative AI"],"picked":"Biased Cognition","floor":33},{"not_picked":["Sweeping Beam","Cold Snap+1"],"picked":"Self Repair+1","floor":35}],"player_experience":96042,"relics_obtained":[{"floor":6,"key":"Mummified Hand"},{"floor":9,"key":"The Courier"},{"floor":12,"key":"Anchor"},{"floor":22,"key":"Enchiridion"},{"floor":26,"key":"Happy Flower"},{"floor":30,"key":"Whetstone"}],"event_choices":[{"damage_healed":0,"gold_gain":0,"player_choice":"Grow","damage_taken":0,"max_hp_gain":0,"max_hp_loss":0,"event_name":"Living Wall","floor":3,"gold_loss":0,"cards_upgraded":["Dualcast"]},{"damage_healed":0,"gold_gain":0,"player_choice":"Entered Light","damage_taken":15,"max_hp_gain":0,"max_hp_loss":0,"event_name":"Shining Light","floor":5,"gold_loss":0,"cards_upgraded":["Capacitor","Go for the Eyes"]},{"damage_healed":0,"gold_gain":0,"player_choice":"Searched \u00270\u0027 times","damage_taken":0,"max_hp_gain":0,"max_hp_loss":0,"event_name":"Dead Adventurer","floor":8,"gold_loss":0},{"damage_healed":0,"gold_gain":100,"player_choice":"Pray","damage_taken":0,"max_hp_gain":0,"max_hp_loss":0,"event_name":"Golden Shrine","floor":13,"gold_loss":0},{"damage_healed":0,"gold_gain":0,"player_choice":"Read","damage_taken":0,"max_hp_gain":0,"max_hp_loss":0,"event_name":"The Library","floor":19,"gold_loss":0,"cards_obtained":["Storm"]},{"damage_healed":0,"gold_gain":0,"player_choice":"Obtained Book","damage_taken":16,"max_hp_gain":0,"max_hp_loss":0,"event_name":"Cursed Tome","floor":22,"gold_loss":0},{"damage_healed":0,"gold_gain":0,"player_choice":"Max HP","damage_taken":0,"max_hp_gain":0,"max_hp_loss":4,"event_name":"Winding Halls","floor":37,"gold_loss":0},{"damage_healed":0,"gold_gain":0,"player_choice":"1 cards matched","damage_taken":0,"max_hp_gain":0,"max_hp_loss":0,"event_name":"Match and Keep!","floor":38,"gold_loss":0,"cards_obtained":["Deep Breath"]}],"is_beta":false,"boss_relics":[{"not_picked":["SlaversCollar","Empty Cage"],"picked":"Cursed Key"},{"not_picked":["FrozenCore","Velvet Choker"],"picked":"Fusion Hammer"}],"items_purged_floors":[],"is_endless":false,"potions_floor_spawned":[1,2,12,18,20,25,27,29],"killed_by":"3 Darklings","ascension_level":0}}