{"host":"c4psiqwczhd30bq5","time":1612440903,"event":{"mods":["Act Like it!","Aspiration","BaseMod","BetterRewards","Conspire","Downfall","Hallownest","Hubris","Minty Spire (QoL Compilation)","StSLib"],"gold_per_floor":[109,123,123,133,58,58,74,74,74,74,104,114,132,163,163,265,265,277,277,288,301,317,317,351,351,351,351,370,370,370,397,397,397,397],"floor_reached":33,"language":"ENG","playtime":1664,"items_purged":[],"score":365,"play_id":"1ef7b36d-58dd-49c1-9b0a-bfd202e9b0ef","local_time":"20210204131503","is_ascension_mode":true,"campfire_choices":[{"data":"Inflame","floor":6,"key":"SMITH"},{"data":"Shrug It Off","floor":8,"key":"SMITH"},{"floor":15,"key":"REST"},{"floor":23,"key":"REST"},{"floor":30,"key":"REST"},{"floor":32,"key":"REST"}],"circlet_count":0,"master_deck":["Strike_R","Strike_R","Strike_R","Strike_R","Strike_R","Defend_R","Defend_R","Defend_R","Defend_R","Bash","Thunderclap","Inflame+1","Whirlwind","Shrug It Off+1","Clash","hubris:CleavingFinish","Bloodletting","hubris:CleavingFinish","Warcry","Fiend Fire","Spot Weakness","Sword Boomerang","Seeing Red","Sword Boomerang","Twin Strike","Disarm+1","Iron Wave","hubris:NaturalOne"],"relics":["Burning Blood","aspiration:DSix","Hallownest:TeacherSealRelic","Hallownest:BankAccountRelic","Gremlin Horn","aspiration:Lifesprig","SlaversCollar","PreservedInsect","Toxic Egg 2","conspire:Dentures","hubris:Icosahedron","Bottled Flame"],"acts_visited":["Hallownest:Greenpath","TheCity"],"potions_floor_usage":[18,24,25,28],"damage_taken":[{"damage":3,"enemies":"Hallownest:2_Baldur","floor":1,"turns":5},{"damage":22,"enemies":"Hallownest:monsterHuskGuard","floor":2,"turns":5},{"damage":4,"enemies":"2_ Uuma","floor":4,"turns":6},{"damage":11,"enemies":"Hallownest:Guard_and_Warrior","floor":7,"turns":6},{"damage":19,"enemies":"Hallownest:eliteCrystalGuardian","floor":11,"turns":6},{"damage":9,"enemies":"Hallownest:Wandering_and_Horned","floor":12,"turns":3},{"damage":2,"enemies":"Hallownest:MossCreep_and_Mosskin","floor":13,"turns":5},{"damage":2,"enemies":"Hallownest:eliteVengeflyKing","floor":14,"turns":5},{"damage":29,"enemies":"Hallownest:BossFalseKnight","floor":16,"turns":11},{"damage":11,"enemies":"Shell Parasite","floor":18,"turns":4},{"damage":11,"enemies":"Chosen","floor":20,"turns":4},{"damage":27,"enemies":"Snake Plant","floor":21,"turns":4},{"damage":32,"enemies":"Centurion and Healer","floor":22,"turns":4},{"damage":1,"enemies":"conspire:Head Lice","floor":24,"turns":3},{"damage":0,"enemies":"Cultist and Chosen","floor":25,"turns":1},{"damage":22,"enemies":"conspire:HollyBat","floor":28,"turns":7},{"damage":48,"enemies":"Book of Stabbing","floor":31,"turns":5},{"damage":72,"enemies":"hubris:MusketHawk","floor":33,"turns":6}],"seed_played":"-8568851076868969478","potions_obtained":[{"floor":7,"key":"ElixirPotion"},{"floor":12,"key":"ElixirPotion"},{"floor":13,"key":"ColorlessPotion"},{"floor":16,"key":"SmokeBomb"},{"floor":18,"key":"ElixirPotion"},{"floor":24,"key":"DuplicationPotion"}],"is_trial":false,"path_per_floor":["M","M","?","M","?","R","M","R","T","?","E","M","M","E","R","B",null,"M","?","M","M","M","R","E","M","T","?","M","?","R","E","R","B"],"character_chosen":"IRONCLAD","items_purchased":[],"campfire_rested":4,"item_purchase_floors":[],"current_hp_per_floor":[80,64,64,66,66,66,61,61,61,61,48,45,49,53,77,54,80,75,75,70,49,23,47,52,58,58,58,42,42,66,24,48,0,0],"gold":397,"neow_bonus":"DSIX","is_daily":false,"chose_seed":false,"campfire_upgraded":2,"win_rate":0.0,"timestamp":1612440903,"path_taken":["M","M","?","M","?","R","M","R","T","?","E","?","M","E","R","BOSS","M","?","?","M","M","R","E","M","T","?","?","?","R","E","R","BOSS"],"items_purchased_type":[],"build_version":"2020-12-22","purchased_purges":0,"victory":false,"max_hp_per_floor":[80,80,80,80,80,80,80,80,80,80,80,80,80,80,80,80,80,80,80,80,80,80,80,80,80,80,80,80,80,80,80,80,80,80],"card_choices":[{"not_picked":["Heavy Blade","Wild Strike"],"picked":"Thunderclap","floor":1},{"not_picked":["Wild Strike","Iron Wave"],"picked":"Inflame","floor":2},{"not_picked":["Flame Barrier","True Grit"],"picked":"Whirlwind","floor":4},{"not_picked":["Wild Strike","Evolve"],"picked":"Shrug It Off","floor":7},{"not_picked":["Wild Strike","Bludgeon"],"picked":"hubris:CleavingFinish","floor":11},{"not_picked":["Hemokinesis","Combust"],"picked":"Bloodletting","floor":12},{"not_picked":["Cleave","Clothesline"],"picked":"hubris:CleavingFinish","floor":13},{"not_picked":["conspire:ExplosiveBarrier","Dark Embrace"],"picked":"Warcry","floor":14},{"not_picked":["Brutality","conspire:HitWhereItHurts"],"picked":"Fiend Fire","floor":16},{"not_picked":["Sword Boomerang","Armaments"],"picked":"Spot Weakness","floor":18},{"not_picked":["Shockwave","Power Through"],"picked":"Sword Boomerang","floor":20},{"not_picked":["Clash+1","Havoc"],"picked":"Seeing Red","floor":21},{"not_picked":["Searing Blow","Warcry"],"picked":"Sword Boomerang","floor":22},{"not_picked":["Cleave","Brutality"],"picked":"Twin Strike","floor":24},{"not_picked":["Clothesline","True Grit+1"],"picked":"Disarm+1","floor":28},{"not_picked":["hubris:ReadiedAction+1","Reckless Charge"],"picked":"Iron Wave","floor":31}],"player_experience":263196,"relics_obtained":[{"floor":11,"key":"Gremlin Horn"},{"floor":14,"key":"aspiration:Lifesprig"},{"floor":19,"key":"PreservedInsect"},{"floor":24,"key":"Toxic Egg 2"},{"floor":26,"key":"conspire:Dentures"},{"floor":31,"key":"Bottled Flame"}],"event_choices":[{"damage_healed":0,"gold_gain":0,"player_choice":"Relic","damage_taken":0,"max_hp_gain":0,"max_hp_loss":0,"event_name":"Wheel of Change","floor":19,"gold_loss":0},{"cards_removed":["Hallownest:curseDreamersLament"],"damage_healed":0,"gold_gain":0,"player_choice":"Purged","damage_taken":0,"max_hp_gain":0,"max_hp_loss":0,"event_name":"Purifier","floor":27,"gold_loss":0}],"is_beta":false,"boss_relics":[{"not_picked":["Calling Bell","Cursed Key"],"picked":"SlaversCollar"}],"items_purged_floors":[],"is_endless":false,"potions_floor_spawned":[7,12,13,16,18,24,25],"killed_by":"hubris:MusketHawk","ascension_level":1}}