{"host":"pletss163z7s8pvv","time":1612408690,"event":{"mods":["AchievementEnabler","BaseMod","Better Altar","Better Match","Better Note","Better Sensory Stone","Better Skull","Better Third Choice","BetterRewards","CapriCore","ChefMod","Colored Map","Colored Powertips","Conspire","Energized Spire","Evolution","GifTheSpireLib","Hermit","Ironclad Rager","Marked Mod","Minty Spire (QoL Compilation)","Retaliation","Spicy Shops","StS++","StSLib","The Alterego","The Blue Laboratory","The Cursed","The Disciple","The Forsaken"],"gold_per_floor":[111,111,61,61,76,76,103,126,151,162,180,180,180,199,199,302,302,291,309,28,28,28],"floor_reached":21,"language":"ENG","playtime":710,"items_purged":[],"score":194,"play_id":"61b32238-bb8e-47d2-a7dd-b803498394d4","local_time":"20210203211810","is_ascension_mode":false,"campfire_choices":[{"floor":6,"key":"RECALL"},{"floor":12,"key":"REST"},{"floor":15,"key":"REST"}],"circlet_count":0,"master_deck":["alterego_mod:Skirt","alterego_mod:Skirt","alterego_mod:Skirt","alterego_mod:Skirt","alterego_mod:Pet","alterego_mod:Pet","alterego_mod:Pet","alterego_mod:Impale+1","alterego_mod:BigMeatyClaws","alterego_mod:BrynhildrsRune","alterego_mod:Belle","alterego_mod:GoddessCore","alterego_mod:Bounce","alterego_mod:BiFurious","alterego_mod:IndependentAction","alterego_mod:Stockings","alterego_mod:BiFurious","Apotheosis+1","alterego_mod:Jiggle","alterego_mod:BrynhildrRomantia","alterego_mod:Complex","alterego_mod:SakuraPetals+1","alterego_mod:Bounce","alterego_mod:RocketPunch"],"relics":["alterego_mod:MasochisticConstitution","EVO:Axolotl","Tiny Chest","Odd Mushroom","Omamori","conspire:TreasureMap"],"acts_visited":["Exordium","TheCity"],"potions_floor_usage":[],"damage_taken":[{"damage":11,"enemies":"2 Louse","floor":1,"turns":4},{"damage":12,"enemies":"Jaw Worm","floor":5,"turns":3},{"damage":39,"enemies":"The Mushroom Lair","floor":8,"turns":5},{"damage":9,"enemies":"conspire:RoseBush","floor":10,"turns":4},{"damage":4,"enemies":"Exordium Wildlife","floor":11,"turns":3},{"damage":12,"enemies":"Blue Slaver","floor":14,"turns":4},{"damage":32,"enemies":"Hexaghost","floor":16,"turns":9},{"damage":30,"enemies":"2 Thieves","floor":18,"turns":4},{"damage":46,"enemies":"conspire:FuzzyDice","floor":19,"turns":6},{"damage":3,"enemies":"Centurion and Healer","floor":21,"turns":2}],"seed_played":"-5046573703350762000","potions_obtained":[{"floor":1,"key":"Ancient Potion"},{"floor":5,"key":"blueLaboratory:PhilterOfMotion"},{"floor":11,"key":"blueLaboratory:StoneskinPotion"},{"floor":14,"key":"blueLaboratory:ForbiddenFruitJuice"},{"floor":19,"key":"CultistPotion"}],"is_trial":false,"path_per_floor":["M","?","$","T","M","R","T","?","T","M","M","R","?","M","R","B",null,"M","M","$","M"],"character_chosen":"The_Alterego","items_purchased":["alterego_mod:Bounce","alterego_mod:Bounce","conspire:TreasureMap","alterego_mod:RocketPunch"],"campfire_rested":2,"item_purchase_floors":[3,20,20,20],"current_hp_per_floor":[71,71,71,71,60,60,60,29,29,21,18,40,40,36,58,27,77,48,3,3,0,0],"gold":28,"neow_bonus":"TRANSFORM_CARD","is_daily":false,"chose_seed":false,"campfire_upgraded":0,"win_rate":0.0,"timestamp":1612408690,"path_taken":["M","?","$","?","?","R","?","?","T","M","M","R","?","M","R","BOSS","M","M","$","M"],"items_purchased_type":["Card","Card","Relic","Card"],"build_version":"2020-12-22","purchased_purges":0,"victory":false,"max_hp_per_floor":[71,71,71,71,72,72,72,73,73,74,75,75,75,76,76,77,77,78,79,79,79,79],"card_choices":[{"not_picked":["alterego_mod:Birthday","alterego_mod:Maid"],"picked":"alterego_mod:GoddessCore","floor":1},{"not_picked":["alterego_mod:MagicResistance","alterego_mod:Cooking"],"picked":"alterego_mod:BiFurious","floor":5},{"not_picked":["alterego_mod:Punishment","alterego_mod:Belts"],"picked":"alterego_mod:IndependentAction","floor":8},{"not_picked":["alterego_mod:DeftHands","alterego_mod:Rip"],"picked":"alterego_mod:Stockings","floor":10},{"not_picked":["alterego_mod:Collar","alterego_mod:RidiculouslyBig"],"picked":"alterego_mod:BiFurious","floor":11},{"not_picked":["alterego_mod:DeftHands","alterego_mod:Belts"],"picked":"alterego_mod:Jiggle","floor":14},{"not_picked":["alterego_mod:InsideBaseball","alterego_mod:AlterEgo"],"picked":"alterego_mod:BrynhildrRomantia","floor":16},{"not_picked":["alterego_mod:MagicResistance","alterego_mod:Valentines"],"picked":"alterego_mod:Complex","floor":18},{"not_picked":["alterego_mod:HighServant","alterego_mod:SakuraLabyrinth+1"],"picked":"alterego_mod:SakuraPetals+1","floor":19}],"player_experience":488190,"relics_obtained":[{"floor":7,"key":"Tiny Chest"},{"floor":8,"key":"Odd Mushroom"},{"floor":9,"key":"Omamori"}],"event_choices":[{"damage_healed":0,"gold_gain":0,"player_choice":"Upgraded","damage_taken":0,"max_hp_gain":0,"max_hp_loss":0,"event_name":"Upgrade Shrine","floor":2,"gold_loss":0,"cards_upgraded":["alterego_mod:Impale"]},{"damage_healed":0,"gold_gain":0,"player_choice":"Fought Mushrooms","damage_taken":0,"max_hp_gain":0,"max_hp_loss":0,"event_name":"Mushrooms","floor":8,"gold_loss":0},{"damage_healed":40,"gold_gain":0,"player_choice":"Embrace","damage_taken":0,"max_hp_gain":0,"max_hp_loss":75,"event_name":"betterThird:BetterShining","floor":13,"gold_loss":0}],"is_beta":false,"boss_relics":[{"not_picked":["Runic Dome","energizedSpire:MagnifyingGlass","conspire:SlowCooker"]}],"items_purged_floors":[],"is_endless":false,"potions_floor_spawned":[1,5,11,14,19],"killed_by":"Centurion and Healer","ascension_level":0}}