{"host":"w7o06k3e8uel8euj","time":1612434272,"event":{"mods":["AchievementEnabler","BaseMod","Colored Powertips","Custom Start","DeckTracker","Keyboard Shortcuts","Minty Spire (QoL Compilation)","Quick Restart","Relic Stats","StSLib","SuperFastMode","everything is the same but u backflip on backflip"],"gold_per_floor":[113,132,132,142,152,152,162,190,236,236,249,97,97,115,130,130,232,232,243,183,12,28,39,39,39],"floor_reached":24,"language":"KOR","playtime":590,"items_purged":["Strike_G"],"score":284,"play_id":"e30c4781-0792-448e-8e5e-f81fec3fb30b","local_time":"20210204192432","is_ascension_mode":true,"campfire_choices":[{"data":"Corpse Explosion","floor":6.0,"key":"SMITH"},{"data":"Catalyst","floor":13.0,"key":"SMITH"},{"floor":16.0,"key":"REST"}],"circlet_count":0,"master_deck":["Strike_G","Strike_G","Strike_G","Defend_G","Defend_G","Defend_G","Defend_G","Defend_G+1","Survivor+1","Neutralize","PiercingWail","Dagger Throw","Corpse Explosion+1","Deadly Poison","Catalyst+1","Prepared+1","Crippling Poison","Acrobatics","Die Die Die"],"relics":["Ring of the Snake","NeowsBlessing","Oddly Smooth Stone","Frozen Egg 2","War Paint","Snake Skull","SacredBark","Membership Card"],"acts_visited":["TheCity"],"potions_floor_usage":[24],"damage_taken":[{"damage":0.0,"enemies":"2 Louse","floor":1.0,"turns":2.0},{"damage":0.0,"enemies":"Small Slimes","floor":2.0,"turns":1.0},{"damage":0.0,"enemies":"Cultist","floor":4.0,"turns":1.0},{"damage":0.0,"enemies":"Large Slime","floor":5.0,"turns":5.0},{"damage":0.0,"enemies":"3 Louse","floor":7.0,"turns":1.0},{"damage":23.0,"enemies":"Gremlin Nob","floor":8.0,"turns":4.0},{"damage":0.0,"enemies":"Gremlin Gang","floor":11.0,"turns":1.0},{"damage":4.0,"enemies":"Lots of Slimes","floor":14.0,"turns":3.0},{"damage":2.0,"enemies":"Red Slaver","floor":15.0,"turns":4.0},{"damage":25.0,"enemies":"Hexaghost","floor":17.0,"turns":8.0},{"damage":6.0,"enemies":"3 Byrds","floor":19.0,"turns":2.0},{"damage":13.0,"enemies":"Chosen","floor":22.0,"turns":5.0},{"damage":10.0,"enemies":"Centurion and Healer","floor":23.0,"turns":5.0},{"damage":34,"enemies":"Book of Stabbing","floor":24,"turns":5}],"seed_played":"-3718448192891985390","potions_obtained":[{"floor":1.0,"key":"Poison Potion"},{"floor":2.0,"key":"Strength Potion"},{"floor":4.0,"key":"DistilledChaos"},{"floor":8.0,"key":"Regen Potion"},{"floor":19.0,"key":"Dexterity Potion"},{"floor":22.0,"key":"Ancient Potion"}],"is_trial":false,"path_per_floor":["M","M","?","M","M","R","M","E","T","T","M","$","R","M","M","R","B",null,"M","?","$","M","M","E"],"character_chosen":"THE_SILENT","items_purchased":["Catalyst","Membership Card","Crippling Poison"],"campfire_rested":1,"item_purchase_floors":[12,21,21],"current_hp_per_floor":[70,70,58,58,58,58,58,35,35,35,35,35,35,31,29,50,40,63,57,57,57,44,34,0,0],"gold":39,"neow_bonus":"THREE_ENEMY_KILL","is_daily":false,"chose_seed":false,"campfire_upgraded":2,"win_rate":0.0,"timestamp":1612434272,"path_taken":["M","M","?","M","M","R","M","E","T","T","M","$","R","M","M","R","BOSS","M","?","$","M","M","E"],"items_purchased_type":["Card","Relic","Card"],"build_version":"2020-12-22","purchased_purges":1,"victory":false,"max_hp_per_floor":[70,70,70,70,70,70,70,70,70,70,70,70,70,70,70,70,70,70,70,70,70,70,70,70,70],"relic_stats":{"counters":[14,47],"Snake Skull":[31],"War Paint":["Survivor","Defend_G"],"obtain_stats":[{"NeowsBlessing":0,"SacredBark":18,"Oddly Smooth Stone":3,"Snake Skull":10,"Membership Card":21,"Frozen Egg 2":8,"War Paint":9,"Ring of the Snake":0},{"NeowsBlessing":0,"SacredBark":10,"Oddly Smooth Stone":2,"Snake Skull":6,"Membership Card":11,"Frozen Egg 2":6,"War Paint":6,"Ring of the Snake":0},{"NeowsBlessing":0,"SacredBark":30,"Oddly Smooth Stone":3,"Snake Skull":14,"Membership Card":32,"Frozen Egg 2":14,"War Paint":14,"Ring of the Snake":0}],"Ring of the Snake":[28]},"card_choices":[{"not_picked":["Endless Agony","Finisher"],"picked":"PiercingWail","floor":1.0},{"not_picked":["Distraction","Bane"],"picked":"Dagger Throw","floor":2.0},{"not_picked":["Crippling Poison","Poisoned Stab"],"picked":"Corpse Explosion","floor":4.0},{"not_picked":["Infinite Blades","Deflect","Distraction"],"picked":"SKIP","floor":5.0},{"not_picked":["Dodge and Roll","Blade Dance","Glass Knife"],"picked":"SKIP","floor":7.0},{"not_picked":["Blade Dance","Cloak And Dagger"],"picked":"Deadly Poison","floor":8.0},{"not_picked":["Flying Knee","Slice","Sucker Punch"],"picked":"SKIP","floor":11.0},{"not_picked":["Dagger Spray","Quick Slash","Dagger Throw"],"picked":"SKIP","floor":14.0},{"not_picked":["Poisoned Stab","Bane","Sucker Punch"],"picked":"SKIP","floor":15.0},{"not_picked":["Endless Agony","Dagger Throw"],"picked":"Prepared+1","floor":19.0},{"not_picked":["Skewer","Backflip"],"picked":"Acrobatics","floor":22.0},{"not_picked":["Dagger Spray+1","Die Die Die","Cloak And Dagger"],"picked":"SKIP","floor":23.0},{"not_picked":["Dagger Spray+1","Cloak And Dagger"],"picked":"Die Die Die","floor":23.0}],"player_experience":524757,"relics_obtained":[{"floor":8.0,"key":"Frozen Egg 2"},{"floor":9.0,"key":"War Paint"},{"floor":10.0,"key":"Snake Skull"}],"event_choices":[{"damage_healed":0.0,"max_hp_gain":0.0,"max_hp_loss":0.0,"gold_gain":0.0,"event_name":"Scrap Ooze","player_choice":"Success","floor":3.0,"gold_loss":0.0,"damage_taken":12.0,"relics_obtained":["Oddly Smooth Stone"]},{"cards_removed":["Strike_G"],"damage_healed":0.0,"max_hp_gain":0.0,"max_hp_loss":0.0,"gold_gain":0.0,"event_name":"Designer","player_choice":"Single Remove","floor":20.0,"gold_loss":60.0,"damage_taken":0.0}],"is_beta":false,"boss_relics":[{"not_picked":["Fusion Hammer","Cursed Key"],"picked":"SacredBark"}],"items_purged_floors":[12],"is_endless":false,"potions_floor_spawned":[1,2,4,8,19,22],"killed_by":"Book of Stabbing","ascension_level":5}}