{"host":"q6r63elxu27obe7v","time":1612427700,"event":{"mods":["2.2 Compatiblity","AchievementEnabler","BaseMod","CapriCore","Colored Map","DeckTracker","KOR Keyword Fix","Keyboard Shortcuts","Marisa£¨Ùöéë¡¡Øª×âÞÞ£©","Minty Spire (QoL Compilation)","Permanent Neow","Quick Restart","Replay The Spire","StSLib","SuperFastMode","everything is the same but u backflip on backflip","¡¼?Úª?ø«¡½REMEMod"],"gold_per_floor":[109,109,125,135,24,51,51,79,153,153,153,153,166,225,225,329,329,348,348,42,60,71,71,103,121,121,121,24,43,43,63,63,158,158,173,223,223,223,241,276,287,297,297,328,328,343,343,360,360,360,360,360,52,84,84],"floor_reached":56,"language":"KOR","playtime":2079,"items_purged":["Defend_P"],"score":1362,"play_id":"9543e6f4-f6f5-441d-8ac4-586151f4e890","local_time":"20210204173500","is_ascension_mode":false,"campfire_choices":[{"floor":7.0,"key":"REST"},{"data":"Eruption","floor":10.0,"key":"SMITH"},{"data":"REME_BattleFury","floor":12.0,"key":"SMITH"},{"floor":15.0,"key":"DIG"},{"data":"Scrawl","floor":23.0,"key":"SMITH"},{"floor":27.0,"key":"RECALL"},{"data":"Crescendo","floor":30.0,"key":"SMITH"},{"floor":32.0,"key":"REST"},{"data":"Ragnarok","floor":45,"key":"SMITH"},{"floor":49,"key":"REST"},{"floor":52,"key":"DIG"}],"circlet_count":0,"master_deck":["Strike_P+1","Strike_P","Strike_P","Strike_P+1","Defend_P","Defend_P","Eruption+1","Vigilance","REME_BattleFury+1","Protect","Crescendo+1","Tantrum","Adaptation","Leg Sweep","Scrawl+1","ConjureBlade+1","Crescendo+1","FollowUp+1","ClearTheMind","Ragnarok+1","PanicButton","Wraith","Consecrate","Brilliance+1","Replay:DivineShield+1","FlurryOfBlows+1","Replay:BluntJabs"],"relics":["PureWater","REME_ComplimentaryCards","Thread and Needle","REME_HandOfSuture","Question Card","Lizard Tail","Replay:Bottled Eggs","Replay:Bottled Steam","Runic Pyramid","Whetstone","PreservedInsect","Calipers","Shuriken","Ring of Chaos","Shovel","Toxic Egg 2","ReplayTheSpireMod:TigerMarble","ReplayTheSpireMod:Ninjato","Pen Nib","Guide Book","Mango"],"acts_visited":["Exordium","TheCity","TheBeyond","TheEnding"],"potions_floor_usage":[50,50],"damage_taken":[{"damage":2.0,"enemies":"Small Slimes","floor":1.0,"turns":3.0},{"damage":17.0,"enemies":"Jaw Worm","floor":3.0,"turns":2.0},{"damage":4.0,"enemies":"2 Louse","floor":4.0,"turns":2.0},{"damage":33.0,"enemies":"3 Sentries","floor":6.0,"turns":9.0},{"damage":0.0,"enemies":"Lagavulin","floor":8.0,"turns":4.0},{"damage":0.0,"enemies":"Red Slaver","floor":13.0,"turns":1.0},{"damage":10.0,"enemies":"3 Sentries","floor":14.0,"turns":4.0},{"damage":16.0,"enemies":"Hexaghost","floor":16.0,"turns":8.0},{"damage":0.0,"enemies":"Shell Parasite","floor":18.0,"turns":4.0},{"damage":11.0,"enemies":"3 Byrds","floor":21.0,"turns":4.0},{"damage":0.0,"enemies":"Snake Plant","floor":22.0,"turns":2.0},{"damage":15.0,"enemies":"Gremlin Leader","floor":24.0,"turns":3.0},{"damage":0.0,"enemies":"Snecko","floor":25.0,"turns":2.0},{"damage":12.0,"enemies":"Centurion and Healer","floor":29.0,"turns":2.0},{"damage":12.0,"enemies":"Snake Plant","floor":31.0,"turns":3.0},{"damage":0.0,"enemies":"Champ","floor":33.0,"turns":6.0},{"damage":0.0,"enemies":"3 Darklings","floor":35.0,"turns":3.0},{"damage":21.0,"enemies":"2 Orb Walkers","floor":36.0,"turns":3.0},{"damage":0.0,"enemies":"3 Shapes","floor":39.0,"turns":2.0},{"damage":0.0,"enemies":"R_Hoarder","floor":40.0,"turns":4.0},{"damage":6.0,"enemies":"Maw","floor":41.0,"turns":6.0},{"damage":0.0,"enemies":"Writhing Mass","floor":42.0,"turns":4.0},{"damage":0,"enemies":"Nemesis","floor":44,"turns":1},{"damage":0,"enemies":"Jaw Worm Horde","floor":46,"turns":3},{"damage":8,"enemies":"3 Darklings","floor":48,"turns":3},{"damage":11,"enemies":"Awakened One","floor":50,"turns":5},{"damage":12,"enemies":"Shield and Spear","floor":54,"turns":2},{"damage":84,"enemies":"The Heart","floor":55,"turns":4}],"seed_played":"5380159599301637498","potions_obtained":[{"floor":1.0,"key":"Explosive Potion"},{"floor":4.0,"key":"Milkshake"},{"floor":6.0,"key":"SneckoOil"},{"floor":14.0,"key":"BottledMiracle"},{"floor":21.0,"key":"Death Potion"},{"floor":24.0,"key":"Strength Potion"},{"floor":25.0,"key":"FearPotion"},{"floor":31.0,"key":"Weak Potion"},{"floor":35.0,"key":"Adrenaline Potion"},{"floor":39.0,"key":"Strength Potion"},{"floor":41.0,"key":"GamblersBrew"},{"floor":48,"key":"Energy Potion"}],"is_trial":false,"path_per_floor":["M","?","M","M","$","E","R","E","T","R","?","R","M","?","R_BF","B",null,"M","?","$","M","M","R","E","M","T","R","$","M","R","M","R","B",null,"M","?","?","?","M","E","M","M","T","E","R","M","?","M","R","B",null,"R","$","E","B",null],"character_chosen":"WATCHER","items_purchased":["Adaptation","Whetstone","PreservedInsect","Fruit Juice","Pen Nib","Guide Book"],"campfire_rested":3,"item_purchase_floors":[5,20,20,28,53,53],"current_hp_per_floor":[63,63,46,42,42,9,28,28,28,28,28,28,28,18,18,2,65,65,65,65,54,54,54,39,39,39,39,44,32,32,20,41,41,70,70,49,49,49,49,49,43,43,43,43,43,43,43,35,56,45,70,70,70,72,44],"gold":84,"neow_bonus":"RANDOM_COLORLESS_2","is_daily":false,"chose_seed":false,"campfire_upgraded":5,"win_rate":0.0,"timestamp":1612427700,"path_taken":["M","?","M","M","?","E","R","E","T","R","?","R","?","?","R_BF","BOSS","M","?","$","M","M","R","E","M","T","R","$","M","R","?","R","BOSS","M","?","?","?","M","E","M","M","T","E","R","?","?","M","R","BOSS","R","$","E","BOSS"],"items_purchased_type":["Card","Relic","Relic","Potion","Relic","Relic"],"build_version":"2020-12-22","purchased_purges":1,"victory":true,"max_hp_per_floor":[65,65,65,65,65,65,65,65,65,65,65,65,65,65,65,65,65,65,65,65,65,65,65,65,65,65,65,70,70,70,70,70,70,70,70,70,70,70,70,70,70,70,70,70,70,70,70,70,70,70,70,70,70,84,84],"card_choices":[{"not_picked":["REME_BuildACard","Thinking Ahead"],"picked":"REME_BattleFury","floor":0.0},{"not_picked":["Replay:AtTheReady","FlyingSleeves"],"picked":"Protect","floor":1.0},{"not_picked":["FollowUp","Replay:DivineShield"],"picked":"Crescendo","floor":3.0},{"not_picked":["CrushJoints","CutThroughFate"],"picked":"Tantrum","floor":4.0},{"not_picked":["BowlingBash","Replay:AtTheReady"],"picked":"MentalFortress","floor":6.0},{"not_picked":["Conclude","Indignation","Replay:ManipulateFuture"],"picked":"SKIP","floor":8.0},{"not_picked":["Replay:BluntJabs","FollowUp","JustLucky","Prostrate"],"picked":"SKIP","floor":13.0},{"not_picked":["Omniscience","Replay:AllIn","ConjureBlade"],"picked":"Scrawl","floor":16.0},{"not_picked":["REME_MusicOfDeath","FlurryOfBlows","WaveOfTheHand","Fasting2"],"picked":"SKIP","floor":18.0},{"not_picked":["CarveReality","Replay:ManipulateFuture","Swivel"],"picked":"Crescendo+1","floor":21.0},{"not_picked":["CrushJoints+1","Sanctity+1","FlyingSleeves","EmptyBody"],"picked":"SKIP","floor":22.0},{"not_picked":["Fasting2","WindmillStrike","BowlingBash+1"],"picked":"FollowUp+1","floor":24.0},{"not_picked":["SandsOfTime+1","CutThroughFate","SignatureMove+1","FlurryOfBlows"],"picked":"SKIP","floor":25.0},{"not_picked":["WaveOfTheHand","Sanctity","Conclude+1","BowlingBash"],"picked":"SKIP","floor":29.0},{"not_picked":["Prostrate","EmptyFist+1","SashWhip"],"picked":"ClearTheMind","floor":31.0},{"not_picked":["LessonLearned","ConjureBlade","Wish"],"picked":"Ragnarok","floor":33.0},{"not_picked":["Replay:AtTheReady+1","WaveOfTheHand+1","Evaluate+1","Replay:Cycle+1"],"picked":"SKIP","floor":35.0},{"not_picked":["REME_ProfessionalPlagiarism","Crow Ritual","ReplayTheSpireMod:Uncanny Aura"],"picked":"PanicButton","floor":37.0},{"not_picked":["ClearTheMind","Replay:AtTheReady","Replay:Anticipation+1"],"picked":"Consecrate","floor":39.0},{"not_picked":["Replay:ManipulateFuture+1","Halt+1","SandsOfTime"],"picked":"Brilliance","floor":40.0},{"not_picked":["ThirdEye+1","FollowUp+1","SandsOfTime+1","Study+1"],"picked":"SKIP","floor":41.0},{"not_picked":["CutThroughFate+1","SashWhip+1","ThirdEye+1","Replay:Hum+1"],"picked":"SKIP","floor":42.0},{"not_picked":["Replay:BluntJabs","FearNoEvil","Perseverance+1"],"picked":"Replay:DivineShield+1","floor":44},{"not_picked":["CrushJoints","REME_Repentance+1","DeceiveReality+1","Weave+1"],"picked":"SKIP","floor":46},{"not_picked":["FearNoEvil+1","BowlingBash","Halt+1"],"picked":"FlurryOfBlows+1","floor":48},{"not_picked":["Halt+1","ForeignInfluence+1","EmptyFist"],"picked":"Replay:BluntJabs","floor":54}],"player_experience":145578,"relics_obtained":[{"floor":6.0,"key":"Thread and Needle"},{"floor":8.0,"key":"REME_HandOfSuture"},{"floor":9.0,"key":"Question Card"},{"floor":11.0,"key":"Lizard Tail"},{"floor":14.0,"key":"Replay:Bottled Eggs"},{"floor":15.0,"key":"Replay:Bottled Steam"},{"floor":24.0,"key":"Calipers"},{"floor":26.0,"key":"Shuriken"},{"floor":36.0,"key":"Shovel"},{"floor":40.0,"key":"Toxic Egg 2"},{"floor":44,"key":"ReplayTheSpireMod:TigerMarble"},{"floor":52,"key":"ReplayTheSpireMod:Ninjato"},{"floor":54,"key":"Mango"}],"event_choices":[{"damage_healed":0.0,"max_hp_gain":0.0,"max_hp_loss":0.0,"gold_gain":0.0,"event_name":"Liars Game","player_choice":"Ignored","floor":2.0,"gold_loss":0.0,"damage_taken":0.0},{"damage_healed":0.0,"max_hp_gain":0.0,"max_hp_loss":0.0,"gold_gain":0.0,"event_name":"Wheel of Change","player_choice":"Relic","floor":11.0,"gold_loss":0.0,"damage_taken":0.0},{"damage_healed":0.0,"max_hp_gain":0.0,"max_hp_loss":0.0,"gold_gain":0.0,"event_name":"Dead Adventurer","player_choice":"Searched \u00271\u0027 times","floor":14.0,"gold_loss":0.0,"damage_taken":0.0},{"damage_healed":0.0,"max_hp_gain":0.0,"max_hp_loss":0.0,"gold_gain":0.0,"cards_transformed":["Defend_P"],"event_name":"Transmorgrifier","player_choice":"Transformed","floor":19.0,"gold_loss":0.0,"damage_taken":0.0,"cards_obtained":["ConjureBlade"]},{"damage_healed":0.0,"max_hp_gain":0.0,"max_hp_loss":0.0,"gold_gain":0.0,"event_name":"Mysterious Sphere","player_choice":"Fight","floor":36.0,"gold_loss":0.0,"damage_taken":0.0},{"damage_healed":0.0,"max_hp_gain":0.0,"max_hp_loss":0.0,"gold_gain":0.0,"event_name":"SensoryStone","player_choice":"Memory 1","floor":37.0,"gold_loss":0.0,"damage_taken":0.0},{"damage_healed":0.0,"max_hp_gain":0.0,"max_hp_loss":0.0,"gold_gain":0.0,"event_name":"OrinTheCat","player_choice":"Ignored","floor":38.0,"gold_loss":0.0,"damage_taken":0.0},{"cards_removed":["MentalFortress"],"damage_healed":0,"gold_gain":0,"player_choice":"Removed Power","damage_taken":0,"max_hp_gain":0,"max_hp_loss":0,"event_name":"Falling","floor":47,"gold_loss":0}],"is_beta":false,"boss_relics":[{"not_picked":["Runic Dome","ReplayTheSpireMod:DimensionalGlitch"],"picked":"Runic Pyramid"},{"not_picked":["Replay:Wanted Poster","Pandora\u0027s Box"],"picked":"Ring of Chaos"}],"items_purged_floors":[5],"is_endless":false,"potions_floor_spawned":[1,4,6,14,21,24,25,31,35,39,41,48],"ascension_level":0}}