{"host":"qrt7o4dq2qslzw13","time":1612433536,"event":{"mods":["AchievementEnabler","BaseMod","Colored Map","Colored Powertips","Minty Spire (QoL Compilation)","Quick Restart","StSLib","SuperFastMode"],"gold_per_floor":[361,361,388,388,6,6,39,39,39,15,40,63,63,88,88,209,209,232,84,84,108,121,121,159,183,183,183,206,305,305,323,323,452,515,535,559,30,30,30,30,51,51,75,87,99,126,152,164,176,188],"floor_reached":51,"language":"ENG","playtime":801,"items_purged":[],"score":837,"play_id":"84e0ed3c-93e2-462c-adef-fd5b77e15575","local_time":"20210204051216","is_ascension_mode":true,"campfire_choices":[{"floor":6.0,"key":"REST"},{"floor":8.0,"key":"REST"},{"floor":15.0,"key":"REST"},{"floor":23,"key":"REST"},{"data":"Injury","floor":27,"key":"PURGE"},{"floor":32,"key":"REST"},{"data":"Apotheosis","floor":40,"key":"SMITH"},{"floor":45,"key":"REST"},{"floor":49,"key":"REST"}],"circlet_count":0,"master_deck":["Strike_B","Strike_B","Strike_B","Defend_B","Defend_B","Defend_B","Defend_B","Zap","Dualcast","Ball Lightning+1","Creative AI+1","Turbo","Meteor Strike","Turbo","Melter","Storm+1","Genetic Algorithm","Electrodynamics+1","CurseOfTheBell","BootSequence","Heatsinks+1","Storm+1","Auto Shields+1","FTL+1","Self Repair+1","Defragment+1","Swift Strike","Scrape+1","Echo Form+1","Capacitor+1","Leap+1","Apotheosis+1","Defragment+1","Glacier+1","Dark Shackles","Enlightenment","Good Instincts","Madness","Madness"],"relics":["Cracked Core","Strawberry","Golden Idol","Frozen Egg 2","Bronze Scales","Orichalcum","Calling Bell","Pen Nib","StrikeDummy","Unceasing Top","The Courier","Peace Pipe","Tiny House","DollysMirror","Matryoshka","Anchor","MawBank","Spirit Poop"],"acts_visited":["Exordium","TheCity","TheBeyond"],"potions_floor_usage":[24,24],"damage_taken":[{"damage":7.0,"enemies":"Jaw Worm","floor":1.0,"turns":3.0},{"damage":42.0,"enemies":"Gremlin Nob","floor":7.0,"turns":5.0},{"damage":8.0,"enemies":"2 Louse","floor":11.0,"turns":3.0},{"damage":7.0,"enemies":"Small Slimes","floor":12.0,"turns":2.0},{"damage":0.0,"enemies":"Exordium Wildlife","floor":14.0,"turns":2.0},{"damage":45.0,"enemies":"Hexaghost","floor":16.0,"turns":8.0},{"damage":7.0,"enemies":"Chosen","floor":18.0,"turns":3.0},{"damage":0,"enemies":"Spheric Guardian","floor":21,"turns":2},{"damage":9,"enemies":"Cultist and Chosen","floor":22,"turns":4},{"damage":9,"enemies":"Gremlin Leader","floor":24,"turns":6},{"damage":24,"enemies":"Snecko","floor":25,"turns":4},{"damage":3,"enemies":"Snake Plant","floor":28,"turns":3},{"damage":8,"enemies":"Centurion and Healer","floor":31,"turns":4},{"damage":28,"enemies":"Automaton","floor":33,"turns":5},{"damage":20,"enemies":"Orb Walker","floor":35,"turns":4},{"damage":38,"enemies":"3 Darklings","floor":36,"turns":5},{"damage":32,"enemies":"Maw","floor":41,"turns":6},{"damage":2,"enemies":"Sphere and 2 Shapes","floor":46,"turns":4},{"damage":4,"enemies":"4 Shapes","floor":47,"turns":5},{"damage":117,"enemies":"Donu and Deca","floor":50,"turns":7}],"seed_played":"-9172432917984237132","potions_obtained":[{"floor":1.0,"key":"BlessingOfTheForge"},{"floor":7.0,"key":"LiquidMemories"},{"floor":14.0,"key":"Block Potion"},{"floor":18.0,"key":"SpeedPotion"},{"floor":21,"key":"Ancient Potion"},{"floor":22,"key":"LiquidMemories"},{"floor":25,"key":"FairyPotion"},{"floor":34,"key":"FearPotion"}],"is_trial":false,"path_per_floor":["M","?","T","?","$","R","E","R","T","$","M","M","?","M","R","B",null,"M","$","?","M","M","R","E","M","T","R","M","?","?","M","R","B",null,"M","M","$","?","?","R","M","?","T","?","R","M","M","?","R","B",null],"character_chosen":"DEFECT","items_purchased":["Frozen Egg 2","Creative AI+1","Turbo","Turbo","BootSequence","Heatsinks+1","Apotheosis","FairyPotion","DollysMirror","Matryoshka"],"campfire_rested":7,"item_purchase_floors":[5,5,5,10,19,19,37,37,37,37],"current_hp_per_floor":[47,40,47,47,47,71,29,53,53,53,45,38,38,38,62,17,82,75,75,75,75,66,82,73,59,59,59,56,56,56,58,82,54,87,67,29,29,29,76,76,54,44,44,44,66,64,70,60,76,32],"gold":200,"neow_bonus":"TWO_FIFTY_GOLD","is_daily":false,"chose_seed":false,"campfire_upgraded":1,"win_rate":0.0,"timestamp":1612433536,"path_taken":["M","?","?","?","$","R","E","R","T","$","M","M","?","M","R","BOSS","M","$","?","M","M","R","E","M","T","R","M","?","?","?","R","BOSS","M","M","$","?","?","R","M","?","T","?","R","?","M","?","R","BOSS"],"items_purchased_type":["Relic","Card","Card","Card","Card","Card","Card","Potion","Relic","Relic"],"build_version":"2020-12-22","purchased_purges":0,"victory":true,"max_hp_per_floor":[75,75,82,82,82,82,82,82,82,82,82,82,82,82,82,82,82,82,82,82,82,82,82,82,82,82,82,82,82,82,82,82,82,87,87,87,87,87,76,76,76,76,76,76,76,76,76,76,76,76],"card_choices":[{"not_picked":["Streamline","Beam Cell"],"picked":"Ball Lightning","floor":1.0},{"not_picked":["Steam","Cold Snap"],"picked":"Meteor Strike","floor":7.0},{"not_picked":["Gash","Compile Driver"],"picked":"Melter","floor":11.0},{"not_picked":["Gash","Doom and Gloom"],"picked":"Storm+1","floor":12.0},{"not_picked":["Turbo","Force Field"],"picked":"Genetic Algorithm","floor":14.0},{"not_picked":["Amplify","Rainbow"],"picked":"Electrodynamics+1","floor":16.0},{"not_picked":["Streamline","Stack","Lockon+1"],"picked":"SKIP","floor":18.0},{"not_picked":["Barrage+1","Conserve Battery"],"picked":"Auto Shields","floor":21},{"not_picked":["Steam Power","Glacier"],"picked":"FTL+1","floor":22},{"not_picked":["Steam","Rebound"],"picked":"Self Repair+1","floor":24},{"not_picked":["Blizzard","Turbo","Compile Driver+1"],"picked":"SKIP","floor":25},{"not_picked":["Go for the Eyes","Leap+1"],"picked":"Defragment+1","floor":28},{"not_picked":["Compile Driver","Stack"],"picked":"Scrape+1","floor":31},{"not_picked":["Core Surge","Hyperbeam"],"picked":"Echo Form+1","floor":33},{"not_picked":["Compile Driver","Leap"],"picked":"Capacitor+1","floor":34},{"not_picked":["Conserve Battery","FTL"],"picked":"Leap+1","floor":35},{"not_picked":["Leap","Coolheaded","Streamline+1"],"picked":"SKIP","floor":36},{"not_picked":["Redo","Steam Power"],"picked":"Glacier+1","floor":41},{"not_picked":["Dramatic Entrance","HandOfGreed"],"picked":"Dark Shackles","floor":42},{"not_picked":["Madness","Jack Of All Trades"],"picked":"Enlightenment","floor":42},{"not_picked":["Thinking Ahead","Jack Of All Trades"],"picked":"Good Instincts","floor":42},{"not_picked":["Chill","Reprogram+1","Ball Lightning"],"picked":"SKIP","floor":46},{"not_picked":["Streamline+1","Conserve Battery+1","Barrage+1"],"picked":"SKIP","floor":47}],"player_experience":624070,"relics_obtained":[{"floor":3.0,"key":"Strawberry"},{"floor":7.0,"key":"Bronze Scales"},{"floor":9.0,"key":"Orichalcum"},{"floor":17.0,"key":"Pen Nib"},{"floor":17.0,"key":"StrikeDummy"},{"floor":17.0,"key":"Unceasing Top"},{"floor":24,"key":"The Courier"},{"floor":26,"key":"Peace Pipe"},{"floor":43,"key":"Anchor"},{"floor":43,"key":"MawBank"}],"event_choices":[{"cards_removed":["Strike_B"],"damage_healed":0.0,"max_hp_gain":0.0,"max_hp_loss":0.0,"gold_gain":0.0,"event_name":"Golden Wing","player_choice":"Card Removal","floor":2.0,"gold_loss":0.0,"damage_taken":7.0},{"damage_healed":0.0,"max_hp_gain":0.0,"max_hp_loss":0.0,"gold_gain":0.0,"event_name":"Golden Idol","player_choice":"Take Wound","floor":4.0,"gold_loss":0.0,"damage_taken":0.0,"relics_obtained":["Golden Idol"],"cards_obtained":["Injury"]},{"damage_healed":0.0,"max_hp_gain":0.0,"max_hp_loss":0.0,"gold_gain":0.0,"event_name":"Living Wall","player_choice":"Grow","floor":13.0,"gold_loss":0.0,"damage_taken":0.0,"cards_upgraded":["Ball Lightning"]},{"damage_healed":0.0,"max_hp_gain":0.0,"max_hp_loss":0.0,"gold_gain":0.0,"event_name":"The Library","player_choice":"Read","floor":20.0,"gold_loss":0.0,"damage_taken":0.0,"cards_obtained":["Storm"]},{"damage_healed":0,"gold_gain":99,"player_choice":"Stole From Cult","damage_taken":0,"max_hp_gain":0,"max_hp_loss":0,"event_name":"Nest","floor":29,"gold_loss":0},{"damage_healed":0,"gold_gain":0,"player_choice":"2 cards matched","damage_taken":0,"max_hp_gain":0,"max_hp_loss":0,"event_name":"Match and Keep!","floor":30,"gold_loss":0,"cards_obtained":["Swift Strike","Injury"]},{"damage_healed":0,"gold_gain":0,"player_choice":"Ignored","damage_taken":0,"max_hp_gain":0,"max_hp_loss":0,"event_name":"Mysterious Sphere","floor":38,"gold_loss":0},{"damage_healed":76,"gold_gain":0,"player_choice":"Heal","damage_taken":0,"max_hp_gain":0,"max_hp_loss":11,"event_name":"The Moai Head","floor":39,"gold_loss":0},{"damage_healed":0,"gold_gain":0,"player_choice":"Memory 3","damage_taken":10,"max_hp_gain":0,"max_hp_loss":0,"event_name":"SensoryStone","floor":42,"gold_loss":0},{"cards_removed":["Injury"],"damage_healed":0,"gold_gain":0,"player_choice":"Offered Curse","damage_taken":0,"relics_obtained":["Spirit Poop"],"max_hp_gain":0,"max_hp_loss":0,"event_name":"Bonfire Elementals","floor":44,"gold_loss":0},{"damage_healed":0,"gold_gain":0,"player_choice":"Embrace Madness","damage_taken":10,"max_hp_gain":0,"max_hp_loss":0,"event_name":"Winding Halls","floor":48,"gold_loss":0,"cards_obtained":["Madness","Madness"]}],"is_beta":false,"boss_relics":[{"not_picked":["FrozenCore","Coffee Dripper"],"picked":"Calling Bell"},{"not_picked":["Black Star","Snecko Eye"],"picked":"Tiny House"}],"items_purged_floors":[],"is_endless":false,"potions_floor_spawned":[1,7,14,18,21,22,25,41],"ascension_level":4}}