{"host":"uv5ws9rdk87e8i5k","time":1612453765,"event":{"mods":["AchievementEnabler","BaseMod","Colored Map","Jorbs\u0027s Wanderer Trilogy","Minty Spire (QoL Compilation)","Permanent Neow","Quick Restart","StSLib","SuperFastMode","The Necromancer"],"gold_per_floor":[415,433,433,445,26,59,59,90,90,119,119,135,151,151,151,223,223,242,258,274,274,294,294,322,339,339,356,384,384,410,423,423,500,500,520,536,536,536],"floor_reached":37,"language":"ENG","playtime":1042,"items_purged":[],"score":815,"play_id":"051c7106-7303-4281-9fbe-3a316dcd00e6","local_time":"20210204094925","is_ascension_mode":true,"campfire_choices":[{"data":"Summon_Vampire_Lady","floor":7.0,"key":"SMITH"},{"data":"Summon_Lich","floor":11,"key":"SMITH"},{"data":"Spectral_Walk","floor":15,"key":"SMITH"},{"data":"Summon_Vampire_Lady","floor":23,"key":"SMITH"},{"data":"Cloudkill","floor":29,"key":"SMITH"},{"data":"Summon_Undead_Army","floor":32,"key":"SMITH"}],"circlet_count":0,"master_deck":["AscendersBane","Strike_W","Strike_W","Strike_W","Strike_W","Defend_W","Defend_W","Defend_W","Defend_W","Negative_Energy_Arrows","Bone_Wall","Negative_Energy_Sphere","Life_Drain","Summon_Vampire_Lady+1","Spectral_Walk+1","Life_Drain","Summon_Lich+1","Grasp_Heart","Cloudkill+1","Summon_Undead_Army+1","Necrotic_Claws","Summon_Vampire_Lady+1","Summon_Lich","Negative_Energy_Burst","Summon_Undead","Summon_Death_Knight","Grasp_Heart"],"relics":["Vampire_Amulet","Old Coin","Sling","Omamori","Blue Candle","Juzu Bracelet","Ginger","Torii","Runic Dome","Eternal Feather","Potion Belt","Letter Opener","Dead Branch","The Courier","Runic Pyramid"],"acts_visited":["Exordium","TheCity","TheBeyond"],"potions_floor_usage":[10,10,20,24,25,30,33],"damage_taken":[{"damage":2.0,"enemies":"2 Louse","floor":1.0,"turns":4.0},{"damage":1.0,"enemies":"Jaw Worm","floor":2.0,"turns":4.0},{"damage":10.0,"enemies":"Cultist","floor":4.0,"turns":5.0},{"damage":30.0,"enemies":"3 Sentries","floor":6.0,"turns":8.0},{"damage":27.0,"enemies":"Lagavulin","floor":8.0,"turns":6.0},{"damage":16,"enemies":"Gremlin Nob","floor":10,"turns":4},{"damage":9,"enemies":"Large Slime","floor":12,"turns":5},{"damage":15,"enemies":"Blue Slaver","floor":13,"turns":4},{"damage":43,"enemies":"The Guardian","floor":16,"turns":9},{"damage":28,"enemies":"2 Thieves","floor":18,"turns":4},{"damage":20,"enemies":"Chosen","floor":19,"turns":5},{"damage":28,"enemies":"Centurion and Healer","floor":20,"turns":5},{"damage":36,"enemies":"Cultist and Chosen","floor":22,"turns":5},{"damage":28,"enemies":"Gremlin Leader","floor":24,"turns":5},{"damage":42,"enemies":"Shelled Parasite and Fungi","floor":25,"turns":5},{"damage":12,"enemies":"Snecko","floor":27,"turns":4},{"damage":64,"enemies":"Slavers","floor":28,"turns":4},{"damage":3,"enemies":"Gremlin Leader","floor":30,"turns":4},{"damage":31,"enemies":"Cultist and Chosen","floor":31,"turns":5},{"damage":85,"enemies":"Automaton","floor":33,"turns":10},{"damage":58,"enemies":"3 Darklings","floor":35,"turns":4},{"damage":15,"enemies":"3 Shapes","floor":36,"turns":4},{"damage":31,"enemies":"2 Orb Walkers","floor":37,"turns":2}],"seed_played":"5348607224340451113","potions_obtained":[{"floor":6.0,"key":"Swift Potion"},{"floor":8.0,"key":"AttackPotion"},{"floor":10,"key":"Swift Potion"},{"floor":18,"key":"GamblersBrew"},{"floor":19,"key":"DuplicationPotion"},{"floor":22,"key":"DuplicationPotion"},{"floor":28,"key":"LiquidMemories"},{"floor":30,"key":"SteroidPotion"},{"floor":31,"key":"Ancient Potion"}],"is_trial":false,"path_per_floor":["M","M","?","M","$","E","R","E","T","E","R","M","M","?","R","B",null,"M","M","M","?","M","R","E","M","T","M","E","R","E","M","R","B",null,"M","M","?"],"character_chosen":"NECROMANCER","items_purchased":["Summon_Vampire_Lady","Spectral_Walk","Sling"],"campfire_rested":0,"item_purchase_floors":[5,5,5],"current_hp_per_floor":[64,64,64,56,56,50,50,56,56,64,64,64,64,38,38,40,58,46,43,61,61,51,63,64,41,41,58,18,30,50,35,50,39,58,20,26,0,0],"gold":536,"neow_bonus":"ONE_RARE_RELIC","is_daily":false,"chose_seed":false,"campfire_upgraded":6,"win_rate":0.0,"timestamp":1612453765,"path_taken":["M","M","?","M","$","E","R","E","T","E","R","M","M","?","R","BOSS","M","M","M","?","M","R","E","M","T","M","E","R","E","M","R","BOSS","M","M","?"],"items_purchased_type":["Card","Card","Relic"],"build_version":"2020-12-22","purchased_purges":0,"victory":false,"max_hp_per_floor":[64,64,64,64,64,64,64,64,64,64,64,64,64,64,64,64,64,64,64,64,64,64,64,64,64,64,64,64,64,64,64,64,64,64,64,64,64,64],"card_choices":[{"not_picked":["Death_Coil","Exploit"],"picked":"Negative_Energy_Sphere","floor":1.0},{"not_picked":["Negative_Energy_Sphere","Bones_to_Steel","Bone_Shift"],"picked":"SKIP","floor":2.0},{"not_picked":["Summon_Undead_Army","Bone_Armory"],"picked":"Life_Drain","floor":4.0},{"not_picked":["Corrupt","Toxic_Smoke_Screen"],"picked":"Life_Drain","floor":6.0},{"not_picked":["Life_Tap","Blood_Whip"],"picked":"Summon_Lich","floor":8.0},{"not_picked":["Toxic_Smoke_Screen","Strike_from_Beyond","Blood_Curse"],"picked":"SKIP","floor":10},{"not_picked":["Toxic_Smoke_Screen","Strike_from_Beyond","Blood_Curse"],"picked":"SKIP","floor":10},{"not_picked":["Slay_Living","Negative_Energy_Javelin","Necromantic_Selection"],"picked":"SKIP","floor":12},{"not_picked":["Blood_Whip","Finger_Of_Death"],"picked":"Grasp_Heart","floor":13},{"not_picked":["Skeleton_Dragon","Negative_Energy_Bomb"],"picked":"Cloudkill","floor":16},{"not_picked":["Strike_from_Beyond","Plague_Bolt+1","Bone_Armory"],"picked":"SKIP","floor":18},{"not_picked":["Bones_to_Steel+1","Blood_Whip"],"picked":"Summon_Undead_Army","floor":19},{"not_picked":["Violent_Necrosis","Blood_Curse+1"],"picked":"Necrotic_Claws","floor":20},{"not_picked":["Death_Coil","Bone_Bullets"],"picked":"Summon_Vampire_Lady","floor":22},{"not_picked":["Negative_Energy_Shield","Bone_Armory"],"picked":"Summon_Lich","floor":24},{"not_picked":["Bone_Bullets","Bone_Spikes","Bone_Armory"],"picked":"SKIP","floor":25},{"not_picked":["Scare","Bone_Armor"],"picked":"Negative_Energy_Burst","floor":27},{"not_picked":["Bone_Spikes","Negative_Energy_Shield","Acid_Javelin"],"picked":"SKIP","floor":28},{"not_picked":["Uncharnel+1","Bone_Shift+1"],"picked":"Summon_Undead","floor":30},{"not_picked":["Bone_Bullets","Necrotic_Claws","Blood_Magic"],"picked":"SKIP","floor":31},{"not_picked":["Blood_Magic","Summon_Vampire_Lady"],"picked":"Summon_Death_Knight","floor":33},{"not_picked":["Shackles_Of_Pain+1","Negative_Energy_Burst","Toxic_Smoke_Screen"],"picked":"SKIP","floor":35},{"not_picked":["Bone_Shift","Negative_Energy_Mist"],"picked":"Grasp_Heart","floor":36}],"player_experience":223384,"relics_obtained":[{"floor":6.0,"key":"Omamori"},{"floor":8.0,"key":"Blue Candle"},{"floor":9.0,"key":"Juzu Bracelet"},{"floor":10,"key":"Ginger"},{"floor":21,"key":"Eternal Feather"},{"floor":24,"key":"Potion Belt"},{"floor":26,"key":"Letter Opener"},{"floor":28,"key":"Dead Branch"},{"floor":30,"key":"The Courier"}],"event_choices":[{"damage_healed":0.0,"max_hp_gain":0.0,"max_hp_loss":0.0,"gold_gain":0.0,"event_name":"Liars Game","player_choice":"Ignored","floor":3.0,"gold_loss":0.0,"damage_taken":0.0},{"damage_healed":0,"gold_gain":0,"player_choice":"Success","damage_taken":26,"relics_obtained":["Torii"],"max_hp_gain":0,"max_hp_loss":0,"event_name":"Scrap Ooze","floor":14,"gold_loss":0},{"damage_healed":0,"gold_gain":0,"player_choice":"Relic","damage_taken":0,"max_hp_gain":0,"max_hp_loss":0,"event_name":"Wheel of Change","floor":21,"gold_loss":0},{"damage_healed":0,"gold_gain":0,"player_choice":"Fight","damage_taken":0,"max_hp_gain":0,"max_hp_loss":0,"event_name":"Mysterious Sphere","floor":37,"gold_loss":0}],"is_beta":false,"boss_relics":[{"not_picked":["Philosopher\u0027s Stone","Fusion Hammer"],"picked":"Runic Dome"},{"not_picked":["Busted Crown","SacredBark"],"picked":"Runic Pyramid"}],"items_purged_floors":[],"is_endless":false,"potions_floor_spawned":[6,8,10,18,19,22,28,30,31],"killed_by":"2 Orb Walkers","ascension_level":16}}