{"host":"Doisman","time":1612471777,"event":{"mods":["AchievementEnabler","BaseMod","Better Note","Curses Come First","Minty Spire (QoL Compilation)","Permanent Neow","Relic Stats","Replay The Spire","StSLib"],"gold_per_floor":[144,144,189,234,279,369,369,414,414,459,459,504,599,224,224,524,524,569,619,248,213,88,178,178,306,356,401,446,595,640,685,685,985,1085,1130,1175,548,820,870,960,1010,361,361,411,501,692,767,812,812,812],"floor_reached":51,"language":"ENG","playtime":2242,"items_purged":["Pain","Cold Snap","BasicCrystalCard","BasicCrystalCard","Doom and Gloom"],"score":1227,"play_id":"b6d6e9b8-ff41-49c2-8da8-193d7d632381","local_time":"20210204144937","daily_mods":["Insanity","Red Cards","Midas"],"is_ascension_mode":false,"campfire_choices":[{"floor":7,"key":"REST"},{"floor":15,"key":"REST"},{"floor":24,"key":"REST"},{"floor":32,"key":"REST"},{"floor":49,"key":"REST"}],"circlet_count":0,"master_deck":["Barrage","Anger","Cleave+1","Rip and Tear","Havoc","Reprogram","Clothesline","Barrage","Hologram","Go for the Eyes","ReplayTheSpireMod:Strike From Hell","Shockwave","Dual Wield","Twin Strike","Rip and Tear","Beam Cell","Lockon","Thunderclap","Aggregate","Armaments","Melter","Twin Strike","Pommel Strike","Armaments","Shrug It Off","Auto Shields","Armaments","Steam","ReplayTheSpireMod:Strike From Hell","Sweeping Beam","Reprogram","FTL","Seeing Red","Reckless Charge","White Noise","Sunder","Replay:Undeath\u0027s Touch","Thunderclap","Run Through","Pommel Strike","Intimidate","Run Through","Conserve Battery","Conserve Battery","Conserve Battery","Metallicize+1","Juggernaut+1","Headbutt","Shockwave","Stack","Machine Learning+1","Aggregate","Go for the Eyes","Metallicize+1","Flash of Steel","Metallicize+1","ReplayTheSpireMod:Stacked","Havoc+1","Replay:Undeath\u0027s Touch","Core Surge","Anger+1","Searing Blow","Corruption","Steam","Reckless Charge","Metallicize+1","Mayhem","Steam Power","Rage","Rupture","White Noise","Dark Shackles","Trip","Sadistic Nature","Armaments","ReplayTheSpireMod:Stacked+1","Go for the Eyes+1","Warcry+1"],"relics":["Cracked Core","WarpedTongs","Bottled Tornado","Replay:Ringing Soul","SsserpentHead","Replay:PocketPolymizer","Runic Pyramid","Guide Book","Art of War","Juzu Bracelet","Red Mask","Replay:Antivirus Software","Replay:Wanted Poster","Gremlin Food","HornCleat","ReplayTheSpireMod:Shallot","OrangePellets","Mirror","Replay:Bottled Eggs","Dead Branch","Vajra","Prayer Wheel"],"acts_visited":["Exordium","TheCity","TheBeyond"],"potions_floor_usage":[12,18,23,23,25,30,33,33,45,50],"damage_taken":[{"damage":0,"enemies":"Small Slimes","floor":1,"turns":2},{"damage":2,"enemies":"Cultist","floor":3,"turns":3},{"damage":3,"enemies":"2 Louse","floor":4,"turns":3},{"damage":0,"enemies":"Exordium Thugs","floor":5,"turns":3},{"damage":17,"enemies":"3 Sentries","floor":6,"turns":5},{"damage":4,"enemies":"Looter","floor":8,"turns":3},{"damage":2,"enemies":"Large Slime","floor":10,"turns":6},{"damage":10,"enemies":"Exordium Wildlife","floor":12,"turns":3},{"damage":8,"enemies":"3 Louse","floor":13,"turns":2},{"damage":25,"enemies":"The Guardian","floor":16,"turns":10},{"damage":4,"enemies":"3 Byrds","floor":18,"turns":6},{"damage":7,"enemies":"Slavers","floor":23,"turns":4},{"damage":9,"enemies":"Masked Bandits","floor":25,"turns":5},{"damage":8,"enemies":"Shell Parasite","floor":27,"turns":5},{"damage":0,"enemies":"Snake Plant","floor":28,"turns":4},{"damage":0,"enemies":"Sentry and Sphere","floor":30,"turns":4},{"damage":10,"enemies":"Chosen and Byrds","floor":31,"turns":5},{"damage":31,"enemies":"Pondfish","floor":33,"turns":8},{"damage":0,"enemies":"3 Shapes","floor":35,"turns":4},{"damage":6,"enemies":"Orb Walker","floor":36,"turns":3},{"damage":29,"enemies":"Giant Head","floor":40,"turns":7},{"damage":0,"enemies":"Reptomancer","floor":45,"turns":6},{"damage":16,"enemies":"2 Orb Walkers","floor":46,"turns":4},{"damage":0,"enemies":"3 Darklings","floor":48,"turns":3},{"damage":46,"enemies":"Awakened One","floor":50,"turns":6}],"seed_played":"2514053361250750194","potions_obtained":[{"floor":5,"key":"Weak Potion"},{"floor":6,"key":"SkillPotion"},{"floor":13,"key":"Languid Potion"},{"floor":16,"key":"Fire Potion"},{"floor":18,"key":"LiquidMemories"},{"floor":23,"key":"Flashbang"},{"floor":27,"key":"Adrenaline Potion"},{"floor":31,"key":"Toxic Potion"},{"floor":33,"key":"AttackPotion"},{"floor":48,"key":"Strength Potion"}],"is_trial":false,"path_per_floor":["M","?","M","M","M","E","R","M","T","M","?","M","M","$","R","B",null,"M","?","$","?","$","E","R","?","T","M","M","?","M","M","R","B",null,"M","M","$","?","?","E","?","$","T","?","E","?","T","M","R","B",null],"character_chosen":"DEFECT","items_purchased":["Replay:PocketPolymizer","Guide Book","Metallicize","Flash of Steel","Metallicize","Mayhem","Steam Power","Gremlin Food","ReplayTheSpireMod:Shallot","OrangePellets","White Noise"],"campfire_rested":5,"item_purchase_floors":[14,20,20,20,37,37,37,37,42,42,42],"current_hp_per_floor":[75,75,73,70,70,53,75,71,71,72,72,62,57,57,81,59,84,83,86,89,89,89,85,99,93,93,85,88,88,91,84,114,86,117,120,117,120,120,123,97,97,100,100,93,96,83,83,86,130,84],"gold":812,"neow_bonus":"","is_daily":true,"chose_seed":false,"campfire_upgraded":0,"win_rate":0.0,"timestamp":1612471777,"path_taken":["M","?","?","M","M","E","R","M","T","?","?","M","?","$","R","BOSS","M","?","?","?","$","E","R","?","T","M","M","?","M","M","R","BOSS","M","M","$","?","?","E","?","$","T","?","E","?","?","M","R","BOSS"],"items_purchased_type":["Relic","Relic","Card","Card","Card","Card","Card","Relic","Relic","Relic","Card"],"build_version":"2020-12-18","purchased_purges":5,"victory":true,"max_hp_per_floor":[75,75,75,75,75,75,75,75,75,78,78,78,81,81,81,84,84,87,90,93,93,93,96,99,102,102,102,105,105,108,111,114,117,117,120,123,126,126,129,132,132,135,135,138,141,144,144,147,147,147],"relic_stats":{"SsserpentHead":600,"OrangePellets":[6],"counters":[25,114],"Dead Branch":[71],"Prayer Wheel":1,"Art of War":[9],"Juzu Bracelet":2,"obtain_stats":[{"Gremlin Food":37,"Replay:PocketPolymizer":14,"Guide Book":20,"Dead Branch":46,"Vajra":47,"Juzu Bracelet":23,"Bottled Tornado":6,"WarpedTongs":2,"Replay:Wanted Poster":34,"Replay:Ringing Soul":9,"SsserpentHead":11,"OrangePellets":42,"HornCleat":40,"ReplayTheSpireMod:Shallot":42,"Prayer Wheel":48,"Art of War":21,"Red Mask":25,"Replay:Antivirus Software":26,"Replay:Bottled Eggs":45,"Cracked Core":0,"Mirror":43,"Runic Pyramid":17},{"Gremlin Food":20,"Replay:PocketPolymizer":9,"Guide Book":11,"Dead Branch":23,"Vajra":23,"Juzu Bracelet":12,"Bottled Tornado":5,"WarpedTongs":1,"Replay:Wanted Poster":18,"Replay:Ringing Soul":6,"SsserpentHead":7,"OrangePellets":21,"HornCleat":21,"ReplayTheSpireMod:Shallot":21,"Prayer Wheel":24,"Art of War":11,"Red Mask":13,"Replay:Antivirus Software":13,"Replay:Bottled Eggs":22,"Cracked Core":0,"Mirror":21,"Runic Pyramid":10},{"Gremlin Food":88,"Replay:PocketPolymizer":30,"Guide Book":46,"Dead Branch":105,"Vajra":105,"Juzu Bracelet":50,"Bottled Tornado":16,"WarpedTongs":2,"Replay:Wanted Poster":81,"Replay:Ringing Soul":19,"SsserpentHead":25,"OrangePellets":95,"HornCleat":95,"ReplayTheSpireMod:Shallot":95,"Prayer Wheel":107,"Art of War":46,"Red Mask":55,"Replay:Antivirus Software":55,"Replay:Bottled Eggs":101,"Cracked Core":0,"Mirror":95,"Runic Pyramid":40}],"WarpedTongs":[112]},"card_choices":[{"not_picked":["Pommel Strike","Stack"],"picked":"Conserve Battery","floor":1},{"not_picked":["Twin Strike","Cleave"],"picked":"Conserve Battery","floor":3},{"not_picked":["Havoc","Streamline"],"picked":"Conserve Battery","floor":4},{"not_picked":["Force Field","Steam"],"picked":"Metallicize","floor":5},{"not_picked":["Whirlwind","Hello World"],"picked":"Juggernaut","floor":6},{"not_picked":["Heavy Blade","ReplayTheSpireMod:Strike From Hell"],"picked":"Headbutt","floor":8},{"not_picked":["Armaments","Flame Barrier"],"picked":"Shockwave","floor":10},{"not_picked":["Sweeping Beam","Clash","Replay:Undeath\u0027s Touch"],"picked":"SKIP","floor":12},{"not_picked":["ReplayTheSpireMod:LeadingStrike","Turbo"],"picked":"Stack","floor":13},{"not_picked":["Fiend Fire","Fission"],"picked":"Machine Learning","floor":16},{"not_picked":["Compile Driver","Beam Cell"],"picked":"Aggregate","floor":18},{"not_picked":["Pommel Strike","Streamline+1"],"picked":"Metallicize+1","floor":23},{"not_picked":["Conserve Battery","Sweeping Beam"],"picked":"Havoc+1","floor":25},{"not_picked":["Iron Wave","Evolve","Thunderclap"],"picked":"SKIP","floor":27},{"not_picked":["Armaments","Reinforced Body+1"],"picked":"Replay:Undeath\u0027s Touch","floor":28},{"not_picked":["Iron Wave","Undo"],"picked":"Core Surge","floor":30},{"not_picked":["Thunderclap","Headbutt"],"picked":"Anger+1","floor":31},{"not_picked":["Machine Learning","Eclipse"],"picked":"Corruption","floor":33},{"not_picked":["BasicCrystalCard","Leap"],"picked":"Steam","floor":35},{"not_picked":["Defy Death","Massacre+1"],"picked":"Reckless Charge","floor":36},{"not_picked":["Defragment+1","Storm"],"picked":"Rupture","floor":40},{"not_picked":["Blind","Bandage Up"],"picked":"Dark Shackles","floor":44},{"not_picked":["Replay:Sssssssssshield","Bandage Up"],"picked":"Trip","floor":44},{"not_picked":["Blind","Chrysalis"],"picked":"Sadistic Nature","floor":44},{"not_picked":["Streamline","Warcry"],"picked":"Armaments","floor":45},{"not_picked":["Rampage+1","Clothesline"],"picked":"ReplayTheSpireMod:Stacked+1","floor":46},{"not_picked":["Compile Driver+1","Demonic Infusion"],"picked":"Go for the Eyes+1","floor":48},{"not_picked":["Glacier","Twin Strike"],"picked":"Warcry+1","floor":48}],"player_experience":1075069,"relics_obtained":[{"floor":6,"key":"Bottled Tornado"},{"floor":9,"key":"Replay:Ringing Soul"},{"floor":23,"key":"Juzu Bracelet"},{"floor":25,"key":"Red Mask"},{"floor":26,"key":"Replay:Antivirus Software"},{"floor":40,"key":"HornCleat"},{"floor":43,"key":"Mirror"},{"floor":45,"key":"Replay:Bottled Eggs"},{"floor":46,"key":"Dead Branch"},{"floor":47,"key":"Vajra"}],"event_choices":[{"damage_healed":0,"gold_gain":0,"player_choice":"Rummage","damage_taken":0,"relics_obtained":["WarpedTongs"],"max_hp_gain":0,"max_hp_loss":0,"event_name":"Accursed Blacksmith","floor":2,"gold_loss":0,"cards_obtained":["Pain"]},{"damage_healed":0,"gold_gain":0,"player_choice":"Trade","damage_taken":0,"relics_obtained":["SsserpentHead"],"max_hp_gain":0,"max_hp_loss":0,"event_name":"FaceTrader","floor":11,"gold_loss":0},{"damage_healed":0,"gold_gain":0,"player_choice":"1 cards matched","damage_taken":0,"max_hp_gain":0,"max_hp_loss":0,"event_name":"Match and Keep!","floor":19,"gold_loss":0,"cards_obtained":["Go for the Eyes"]},{"damage_healed":0,"gold_gain":0,"player_choice":"Obtained Relic","damage_taken":0,"relics_obtained":["Art of War"],"max_hp_gain":0,"max_hp_loss":0,"event_name":"Addict","floor":21,"gold_loss":85},{"damage_healed":0,"gold_gain":0,"player_choice":"Fought Bandits","damage_taken":0,"max_hp_gain":0,"max_hp_loss":0,"event_name":"Masked Bandits","floor":25,"gold_loss":0},{"damage_healed":0,"gold_gain":99,"player_choice":"Stole From Cult","damage_taken":0,"max_hp_gain":0,"max_hp_loss":0,"event_name":"Nest","floor":29,"gold_loss":0},{"damage_healed":0,"gold_gain":222,"player_choice":"Wore Mask","damage_taken":0,"max_hp_gain":0,"max_hp_loss":0,"event_name":"Tomb of Lord Red Mask","floor":38,"gold_loss":0},{"damage_healed":0,"gold_gain":0,"cards_transformed":["ReplayTheSpireMod:System Scan"],"player_choice":"Transformed","damage_taken":0,"max_hp_gain":0,"max_hp_loss":0,"event_name":"Transmorgrifier","floor":39,"gold_loss":0,"cards_obtained":["Rage"]},{"cards_removed":["Ghostly Armor"],"damage_healed":0,"gold_gain":0,"player_choice":"Removed Skill","damage_taken":0,"max_hp_gain":0,"max_hp_loss":0,"event_name":"Falling","floor":41,"gold_loss":0},{"damage_healed":0,"gold_gain":0,"player_choice":"Memory 3","damage_taken":10,"max_hp_gain":0,"max_hp_loss":0,"event_name":"SensoryStone","floor":44,"gold_loss":0},{"damage_healed":0,"gold_gain":0,"player_choice":"Fight","damage_taken":0,"max_hp_gain":0,"max_hp_loss":0,"event_name":"Mysterious Sphere","floor":46,"gold_loss":0}],"is_beta":true,"boss_relics":[{"not_picked":["Busted Crown","Inserter"],"picked":"Runic Pyramid"},{"not_picked":["ReplayTheSpireMod:DimensionalGlitch","Replay:Bronze Core"],"picked":"Replay:Wanted Poster"}],"items_purged_floors":[14,20,22,37,42],"is_endless":false,"potions_floor_spawned":[5,6,13,16,18,23,27,31,33,48],"ascension_level":0}}