{"host":"4g8vayc9pwrwu92h","time":1612433474,"event":{"mods":["Act Like it!","Aspiration","BaseMod","Conspire","Downfall","Hallownest","Marked Mod","Minty Spire (QoL Compilation)","Quick Restart","StSLib","The Bug Knight","The Jungle"],"gold_per_floor":[111,131,143,153,153,179,189,0,68,68,68,68,87,87,87,190,190,190,190],"floor_reached":18,"language":"ZHS","playtime":1730,"items_purged":[],"score":162,"play_id":"6294110c-1a38-4266-a40b-022698fae3c8","local_time":"20210204181114","is_ascension_mode":false,"campfire_choices":[{"data":"HollowMod:AbyssShriek","floor":10,"key":"SMITH"},{"data":"HollowMod:MantisMark","floor":12,"key":"SMITH"},{"data":"HollowMod:CycloneSlash","floor":15,"key":"SMITH"}],"circlet_count":0,"master_deck":["HollowMod:NailStrikeStart","HollowMod:NailStrikeStart","HollowMod:NailStrikeStart","HollowMod:NailStrikeStart","HollowMod:QuickDashStart","HollowMod:QuickDashStart","HollowMod:QuickDashStart","HollowMod:QuickDashStart","HollowMod:FocusHealStart+1","HollowMod:PogoStrike","HollowMod:SiblingsSouls","HollowMod:AbyssShriek+1","HollowMod:CycloneSlash+1","HollowMod:MantisMark+1","HollowMod:BlackTendrils","HollowMod:WhiteLadysBlessing"],"relics":["HollowMod:VesselMask","Thread and Needle","MealTicket","Kunai","Hallownest:DreamNailRelic","aspiration:IroncladSkillbook"],"acts_visited":["Exordium","Hallownest:Greenpath"],"potions_floor_usage":[16,16],"damage_taken":[{"damage":2.0,"enemies":"Hallownest:2_MossCreeps","floor":1.0,"turns":4.0},{"damage":1.0,"enemies":"Hallownest:monsterHuskWarrior","floor":2.0,"turns":3.0},{"damage":12.0,"enemies":"Hallownest:monsterHuskGuard","floor":3.0,"turns":6.0},{"damage":4.0,"enemies":"Hallownest:2_Tiktiks_1_Baldur_1_Crawlid","floor":4.0,"turns":2.0},{"damage":11.0,"enemies":"Hallownest:eliteVengeflyKing","floor":6.0,"turns":5.0},{"damage":2,"enemies":"Hallownest:monsterFoolEater","floor":7,"turns":4},{"damage":2,"enemies":"Hallownest:1_Baldur_1_Crawlid_1_Warrior","floor":13,"turns":3},{"damage":88,"enemies":"Hallownest:BossHornet","floor":16,"turns":14},{"damage":11,"enemies":"Hallownest:2_Mistakes","floor":18,"turns":3}],"seed_played":"6672514530567436536","potions_obtained":[{"floor":1.0,"key":"Swift Potion"},{"floor":4.0,"key":"SteroidPotion"},{"floor":6.0,"key":"Strength Potion"},{"floor":13,"key":"Fire Potion"}],"is_trial":false,"path_per_floor":["M","M","M","M","?","E","M","?","T","R","$","R","M","?","R","B",null,"M"],"character_chosen":"THE_BUGKNIGHT","items_purchased":[],"campfire_rested":0,"item_purchase_floors":[],"current_hp_per_floor":[73,72,71,73,75,70,68,68,68,68,75,75,75,75,75,1,75,64,64],"gold":190,"neow_bonus":"UPGRADE_CARD","is_daily":false,"chose_seed":false,"campfire_upgraded":3,"win_rate":0.0,"timestamp":1612433474,"path_taken":["M","?","?","M","?","E","?","?","T","R","?","R","?","?","R","BOSS","M"],"items_purchased_type":[],"build_version":"2020-12-22","purchased_purges":0,"victory":false,"max_hp_per_floor":[75,75,75,75,75,75,75,75,75,75,75,75,75,75,75,75,75,75,75],"card_choices":[{"not_picked":["HollowMod:SoulSplash","HollowMod:NewJinnsSoul"],"picked":"HollowMod:SiblingsSouls","floor":1.0},{"not_picked":["HollowMod:CoiledNail","HollowMod:GrimmsGift"],"picked":"HollowMod:AbyssShriek","floor":2.0},{"not_picked":["HollowMod:BaldurShell","HollowMod:DreamGate"],"picked":"HollowMod:CycloneSlash","floor":3.0},{"not_picked":["HollowMod:MothsMistake","HollowMod:AbyssShriek","HollowMod:Grubsong"],"picked":"SKIP","floor":4.0},{"not_picked":["HollowMod:CoiledNail","HollowMod:MawleksShell"],"picked":"HollowMod:MantisMark","floor":6.0},{"not_picked":["HollowMod:SoulSplash","HollowMod:SharpenedShadows"],"picked":"HollowMod:BlackTendrils","floor":7},{"not_picked":["HollowMod:SiblingsSouls","HollowMod:SoulSplash","HollowMod:DoubleDash"],"picked":"SKIP","floor":13},{"not_picked":["HollowMod:RadiancesLament","HollowMod:Hiveblood"],"picked":"HollowMod:WhiteLadysBlessing","floor":16}],"player_experience":456864,"relics_obtained":[{"floor":6.0,"key":"Thread and Needle"},{"floor":9,"key":"Kunai"}],"event_choices":[],"is_beta":false,"boss_relics":[{"not_picked":["Snecko Eye","aspiration:WatcherSkillbook"],"picked":"aspiration:IroncladSkillbook"}],"items_purged_floors":[],"is_endless":false,"potions_floor_spawned":[1,4,6,13],"killed_by":"Hallownest:2_Mistakes","ascension_level":0}}