{"host":"hcg2wesxzfo46upw","time":1612471004,"event":{"mods":["2.2 Compatiblity","AchievementEnabler","Act Like it!","Aspiration","BaseMod","Beaked The Cultist","Better Altar","Better Match","Better Note","Better Sensory Stone","Better Skull","Better Third Choice","ChefMod","Clockwork Mod","Conspire","Downfall","Elementarium","Gensokyo","GifTheSpireLib","Glutton Mod","Hubris","Infinite Spire","Jedi Mod","Mad Scientist","Minty Spire (QoL Compilation)","Pale of the Ancients","Reliquary","Replay The Spire","Robot Space Explorer","Shade Mod","Spicy Shops","Spikes Relics","StSLib","Stuff the Spire","The Blackbeard","The Bug Knight","The Construct","The Cursed","The Death Knight","The Disciple","The Edgeheg","The Jungle","The Marked","The Necromancer","The Runesmith","Wandering Minibosses"],"gold_per_floor":[111,13,23,23,23,23,58,71,71,71,82,5,5,25,25,178,178,196,314,7,21,39,39,39,39,39,89,150,150,150,177,177,282,282,295,205,218,237,115,192,207,239,262,512,512,512,512,529,529,630,630,630,659,174,174,174],"floor_reached":57,"language":"ENG","playtime":5021,"items_purged":["Regret","TheCursedMod:Dregs"],"score":995,"play_id":"0bb958d7-4383-40a5-8197-c188122d4b2e","local_time":"20210204213644","is_ascension_mode":false,"campfire_choices":[{"data":"RobotSpaceExplorer:MiniDrones","floor":10,"key":"SMITH"},{"data":"RobotSpaceExplorer:FrostMissile","floor":15,"key":"SMITH"},{"data":"RobotSpaceExplorer:Blitz","floor":23,"key":"SMITH"},{"data":"ReplayTheSpireMod:Book of Names","floor":29,"key":"SMITH"},{"data":"RobotSpaceExplorer:Ammunition","floor":32,"key":"SMITH"},{"floor":45,"key":"REST"},{"data":"hubris:InfiniteBlow+11","floor":47,"key":"SMITH"}],"circlet_count":0,"master_deck":["RobotSpaceExplorer:Strike","RobotSpaceExplorer:Strike","RobotSpaceExplorer:Strike","RobotSpaceExplorer:Strike","RobotSpaceExplorer:Defend","RobotSpaceExplorer:Defend+1","RobotSpaceExplorer:Defend","RobotSpaceExplorer:Defend","RobotSpaceExplorer:Scan","RobotSpaceExplorer:MiniLasers","RobotSpaceExplorer:SwiftStep","RobotSpaceExplorer:StarLightning","RobotSpaceExplorer:MiniDrones+1","RobotSpaceExplorer:ScrapMissile","RobotSpaceExplorer:SurgingStrike","RobotSpaceExplorer:FrostMissile+1","RobotSpaceExplorer:StunGrenade","RobotSpaceExplorer:Blitz+1","RobotSpaceExplorer:SurgingShield+1","RobotSpaceExplorer:Ammunition+1","RobotSpaceExplorer:ScrapMissile+1","RobotSpaceExplorer:ShovelStrike","ReplayTheSpireMod:Book of Names+1","RobotSpaceExplorer:MiniDrones+1","RobotSpaceExplorer:SlimeMissile","RobotSpaceExplorer:Scanner","RobotSpaceExplorer:Autoloader","RobotSpaceExplorer:LuckyStrike","RobotSpaceExplorer:Fix+1","RobotSpaceExplorer:FranticSearch+1","RobotSpaceExplorer:LuckyStrike+1","RobotSpaceExplorer:ToxicBomb+1","RobotSpaceExplorer:FrostMissile+1","RobotSpaceExplorer:ChargingLaser","hubris:InfiniteBlow+12","RobotSpaceExplorer:GearShield","Poisoned Strike","Finesse","RobotSpaceExplorer:FranticSearch+1","RobotSpaceExplorer:DualCore+1","RobotSpaceExplorer:BlastShield","RobotSpaceExplorer:ShovelStrike+1"],"relics":["RobotSpaceExplorer:RoboCore","NeowsBlessing","hubris:MobiusCoin","Vajra","Anchor","StuffTheSpire:Nightcore","aspiration:EmptySkull","hubris:Icosahedron","hubris:RunicObelisk","MealTicket","Membership Card","reliquary:QuartzCube","hubris:Backtick","ReplayTheSpireMod:TigerMarble","HornCleat","Ginger","WarpedTongs","reliquary:TatteredRug","Black Star","Vajra","ReplayTheSpireMod:CursedCoin","StuffTheSpire:Gunfinga","hubris:Teleporter","reliquary:WeakTea","wanderingMiniBosses:Inkheart","Bottled Flame","Happy Flower","reliquary:Boomerang","Prayer Wheel","Philosopher\u0027s Stone","paleoftheancients:Timepiece","CultistMask","aspiration:HummingbirdHeart","SpikesRelics:DaevaFist","RobotSpaceExplorer:SlideRule","conspire:Dentures","hubris:SphereOfDissonance"],"acts_visited":["Exordium","TheCity","TheBeyond","TheBeyond"],"potions_floor_usage":[16,16,33,33,42,44,44,48],"damage_taken":[{"damage":0,"enemies":"Cultist","floor":1,"turns":1},{"damage":0,"enemies":"Jaw Worm","floor":3,"turns":1},{"damage":0,"enemies":"HollowMod:MossKnight","floor":7,"turns":1},{"damage":0,"enemies":"conspire:RoseBush","floor":8,"turns":2},{"damage":3,"enemies":"3 Louse","floor":11,"turns":2},{"damage":3,"enemies":"Blue Slaver","floor":14,"turns":2},{"damage":19,"enemies":"The Guardian","floor":16,"turns":10},{"damage":26,"enemies":"Spheric Guardian","floor":18,"turns":4},{"damage":12,"enemies":"3 Byrds","floor":19,"turns":5},{"damage":7,"enemies":"Cultist and Chosen","floor":21,"turns":5},{"damage":0,"enemies":"Snecko","floor":22,"turns":4},{"damage":0,"enemies":"Centurion and Healer","floor":28,"turns":3},{"damage":9,"enemies":"conspire:SneckoGhost","floor":31,"turns":5},{"damage":2,"enemies":"Collector","floor":33,"turns":5},{"damage":7,"enemies":"3 Darklings","floor":35,"turns":6},{"damage":0,"enemies":"3 Shapes","floor":37,"turns":3},{"damage":17,"enemies":"3 Darklings","floor":38,"turns":5},{"damage":0,"enemies":"beaked:SuperParasite","floor":40,"turns":5},{"damage":3,"enemies":"4 Shapes","floor":41,"turns":5},{"damage":24,"enemies":"HollowMod:StalkingDevout","floor":42,"turns":5},{"damage":0,"enemies":"infinitespire:Three Voidlings","floor":44,"turns":3},{"damage":54,"enemies":"Nightmare_Alpha","floor":44,"turns":11},{"damage":6,"enemies":"Jaw Worm Horde","floor":48,"turns":3},{"damage":19,"enemies":"Awakened One","floor":50,"turns":8},{"damage":79,"enemies":"Awakened One","floor":52,"turns":4},{"damage":0,"enemies":"conspire:MimicChest","floor":54,"turns":2},{"damage":0,"enemies":"conspire:MimicChest","floor":57,"turns":2}],"seed_played":"-7731195260619116381","potions_obtained":[{"floor":1,"key":"hexamod:SoulburnPotion"},{"floor":3,"key":"SpeedPotion"},{"floor":8,"key":"SneckoOil"},{"floor":11,"key":"PowerPotion"},{"floor":14,"key":"Milkshake"},{"floor":19,"key":"LifebloodPotion"},{"floor":24,"key":"RobotSpaceExplorer:RecyclePotion"},{"floor":31,"key":"DuplicationPotion"},{"floor":33,"key":"hexamod:SoulburnPotion"},{"floor":35,"key":"Elixir"},{"floor":40,"key":"Energy Potion"},{"floor":54,"key":"Swift Potion"}],"is_trial":false,"path_per_floor":["M","$","M","$","?","?","E","M","T","R","M","$","?","M","R","B",null,"M","M","$","M","M","R","?","AVR","T","?","M","R","?","E","R","B",null,"M","?","M","M","$","E","M","E","T","?","R","?","R","M","R","B",null,"M","?","$","M"],"character_chosen":"RobotSpaceExplorer","items_purchased":["RobotSpaceExplorer:StarLightning","aspiration:EmptySkull","Membership Card","reliquary:QuartzCube","RobotSpaceExplorer:Ammunition","reliquary:SculptingSteel","ReplayTheSpireMod:CursedCoin","StuffTheSpire:Gunfinga","RobotSpaceExplorer:LuckyStrike","SpikesRelics:DaevaFist","RobotSpaceExplorer:SlideRule","conspire:Dentures","DuplicationPotion","jedi:StrikingPotion","hubris:SphereOfDissonance","Block Potion"],"campfire_rested":1,"item_purchase_floors":[2,12,20,20,20,39,39,39,39,55,55,55,55,55,55,55],"current_hp_per_floor":[75,75,75,75,72,72,72,72,72,72,69,69,69,66,66,47,75,49,37,52,45,45,45,45,45,45,45,45,45,45,36,36,34,75,68,68,69,58,73,76,73,52,52,10,32,32,32,26,48,29,76,76,76,76,76,76],"gold":174,"neow_bonus":"THREE_ENEMY_KILL","is_daily":false,"chose_seed":false,"campfire_upgraded":6,"win_rate":0.0,"timestamp":1612471004,"path_taken":["M","$","M","?","?","?","E","?","T","R","M","$","?","M","R","BOSS","M","M","$","M","M","R","?","AVR","T","?","?","R","?","E","R","BOSS","M","?","?","?","$","E","M","E","T","?","R","?","R","M","R","BOSS","M","?","$","M"],"items_purchased_type":["Card","Relic","Relic","Relic","Card","Relic","Relic","Relic","Card","Relic","Relic","Relic","Potion","Potion","Relic","Potion"],"build_version":"2020-12-22","purchased_purges":2,"victory":false,"max_hp_per_floor":[75,75,75,75,75,75,75,75,75,75,75,75,75,75,75,75,75,75,75,75,75,75,75,75,75,75,75,75,75,75,75,75,75,75,75,75,76,76,76,76,76,76,76,76,76,76,76,76,76,76,76,76,76,76,76,76],"card_choices":[{"not_picked":["RobotSpaceExplorer:FranticSearch","RobotSpaceExplorer:ExhaustFan"],"picked":"RobotSpaceExplorer:SwiftStep","floor":1},{"not_picked":["RobotSpaceExplorer:Counterblock","RobotSpaceExplorer:FranticSearch"],"picked":"RobotSpaceExplorer:MiniDrones","floor":3},{"not_picked":["RobotSpaceExplorer:Pulsar","RobotSpaceExplorer:FreezeRay"],"picked":"RobotSpaceExplorer:ScrapMissile","floor":7},{"not_picked":["RobotSpaceExplorer:ScrapMissile","RobotSpaceExplorer:ScrapShield"],"picked":"RobotSpaceExplorer:SurgingStrike","floor":8},{"not_picked":["RobotSpaceExplorer:Probe","RobotSpaceExplorer:SurgingStrike"],"picked":"RobotSpaceExplorer:FrostMissile","floor":11},{"not_picked":["RobotSpaceExplorer:MetalStrike","RobotSpaceExplorer:SurgingStrike"],"picked":"RobotSpaceExplorer:StunGrenade","floor":14},{"not_picked":["RobotSpaceExplorer:Arsenal","RobotSpaceExplorer:Asteroid"],"picked":"RobotSpaceExplorer:Exploration","floor":16},{"not_picked":["RobotSpaceExplorer:SwiftStep","RobotSpaceExplorer:BigMissile"],"picked":"RobotSpaceExplorer:Blitz","floor":18},{"not_picked":["RobotSpaceExplorer:RigExplosive+1","RobotSpaceExplorer:ScrapToss"],"picked":"RobotSpaceExplorer:SurgingShield+1","floor":19},{"not_picked":["RobotSpaceExplorer:ImprovisedAttack","RobotSpaceExplorer:SurgingShield"],"picked":"RobotSpaceExplorer:ScrapMissile+1","floor":21},{"not_picked":["RobotSpaceExplorer:Ammunition","RobotSpaceExplorer:SwiftStep"],"picked":"RobotSpaceExplorer:ShovelStrike","floor":22},{"not_picked":["RobotSpaceExplorer:Probe+1","RobotSpaceExplorer:StarDust"],"picked":"RobotSpaceExplorer:SlimeMissile","floor":28},{"not_picked":["RobotSpaceExplorer:ScrapMissile","RobotSpaceExplorer:ShockKick"],"picked":"RobotSpaceExplorer:Scanner","floor":31},{"not_picked":["RobotSpaceExplorer:Wormhole","RobotSpaceExplorer:Scanner"],"picked":"RobotSpaceExplorer:Autoloader","floor":33},{"not_picked":["RobotSpaceExplorer:SurgingStrike+1","RobotSpaceExplorer:SurgingShield+1"],"picked":"RobotSpaceExplorer:LuckyStrike","floor":35},{"not_picked":["RobotSpaceExplorer:ScrapMissile","RobotSpaceExplorer:Counterblock"],"picked":"RobotSpaceExplorer:Fix+1","floor":37},{"not_picked":["RobotSpaceExplorer:SwiftStep+1","RobotSpaceExplorer:Probe"],"picked":"RobotSpaceExplorer:FranticSearch+1","floor":38},{"not_picked":["RobotSpaceExplorer:Electroshield","RobotSpaceExplorer:StarLightning"],"picked":"RobotSpaceExplorer:ToxicBomb+1","floor":40},{"not_picked":["RobotSpaceExplorer:JunkDive","RobotSpaceExplorer:FranticSearch"],"picked":"RobotSpaceExplorer:FrostMissile+1","floor":41},{"not_picked":["RobotSpaceExplorer:SurgingShield","RobotSpaceExplorer:Electroshield+1"],"picked":"RobotSpaceExplorer:ChargingLaser","floor":42},{"not_picked":["ReplayTheSpireMod:Haul","infinitespire:DeathsTouch"],"picked":"hubris:InfiniteBlow+11","floor":44},{"not_picked":["RobotSpaceExplorer:Electroshield+1","RobotSpaceExplorer:StunGrenade"],"picked":"RobotSpaceExplorer:GearShield","floor":44},{"not_picked":["Blind","Trip"],"picked":"Poisoned Strike","floor":46},{"not_picked":["Good Instincts","theEdgeheg:OkSo8"],"picked":"Finesse","floor":46},{"not_picked":["RobotSpaceExplorer:StunGrenade","RobotSpaceExplorer:ShovelStrike+1"],"picked":"RobotSpaceExplorer:FranticSearch+1","floor":48},{"not_picked":["RobotSpaceExplorer:FranticSearch+1","RobotSpaceExplorer:Counterblock"],"picked":"RobotSpaceExplorer:DualCore+1","floor":48},{"not_picked":["RobotSpaceExplorer:ChargingLaser","RobotSpaceExplorer:Arsenal"],"picked":"RobotSpaceExplorer:BlastShield","floor":50},{"not_picked":["RobotSpaceExplorer:SurgingShield","RobotSpaceExplorer:PowerGlove"],"picked":"RobotSpaceExplorer:ShovelStrike+1","floor":54}],"player_experience":264072,"relics_obtained":[{"floor":7,"key":"Anchor"},{"floor":9,"key":"StuffTheSpire:Nightcore"},{"floor":18,"key":"MealTicket"},{"floor":26,"key":"Ginger"},{"floor":31,"key":"reliquary:TatteredRug"},{"floor":40,"key":"hubris:Teleporter"},{"floor":40,"key":"reliquary:WeakTea"},{"floor":41,"key":"wanderingMiniBosses:Inkheart"},{"floor":42,"key":"Bottled Flame"},{"floor":42,"key":"Happy Flower"},{"floor":43,"key":"reliquary:Boomerang"},{"floor":44,"key":"Prayer Wheel"},{"floor":54,"key":"aspiration:HummingbirdHeart"}],"event_choices":[{"damage_healed":0,"gold_gain":0,"player_choice":"Box","damage_taken":0,"relics_obtained":["Vajra"],"max_hp_gain":0,"max_hp_loss":0,"event_name":"Big Fish","floor":6,"gold_loss":0,"cards_obtained":["Regret"]},{"damage_healed":0,"gold_gain":0,"player_choice":"Got Potions","damage_taken":0,"max_hp_gain":0,"max_hp_loss":0,"event_name":"Lab","floor":24,"gold_loss":0},{"damage_healed":0,"gold_gain":0,"player_choice":"Copied","damage_taken":0,"max_hp_gain":0,"max_hp_loss":0,"event_name":"Duplicator","floor":27,"gold_loss":0,"cards_obtained":["RobotSpaceExplorer:MiniDrones"]},{"damage_healed":0,"gold_gain":0,"player_choice":"Rummage","damage_taken":0,"relics_obtained":["WarpedTongs"],"max_hp_gain":0,"max_hp_loss":0,"event_name":"Accursed Blacksmith","floor":30,"gold_loss":0,"cards_obtained":["Pain"]},{"cards_removed":["Pain"],"damage_healed":0,"gold_gain":0,"player_choice":"Upgrade and Remove","damage_taken":0,"max_hp_gain":0,"max_hp_loss":0,"event_name":"Designer","floor":36,"gold_loss":90,"cards_upgraded":["RobotSpaceExplorer:Defend"]},{"damage_healed":0,"gold_gain":3,"player_choice":"1","damage_taken":0,"max_hp_gain":0,"max_hp_loss":0,"event_name":"betterStone:BetterStone","floor":46,"gold_loss":0}],"is_beta":false,"boss_relics":[{"not_picked":["StuffTheSpire:Kangaroo","aspiration:RunicSpoon"],"picked":"hubris:RunicObelisk"},{"not_picked":["reliquary:RedCape","beaked:SacredDeck"],"picked":"Black Star"},{"not_picked":["aspiration:SilentSkillbook","jedi:hotpepper"],"picked":"Philosopher\u0027s Stone"}],"items_purged_floors":[20,39],"is_endless":true,"potions_floor_spawned":[1,3,8,11,14,19,31,33,35,38,40,44,54],"killed_by":"conspire:MimicChest","ascension_level":0}}