{"host":"6yti76gw1x84gcsv","time":1612430543,"event":{"mods":["100% Spire Juice","2.2 Compatiblity","AchievementEnabler","Act Like it!","Aspiration","BaseMod","Beaked The Cultist","Better Altar","Better Sensory Stone","Better Silent Start","Better-Laid Plans","BetterRewards","Block Reminder","Bossed Relics","CapriCore","Colored Map","Colored Powertips","Conspire","Curses Come First","Displayed Cursed Tome","Downfall","Faster Ascension Climbing","Fox Events","Friendly Minions","GifTheSpireLib","Good Game Mod","Googly Eyes","GungeonMod","Hermit","HololiveMod","Hubris","Jess\u0027s Bottle","Lobotomy","Marked Mod","Minty Spire (QoL Compilation)","MostiFishMod","Pale of the Ancients","Permanent Neow","Potionbrewer","Prisma Mod","Reimu??????","Relic Filter Mod","Relic Stats","Reliquary","Replay The Spire","Shade Mod","Shop Mod","Smile Girya","Spire Arcade","StS++","StSLib","Synergy Search","The Construct","The Hierophant","The Immortal","The Jungle","The Mystic","The Runesmith","The Senshi","Uncapped","WarShipGirlsR/????R mod","Wide Potions"],"gold_per_floor":[109,126,126,146,164,164,189,139,139,147,125,142,142,162,162,267,267,279,322,12,27,43,78,78,95,95,95,107,107,117,152,152,253,253,268,278,278,289,303,322,334,368,368,368,382,75,91,126,126,126],"floor_reached":51,"language":"ENG","playtime":5047,"items_purged":[],"score":1034,"play_id":"49b45491-49c9-4f1f-81a5-9a1e34f301d5","local_time":"20210204042223","is_ascension_mode":false,"campfire_choices":[{"data":"BattleHymn","floor":6,"key":"SMITH"},{"floor":15,"key":"REST"},{"data":"InherentArray:ReiMu","floor":24,"key":"SMITH"},{"data":"Gathering:ReiMu","floor":27,"key":"SMITH"},{"data":"NineCharacters:ReiMu","floor":32,"key":"SMITH"},{"floor":44,"key":"RECALL"},{"data":"HakureiPhantom:ReiMu","floor":49,"key":"SMITH"}],"circlet_count":0,"master_deck":["Strike_Lin:ReiMu+1","Strike_Lin:ReiMu+1","Strike_Lin:ReiMu+1","Strike_Lin:ReiMu+1","Defend_Lin:ReiMu+1","Defend_Lin:ReiMu+1","Defend_Lin:ReiMu+1","NB:ReiMu+1","Stagnation:ReiMu+1","SubcavityInstant:ReiMu+1","Conquer:ReiMu+1","BattleHymn+1","BarrageOfMoneybags:ReiMu+1","Meditation:ReiMu+1","Gathering:ReiMu+1","FineLineFantasy:ReiMu+1","MountainWay:ReiMu+1","SpringWay:ReiMu+1","Amulet:ReiMu+1","Dreaming:ReiMu+1","InherentArray:ReiMu+1","NineCharacters:ReiMu+1","The Bomb+1","ReplayTheSpireMod:Private Reserves+1","TightArray:ReiMu+1","Mountainwind:ReiMu+1","UniversalSpiritual:ReiMu+1","Intuition:ReiMu+1","YinYangSange:ReiMu+1","PrepareRite:ReiMu+1","FantasyBorder:ReiMu+1","OrbThrow:ReiMu+1","PrayRite:ReiMu+1","AlertArray:ReiMu+1","UniversalSpiritual:ReiMu+1","Gathering:ReiMu+1","OrbThrow:ReiMu+1","OctopathBindingBorder2:ReiMu+1","FoulBorder2:ReiMu+1","OctopathBindingBorder2:ReiMu+1","Conquer:ReiMu+1","AirStrike:ReiMu+1","HakureiPhantom:ReiMu+1"],"relics":["DaveBox","REME:ComplimentaryCards","jessBottle:WaterBottleRelic","SynthV:TestCard","ImprovedEquipment","hubris:Towel","hubris:CuriousFeather","Unceasing Top","DemoMod:GlassGuonStoneRelic","OneHitWonderSystem","DemoMod:WhiteGuonStone","Bag of Marbles","Frozen Egg 2","hubris:Icosahedron","reliquary:RosewoodLute","hubris:GrandSneckoEye","Mark of the Bloom","Onion Ring","Quantum Egg","MerchantsRug","Pet Ghost"],"acts_visited":["Exordium","TheCity","TheBeyond"],"potions_floor_usage":[5,11,16,18,23],"damage_taken":[{"damage":3,"enemies":"Small Slimes","floor":1,"turns":4},{"damage":0,"enemies":"2 Louse","floor":2,"turns":3},{"damage":0,"enemies":"Cultist","floor":4,"turns":3},{"damage":0,"enemies":"Large Slime","floor":5,"turns":4},{"damage":21,"enemies":"3 Sentries","floor":7,"turns":4},{"damage":0,"enemies":"Looter","floor":10,"turns":2},{"damage":26,"enemies":"Exordium Thugs","floor":11,"turns":3},{"damage":10,"enemies":"Red Slaver","floor":12,"turns":3},{"damage":0,"enemies":"Gremlin Gang","floor":14,"turns":3},{"damage":0,"enemies":"Slime Boss","floor":16,"turns":7},{"damage":0,"enemies":"2 Thieves","floor":18,"turns":3},{"damage":0,"enemies":"conspire:MimicChest","floor":19,"turns":6},{"damage":0,"enemies":"3 Byrds","floor":21,"turns":5},{"damage":0,"enemies":"conspire:HollyBat","floor":22,"turns":7},{"damage":0,"enemies":"Book of Stabbing","floor":23,"turns":5},{"damage":0,"enemies":"Sentry and Sphere","floor":25,"turns":3},{"damage":0,"enemies":"Centurion and Healer","floor":28,"turns":3},{"damage":0,"enemies":"Chosen and Byrds","floor":30,"turns":4},{"damage":0,"enemies":"conspire:Head Lice","floor":31,"turns":4},{"damage":0,"enemies":"conspire:MysteriousRune","floor":33,"turns":7},{"damage":0,"enemies":"Orb Walker","floor":35,"turns":3},{"damage":0,"enemies":"3 Shapes","floor":36,"turns":4},{"damage":0,"enemies":"Sphere and 2 Shapes","floor":38,"turns":4},{"damage":0,"enemies":"Transient","floor":39,"turns":5},{"damage":0,"enemies":"3 Darklings","floor":40,"turns":3},{"damage":0,"enemies":"Maw","floor":41,"turns":4},{"damage":0,"enemies":"R_Hoarder","floor":42,"turns":4},{"damage":0,"enemies":"Transient","floor":45,"turns":5},{"damage":0,"enemies":"Jaw Worm Horde","floor":47,"turns":2},{"damage":0,"enemies":"Reptomancer","floor":48,"turns":4},{"damage":0,"enemies":"Donu and Deca","floor":50,"turns":6}],"seed_played":"-5421337866627302986","potions_obtained":[{"floor":2,"key":"AttackPotion"},{"floor":7,"key":"PinkPotion:ReiMu"},{"floor":12,"key":"Energy Potion"},{"floor":14,"key":"potionbrewer:SplittingPotion"},{"floor":16,"key":"AttackPotion"},{"floor":18,"key":"StSpp:SecondWindPotion"},{"floor":19,"key":"potionbrewer:ToxicPotion"},{"floor":30,"key":"StSpp:ScatteredWeakPotion"},{"floor":40,"key":"potionbrewer:BarricadePotion"},{"floor":47,"key":"potionbrewer:BoundlessPotion"}],"is_trial":false,"path_per_floor":["M","M","?","M","M","R","E","?","T","M","M","M","?","M","R","B",null,"M","?","$","M","M","E","R","M","T","R","M","?","M","E","R","B",null,"M","M","?","M","M","M","M","E","T","R","M","$","M","E","R","B",null],"character_chosen":"REIMU","items_purchased":["The Bomb","ReplayTheSpireMod:Private Reserves","TightArray:ReiMu","MerchantsRug","Pet Ghost"],"campfire_rested":1,"item_purchase_floors":[20,20,20,46,46],"current_hp_per_floor":[62,62,62,62,62,62,41,41,41,41,15,5,5,5,24,24,1,1,1,1,1,1,1,1,1,1,1,1,1,1,1,1,1,1,1,1,1,1,1,1,1,1,1,1,1,1,1,1,1,1],"gold":126,"neow_bonus":"BOSS_RELIC","is_daily":false,"chose_seed":false,"campfire_upgraded":5,"win_rate":0.0,"timestamp":1612430543,"path_taken":["M","M","?","M","M","R","E","?","T","M","M","M","?","?","R","BOSS","M","?","?","?","?","E","R","M","T","R","M","?","M","E","R","BOSS","M","M","?","M","M","M","M","E","T","R","M","$","M","E","R","BOSS"],"items_purchased_type":["Card","Card","Card","Relic","Relic"],"build_version":"2020-12-22","purchased_purges":0,"victory":true,"max_hp_per_floor":[65,65,65,65,65,65,65,65,65,65,65,65,65,65,65,65,1,1,1,1,1,1,1,1,1,1,1,1,1,1,1,1,1,1,1,1,1,1,1,1,1,1,1,1,1,1,1,1,1,1],"relic_stats":{"Mark of the Bloom":0,"counters":[31,127],"obtain_stats":[{"MerchantsRug":46,"Mark of the Bloom":37,"DaveBox":0,"ImprovedEquipment":2,"Quantum Egg":43,"DemoMod:GlassGuonStoneRelic":2,"hubris:Towel":3,"DemoMod:WhiteGuonStone":19,"Frozen Egg 2":26,"reliquary:RosewoodLute":31,"Pet Ghost":46,"REME:ComplimentaryCards":0,"SynthV:TestCard":1,"hubris:Icosahedron":29,"Onion Ring":42,"hubris:CuriousFeather":7,"Bag of Marbles":23,"hubris:GrandSneckoEye":34,"OneHitWonderSystem":17,"FlyPower:ReiMu":0,"jessBottle:WaterBottleRelic":0,"Unceasing Top":9},{"MerchantsRug":28,"Mark of the Bloom":22,"DaveBox":0,"ImprovedEquipment":2,"Quantum Egg":27,"DemoMod:GlassGuonStoneRelic":2,"hubris:Towel":2,"DemoMod:WhiteGuonStone":12,"Frozen Egg 2":16,"reliquary:RosewoodLute":19,"Pet Ghost":28,"REME:ComplimentaryCards":0,"SynthV:TestCard":1,"hubris:Icosahedron":17,"Onion Ring":27,"hubris:CuriousFeather":5,"Bag of Marbles":15,"hubris:GrandSneckoEye":20,"OneHitWonderSystem":10,"FlyPower:ReiMu":0,"jessBottle:WaterBottleRelic":0,"Unceasing Top":5},{"MerchantsRug":115,"Mark of the Bloom":90,"DaveBox":0,"ImprovedEquipment":7,"Quantum Egg":110,"DemoMod:GlassGuonStoneRelic":7,"hubris:Towel":7,"DemoMod:WhiteGuonStone":45,"Frozen Egg 2":65,"reliquary:RosewoodLute":76,"Pet Ghost":115,"REME:ComplimentaryCards":0,"SynthV:TestCard":4,"hubris:Icosahedron":68,"Onion Ring":110,"hubris:CuriousFeather":18,"Bag of Marbles":62,"hubris:GrandSneckoEye":83,"OneHitWonderSystem":36,"FlyPower:ReiMu":0,"jessBottle:WaterBottleRelic":0,"Unceasing Top":18}],"Unceasing Top":[112]},"card_choices":[{"not_picked":["AirManeuver:ReiMu","SafetyPray:ReiMu"],"picked":"SubcavityInstant:ReiMu","floor":1},{"not_picked":["Enchanting:ReiMu","ManaGlint:ReiMu","SubcavityInstant:ReiMu","WonderfulDomain:ReiMu"],"picked":"Conquer:ReiMu","floor":2},{"not_picked":["PhosphorusFlame:ReiMu","CareerPray:ReiMu","PayForSelf:ReiMu","Intuition:ReiMu"],"picked":"BarrageOfMoneybags:ReiMu","floor":4},{"not_picked":["OrbThrow:ReiMu","SpreadBorder2:ReiMu","FoulBorder2:ReiMu","FantasyBorder:ReiMu"],"picked":"Meditation:ReiMu","floor":5},{"not_picked":["AirStrike:ReiMu","AirManeuver:ReiMu","ShadowOfCrow2:ReiMu","Intuition:ReiMu"],"picked":"Gathering:ReiMu","floor":7},{"not_picked":["SubAcupoint:ReiMu","DoubleButterfly:ReiMu","SafetyPray:ReiMu","Conquer:ReiMu"],"picked":"FineLineFantasy:ReiMu","floor":10},{"not_picked":["OrbThrow:ReiMu","CareerPray:ReiMu","TightArray:ReiMu","SubAcupoint:ReiMu"],"picked":"MountainWay:ReiMu","floor":11},{"not_picked":["OrbThrow:ReiMu","Gathering:ReiMu","Enchanting:ReiMu","MountainWay:ReiMu"],"picked":"SpringWay:ReiMu","floor":12},{"not_picked":["MikOfLucky:ReiMu","SpringWay:ReiMu","PassingAway:ReiMu","KamiSacrifice:ReiMu"],"picked":"Amulet:ReiMu","floor":14},{"not_picked":["Free:ReiMu","KamiRite:ReiMu","CardOfSanctity:ReiMu","RunawayExorcism:ReiMu"],"picked":"Dreaming:ReiMu","floor":16},{"not_picked":["Intuition:ReiMu","SafetyPray:ReiMu","Conquer:ReiMu+1","EmergencyTakeOff:ReiMu"],"picked":"InherentArray:ReiMu","floor":18},{"not_picked":["AlertArray:ReiMu","YinYangSange:ReiMu","PayForSelf:ReiMu","SpringWay:ReiMu"],"picked":"NineCharacters:ReiMu","floor":19},{"not_picked":["WonderfulDomain:ReiMu","TakeOff:ReiMu","Determination:ReiMu","ManaGlint:ReiMu+1"],"picked":"Mountainwind:ReiMu","floor":21},{"not_picked":["Intuition:ReiMu","AlertArray:ReiMu+1","BarrageOfMoneybags:ReiMu","Meditation:ReiMu"],"picked":"UniversalSpiritual:ReiMu","floor":22},{"not_picked":["OrbThrow:ReiMu","Conquer:ReiMu","Enchanting:ReiMu","FantasyMoon:ReiMu"],"picked":"Intuition:ReiMu","floor":23},{"not_picked":["Intuition:ReiMu","CareerPray:ReiMu","SpreadBorder2:ReiMu","SubAcupoint:ReiMu"],"picked":"YinYangSange:ReiMu","floor":25},{"not_picked":["TightArray:ReiMu","SpringWay:ReiMu+1","OrbThrow:ReiMu","KamiRite:ReiMu"],"picked":"PrepareRite:ReiMu","floor":28},{"not_picked":["PhosphorusFlame:ReiMu","WonderfulDomain:ReiMu","UniversalSpiritual:ReiMu+1","UpKicking:ReiMu"],"picked":"FantasyBorder:ReiMu+1","floor":30},{"not_picked":["SpreadBorder2:ReiMu","AlertArray:ReiMu+1","AirManeuver:ReiMu","MountainWay:ReiMu"],"picked":"OrbThrow:ReiMu","floor":31},{"not_picked":["KamiRite:ReiMu","Shading:ReiMu","BlastKick2:ReiMu","RunawayExorcism:ReiMu"],"picked":"PrayRite:ReiMu","floor":33},{"not_picked":["Conquer:ReiMu","PayForSelf:ReiMu+1","SafetyPray:ReiMu","EmergencyTakeOff:ReiMu"],"picked":"AlertArray:ReiMu+1","floor":35},{"not_picked":["Enchanting:ReiMu+1","Meditation:ReiMu+1","Conquer:ReiMu","PhosphorusFlame:ReiMu"],"picked":"UniversalSpiritual:ReiMu+1","floor":36},{"not_picked":["SpreadBorder2:ReiMu","CleanRite:ReiMu","KamiSacrifice:ReiMu+1","CareerPray:ReiMu"],"picked":"Gathering:ReiMu+1","floor":38},{"not_picked":["EmergencyTakeOff:ReiMu","PrepareRite:ReiMu+1","SpreadBorder2:ReiMu+1","Intuition:ReiMu"],"picked":"OrbThrow:ReiMu+1","floor":39},{"not_picked":["PrepareRite:ReiMu+1","UpKicking:ReiMu","AlertArray:ReiMu+1","UniversalSpiritual:ReiMu+1"],"picked":"OctopathBindingBorder2:ReiMu+1","floor":40},{"not_picked":["EmergencyTakeOff:ReiMu","Conquer:ReiMu","SafetyPray:ReiMu+1","OrbThrow:ReiMu"],"picked":"FoulBorder2:ReiMu+1","floor":41},{"not_picked":["TightArray:ReiMu","PhosphorusFlame:ReiMu","Gathering:ReiMu+1","CareerPray:ReiMu+1"],"picked":"OctopathBindingBorder2:ReiMu+1","floor":42},{"not_picked":["Enchanting:ReiMu+1","WonderfulDomain:ReiMu+1","Intuition:ReiMu+1","KamiSacrifice:ReiMu+1"],"picked":"Conquer:ReiMu+1","floor":45},{"not_picked":["NineCharacters:ReiMu+1","SpreadBorder2:ReiMu","SubAcupoint:ReiMu","SubcavityInstant:ReiMu"],"picked":"AirStrike:ReiMu+1","floor":47},{"not_picked":["PhosphorusFlame:ReiMu","SubAcupoint:ReiMu","Conquer:ReiMu","AirStrike:ReiMu"],"picked":"HakureiPhantom:ReiMu","floor":48}],"player_experience":174264,"relics_obtained":[{"floor":1,"key":"SynthV:TestCard"},{"floor":7,"key":"hubris:CuriousFeather"},{"floor":9,"key":"Unceasing Top"},{"floor":19,"key":"DemoMod:WhiteGuonStone"},{"floor":23,"key":"Bag of Marbles"},{"floor":26,"key":"Frozen Egg 2"},{"floor":31,"key":"reliquary:RosewoodLute"},{"floor":42,"key":"Onion Ring"},{"floor":43,"key":"Quantum Egg"}],"event_choices":[{"cards_removed":["Defend_Lin:ReiMu"],"damage_healed":0,"gold_gain":0,"player_choice":"Card Removal","damage_taken":0,"max_hp_gain":0,"max_hp_loss":0,"event_name":"The Cleric","floor":8,"gold_loss":50},{"damage_healed":0,"gold_gain":0,"player_choice":"Upgraded","damage_taken":0,"max_hp_gain":0,"max_hp_loss":0,"event_name":"Upgrade Shrine","floor":13,"gold_loss":0,"cards_upgraded":["MountainWay:ReiMu"]},{"damage_healed":0,"gold_gain":0,"player_choice":"Upgrade","damage_taken":0,"relics_obtained":["Mark of the Bloom"],"max_hp_gain":0,"max_hp_loss":0,"event_name":"MindBloom","floor":37,"gold_loss":0,"cards_upgraded":["Strike_Lin:ReiMu","Strike_Lin:ReiMu","Strike_Lin:ReiMu","Strike_Lin:ReiMu","Defend_Lin:ReiMu","Defend_Lin:ReiMu","Defend_Lin:ReiMu","NB:ReiMu","Stagnation:ReiMu","SubcavityInstant:ReiMu","Conquer:ReiMu","BarrageOfMoneybags:ReiMu","Meditation:ReiMu","FineLineFantasy:ReiMu","SpringWay:ReiMu","Amulet:ReiMu","Dreaming:ReiMu","The Bomb","ReplayTheSpireMod:Private Reserves","TightArray:ReiMu","Mountainwind:ReiMu","UniversalSpiritual:ReiMu","Intuition:ReiMu","YinYangSange:ReiMu","PrepareRite:ReiMu","OrbThrow:ReiMu","PrayRite:ReiMu"]}],"is_beta":false,"boss_relics":[{"not_picked":["conspire:RunicOctahedron","BloodWine"],"picked":"OneHitWonderSystem"},{"not_picked":["SacredBark","Runesmith:UraniumAnvil"],"picked":"hubris:GrandSneckoEye"}],"items_purged_floors":[],"is_endless":false,"potions_floor_spawned":[2,7,12,14,16,18,19,30,33,35,40,41,45,47,48],"ascension_level":0}}