{"host":"b9id4afcchnn1rfb","time":1612447982,"event":{"mods":["Act Like it!","BaseMod","Better Note","Colored Map","Colored Powertips","Hallownest","Hermit","Infinite Spire","Minty Spire (QoL Compilation)","StSLib","SuperFastMode","The Death Knight","The Necromancer"],"gold_per_floor":[112,124,124,144,156,156,156],"floor_reached":6,"language":"ENG","playtime":159,"items_purged":[],"score":57,"play_id":"aa6a49d2-d633-4965-a145-2d1a69d7351e","local_time":"20210204151302","is_ascension_mode":true,"campfire_choices":[],"circlet_count":0,"master_deck":["AscendersBane","Strike_B","Strike_B","Strike_B","Strike_B","Defend_B","Defend_B","Defend_B","Defend_B","Zap","Dualcast","CurseOfTheBell","Coolheaded","Consume+1","Sweeping Beam","Lockon"],"relics":["Calling Bell","Pantograph","Calipers","Bronze Scales"],"acts_visited":["Exordium"],"potions_floor_usage":[5],"damage_taken":[{"damage":1,"enemies":"Cultist","floor":1,"turns":4},{"damage":11,"enemies":"Small Slimes","floor":2,"turns":4},{"damage":7,"enemies":"Jaw Worm","floor":4,"turns":4},{"damage":12,"enemies":"Exordium Wildlife","floor":5,"turns":6},{"damage":42,"enemies":"Gremlin Nob","floor":6,"turns":4}],"seed_played":"8023675551703420124","potions_obtained":[{"floor":4,"key":"SkillPotion"}],"is_trial":false,"path_per_floor":["M","M","?","M","M","E"],"character_chosen":"DEFECT","items_purchased":[],"campfire_rested":0,"item_purchase_floors":[],"current_hp_per_floor":[67,56,56,49,37,0,0],"gold":156,"neow_bonus":"BOSS_RELIC","is_daily":false,"chose_seed":false,"campfire_upgraded":0,"win_rate":0.0,"timestamp":1612447982,"path_taken":["M","?","?","M","M","E"],"items_purchased_type":[],"build_version":"2020-12-22","purchased_purges":0,"victory":false,"max_hp_per_floor":[75,75,75,75,75,75,75],"card_choices":[{"not_picked":["Skim","Rebound"],"picked":"Coolheaded","floor":1},{"not_picked":["Double Energy","Coolheaded"],"picked":"Consume","floor":2},{"not_picked":["FTL","Gash"],"picked":"Sweeping Beam","floor":4},{"not_picked":["Steam","Hologram"],"picked":"Lockon","floor":5}],"player_experience":483802,"relics_obtained":[{"floor":0,"key":"Pantograph"},{"floor":0,"key":"Calipers"},{"floor":0,"key":"Bronze Scales"}],"event_choices":[{"damage_healed":0,"gold_gain":0,"player_choice":"Upgraded","damage_taken":0,"max_hp_gain":0,"max_hp_loss":0,"event_name":"Upgrade Shrine","floor":3,"gold_loss":0,"cards_upgraded":["Consume"]}],"is_beta":false,"boss_relics":[],"items_purged_floors":[],"is_endless":false,"potions_floor_spawned":[4],"killed_by":"Gremlin Nob","ascension_level":10}}