{"host":"s2ygc4jgfm0lziqy","time":1612476374,"event":{"mods":["2.2 Compatiblity","BaseMod","Bestiary","Colored Map","Highlight Path","Minty Spire (QoL Compilation)","Replay The Spire","StSLib","Weighted Paths"],"gold_per_floor":[113,128,145,159,171,171,182,214,237,248,18,18,53,65,65,167,167,167],"floor_reached":17,"language":"ENG","playtime":1059,"items_purged":["Strike_G"],"score":171,"play_id":"b43240f7-997c-490e-8562-a79b514f21e4","local_time":"20210204220614","is_ascension_mode":false,"campfire_choices":[{"data":"Blade Dance","floor":6,"key":"SMITH"},{"floor":12,"key":"REST"},{"data":"Replay:Poison Smokescreen","floor":15,"key":"SMITH"}],"circlet_count":0,"master_deck":["Strike_G","Strike_G","Strike_G","Strike_G","Defend_G","Defend_G","Defend_G","Defend_G","Defend_G","Survivor","Neutralize","Sucker Punch","Blade Dance+1","Backflip","Caltrops","Poisoned Stab","Blur","Poison Darts","Reflex","Hidden Blade","Replay:Poison Smokescreen+1","Die Die Die"],"relics":["Ring of the Snake","ReplayTheSpireMod:Shallot","Blood Vial","Regal Pillow","Iron Hammer","Ring of Chaos"],"acts_visited":["Exordium","TheCity"],"potions_floor_usage":[],"damage_taken":[{"damage":0,"enemies":"Small Slimes","floor":1,"turns":5},{"damage":1,"enemies":"Cultist","floor":2,"turns":4},{"damage":0,"enemies":"Jaw Worm","floor":3,"turns":4},{"damage":4,"enemies":"Blue Slaver","floor":4,"turns":5},{"damage":5,"enemies":"2 Fungi Beasts","floor":5,"turns":4},{"damage":6,"enemies":"Large Slime","floor":7,"turns":4},{"damage":49,"enemies":"3 Sentries","floor":8,"turns":11},{"damage":0,"enemies":"Exordium Thugs","floor":10,"turns":5},{"damage":2,"enemies":"Gremlin Nob","floor":13,"turns":4},{"damage":0,"enemies":"2 Fungi Beasts","floor":14,"turns":3},{"damage":66,"enemies":"Fading Forest","floor":16,"turns":11}],"seed_played":"701399842512452140","potions_obtained":[{"floor":1,"key":"SneckoOil"},{"floor":5,"key":"Swift Potion"},{"floor":7,"key":"Energy Potion"},{"floor":10,"key":"Languid Potion"}],"is_trial":false,"path_per_floor":["M","M","M","M","M","R","M","E","T","M","$","R","E","M","R","B",null],"character_chosen":"THE_SILENT","items_purchased":["Regal Pillow"],"campfire_rested":1,"item_purchase_floors":[11],"current_hp_per_floor":[77,76,76,72,67,67,61,12,12,14,14,52,52,54,54,10,77,77],"gold":167,"neow_bonus":"TEN_PERCENT_HP_BONUS","is_daily":false,"chose_seed":false,"campfire_upgraded":2,"win_rate":0.0,"timestamp":1612476374,"path_taken":["M","M","M","M","M","R","M","E","T","M","$","R","E","M","R","BOSS"],"items_purchased_type":["Relic"],"build_version":"2020-12-22","purchased_purges":1,"victory":false,"max_hp_per_floor":[77,77,77,77,77,77,77,77,77,77,77,77,77,77,77,77,77,77],"card_choices":[{"not_picked":["Crippling Poison","Distraction"],"picked":"Sucker Punch","floor":1},{"not_picked":["ReplayTheSpireMod:Tripwire","Sucker Punch"],"picked":"Blade Dance","floor":2},{"not_picked":["ReplayTheSpireMod:Tripwire","Calculated Gamble"],"picked":"Backflip","floor":3},{"not_picked":["Skewer","Acrobatics"],"picked":"Caltrops","floor":4},{"not_picked":["Slice","Flying Knee"],"picked":"Poisoned Stab","floor":5},{"not_picked":["Calculated Gamble","Prepared"],"picked":"Blur","floor":7},{"not_picked":["Eviscerate","Bullet Time"],"picked":"Poison Darts","floor":8},{"not_picked":["Finisher","PiercingWail"],"picked":"Reflex","floor":10},{"not_picked":["Bouncing Flask","Poisoned Stab"],"picked":"Hidden Blade","floor":13},{"not_picked":["Backflip","Wraith Form v2"],"picked":"Replay:Poison Smokescreen","floor":14},{"not_picked":["Poison Darts","Night Terror"],"picked":"Die Die Die","floor":16}],"player_experience":504,"relics_obtained":[{"floor":8,"key":"ReplayTheSpireMod:Shallot"},{"floor":9,"key":"Blood Vial"},{"floor":13,"key":"Iron Hammer"}],"event_choices":[],"is_beta":false,"boss_relics":[{"not_picked":["Replay:Wanted Poster","Black Star"],"picked":"Ring of Chaos"}],"items_purged_floors":[11],"is_endless":false,"potions_floor_spawned":[1,5,7,8,10],"ascension_level":0}}