{"host":"4ih4fq53sefgqhvb","time":1612397199,"event":{"mods":["AchievementEnabler","Aspiration","Bard","BaseMod","BetterRewards","Colored Map","Colored Powertips","Conspire","Downfall","Googly Eyes","Hermit","Highlight Path","Hubris","Infinite Spire","Jedi Mod","Jorbs\u0027s Wanderer Trilogy","Marisa????????","Mimic Mod","Minty Spire (QoL Compilation)","Quick Restart","Relic Stats","Replay The Spire","Shop Mod","StSLib","The Animator","The Cursed","The Disciple","The Jungle","The Runesmith","The Servant 0.9.4"],"gold_per_floor":[99,117,117,132,145,156,156,167,1,1,15,35,35,68,82,82,82,82],"floor_reached":16,"language":"ENG","playtime":966,"items_purged":[],"score":106,"play_id":"352d1b3f-307d-4b18-a5c3-de6788aa8393","local_time":"20210203160639","is_ascension_mode":false,"campfire_choices":[{"floor":1,"key":"RECALL"},{"data":"champ:FancyFootwork","floor":10,"key":"SMITH"},{"floor":13,"key":"REST"}],"circlet_count":0,"master_deck":["champ:Strike","champ:Strike","champ:Strike","champ:Strike","champ:Defend","champ:Defend","champ:Defend","champ:Defend","champ:Execute","champ:Taunt+1","jedi:forcepush+1","champ:PerfectedStrike+1","Delirium","champ:IronFortress+1","champ:BerserkersShout","champ:PerfectedStrike","champ:RisingSlash","champ:FancyFootwork+1","champ:ArenaPreparation","champ:StanceDance","champ:SteelEdge","champ:DeathBlow"],"relics":["champ:ChampionCrown","Guide Book","Meat on the Bone"],"acts_visited":["Exordium"],"potions_floor_usage":[9,11,16],"damage_taken":[{"damage":11,"enemies":"Cultist","floor":2,"turns":4},{"damage":22,"enemies":"infinitespire:Voidling","floor":4,"turns":3},{"damage":0,"enemies":"conspire:RoseBush","floor":5,"turns":2},{"damage":43,"enemies":"Gremlin Gang","floor":6,"turns":5},{"damage":14,"enemies":"2 Fungi Beasts","floor":8,"turns":3},{"damage":33,"enemies":"downfall:FleeingMerchant","floor":9,"turns":4},{"damage":0,"enemies":"3 Louse","floor":11,"turns":2},{"damage":27,"enemies":"Blue Slaver","floor":12,"turns":2},{"damage":55,"enemies":"3 Sentries","floor":14,"turns":5},{"damage":0,"enemies":"2 Fungi Beasts","floor":15,"turns":2},{"damage":91,"enemies":"WA_ARCHETYPE_RETAIN","floor":16,"turns":6}],"seed_played":"1842113869234063989","potions_obtained":[{"floor":5,"key":"EssenceOfSteel"},{"floor":8,"key":"AttackPotion"},{"floor":11,"key":"ColorlessPotion"},{"floor":15,"key":"Dexterity Potion"}],"is_trial":false,"path_per_floor":["R_BF","M","?","M","M","M","T","M","$","R","M","M","R","E","M","B"],"character_chosen":"THE_CHAMP","items_purchased":["Guide Book"],"campfire_rested":1,"item_purchase_floors":[9],"current_hp_per_floor":[90,89,89,81,81,68,68,64,61,61,61,49,76,61,61,0,0,0],"gold":82,"neow_bonus":"RANDOM_COLORLESS","is_daily":false,"chose_seed":false,"campfire_upgraded":1,"win_rate":0.0,"timestamp":1612397199,"path_taken":["R_BF","M","?","M","M","M","T","?","?","R","M","M","R","E","M","BOSS"],"items_purchased_type":["Relic"],"build_version":"2020-12-22","purchased_purges":0,"victory":false,"max_hp_per_floor":[90,90,90,90,90,90,90,90,90,90,90,90,90,90,90,90,90,90],"relic_stats":{"counters":[11,38],"obtain_stats":[{"Guide Book":9,"champ:ChampionCrown":0,"Meat on the Bone":14},{"Guide Book":6,"champ:ChampionCrown":0,"Meat on the Bone":9},{"Guide Book":21,"champ:ChampionCrown":0,"Meat on the Bone":30}],"Meat on the Bone":0},"card_choices":[{"not_picked":["hubris:Ssssneak","ReplayTheSpireMod:Uncanny Aura"],"picked":"jedi:forcepush","floor":0},{"not_picked":["champ:SetATrap","champ:Lariat"],"picked":"champ:PerfectedStrike","floor":2},{"not_picked":["champ:Encircle","champ:HeartStrike"],"picked":"champ:IronFortress","floor":4},{"not_picked":["champ:SkillfulDodge","champ:FaceSlap"],"picked":"champ:BerserkersShout","floor":5},{"not_picked":["champ:DefensiveShout","champ:ShieldSigil"],"picked":"champ:PerfectedStrike","floor":6},{"not_picked":["champ:BladeFlurry","champ:Circumvent"],"picked":"champ:RisingSlash","floor":8},{"not_picked":["champ:DeathBlow","champ:CrownThrow"],"picked":"champ:FancyFootwork","floor":9},{"not_picked":["champ:CrownThrow","champ:ViciousMockery"],"picked":"champ:ArenaPreparation","floor":11},{"not_picked":["champ:FlashCut","champ:RageSigil"],"picked":"champ:StanceDance","floor":12},{"not_picked":["champ:RageSigil","champ:BerserkersShout"],"picked":"champ:SteelEdge","floor":14},{"not_picked":["champ:CrownThrow","champ:PreciseThrust"],"picked":"champ:DeathBlow","floor":15}],"player_experience":967168,"relics_obtained":[{"floor":14,"key":"Meat on the Bone"}],"event_choices":[],"is_beta":false,"boss_relics":[],"items_purged_floors":[],"is_endless":false,"potions_floor_spawned":[5,8,11,15],"killed_by":"WA_ARCHETYPE_RETAIN","ascension_level":0}}