{"host":"ywbsnexmk111etbw","time":1612397132,"event":{"mods":["100% Spire Juice","Act Like it!","Arknights","BaseMod","Beaked The Cultist","Colored Powertips","Conspire","Curses Come First","Fireblade Mod","Fox Events","Hubris","Infinite Spire","Jorbs\u0027s Wanderer Trilogy","Marisa????????","Minty Spire (QoL Compilation)","Pale of the Ancients","Permanent Neow","Replay The Spire","Reworked Bosses","Robot Space Explorer","StSLib","The Blackbeard","The Bladedancer","The Cursed","The Dragon Tamer","The Marked","The Mystic","The Necromancer","The Saiyan","Wandering Minibosses"],"gold_per_floor":[113,125,125,137,137,163,163,15,83,125,125,125,162,186,186,300,300,318,135,143,143],"floor_reached":20,"language":"ENG","playtime":883,"items_purged":[],"score":226,"play_id":"0b8e4a7e-0c6e-4c76-9087-3e10cbef7eff","local_time":"20210203190532","is_ascension_mode":true,"campfire_choices":[{"data":"beaked:Poke","floor":7,"key":"SMITH"},{"floor":12,"key":"REST"},{"floor":15,"key":"REST"}],"circlet_count":0,"master_deck":["beaked:Strike_Y","beaked:Strike_Y","beaked:Strike_Y","beaked:Strike_Y","beaked:Strike_Y","beaked:Strike_Y","beaked:Defend_Y","beaked:Defend_Y","beaked:Defend_Y","beaked:Defend_Y","beaked:Ceremony+1","beaked:Ceremony","beaked:Ceremony","beaked:FeelMyPain","beaked:Poke+1","beaked:FakeOut","beaked:AwakenedForm","beaked:BraceForImpact","beaked:Brace","ReplayTheSpireMod:Brewmster"],"relics":["beaked:MendingPlumage","hubris:CuriousFeather","hubris:EmptyBottle","infinitespire:Midas Blood","beaked:ThroatLozenge","StoneCalendar","Ring of Chaos"],"acts_visited":["Exordium","TheCity"],"potions_floor_usage":[6,6,6,10,10,20,20,20],"damage_taken":[{"damage":1,"enemies":"Cultist","floor":1,"turns":4},{"damage":4,"enemies":"conspire:RoseBush","floor":2,"turns":4},{"damage":2,"enemies":"Small Slimes","floor":4,"turns":4},{"damage":25,"enemies":"Lagavulin","floor":6,"turns":5},{"damage":38,"enemies":"3 Sentries","floor":10,"turns":7},{"damage":37,"enemies":"Lagavulin","floor":13,"turns":6},{"damage":11,"enemies":"Gremlin Gang","floor":14,"turns":6},{"damage":32,"enemies":"Hexaghost","floor":16,"turns":7},{"damage":36,"enemies":"conspire:FuzzyDice","floor":18,"turns":7},{"damage":36,"enemies":"Spheric Guardian","floor":20,"turns":5}],"seed_played":"7256814892074600293","potions_obtained":[{"floor":3,"key":"Flashbang"},{"floor":3,"key":"EssenceOfSteel"},{"floor":3,"key":"AttackPotion"},{"floor":4,"key":"SteroidPotion"},{"floor":16,"key":"SpeedPotion"},{"floor":18,"key":"Ancient Potion"}],"is_trial":false,"path_per_floor":["M","M","?","M","$","E","R","$","T","E","$","R","E","M","R","B",null,"M","$","M"],"character_chosen":"BEAKED_THE_CULTIST","items_purchased":["hubris:EmptyBottle","ReplayTheSpireMod:Brewmster"],"campfire_rested":2,"item_purchase_floors":[8,19],"current_hp_per_floor":[50,50,50,50,50,37,37,37,37,14,14,29,7,14,29,19,50,24,24,0,0],"gold":143,"neow_bonus":"RANDOM_EVENT","is_daily":false,"chose_seed":false,"campfire_upgraded":1,"win_rate":0.0,"timestamp":1612397132,"path_taken":["M","M","?","?","$","E","R","$","T","E","?","R","E","M","R","BOSS","M","$","M"],"items_purchased_type":["Relic","Card"],"build_version":"2020-12-22","purchased_purges":0,"victory":false,"max_hp_per_floor":[50,50,50,50,50,50,50,50,50,50,50,50,50,50,50,50,50,50,50,50,50],"card_choices":[{"not_picked":["beaked:MachineSpirit","beaked:DigDeep"],"picked":"beaked:FeelMyPain","floor":1},{"not_picked":["beaked:Cower","beaked:Daydream"],"picked":"beaked:Poke","floor":2},{"not_picked":["beaked:Brace","beaked:Tradeoff","beaked:Evade"],"picked":"SKIP","floor":4},{"not_picked":["beaked:Mantra","beaked:Devastation","beaked:SurvivalInstinct"],"picked":"SKIP","floor":6},{"not_picked":["beaked:Flinch","beaked:TuckingFeathers"],"picked":"beaked:FakeOut","floor":10},{"not_picked":["beaked:Foresight","beaked:Poke"],"picked":"beaked:AwakenedForm","floor":13},{"not_picked":["beaked:Redirect","beaked:Windmill"],"picked":"beaked:BraceForImpact","floor":14},{"not_picked":["beaked:Daydream","beaked:FeelMyPain+1"],"picked":"beaked:Brace","floor":18}],"player_experience":155396,"relics_obtained":[{"floor":6,"key":"hubris:CuriousFeather"},{"floor":9,"key":"infinitespire:Midas Blood"},{"floor":10,"key":"beaked:ThroatLozenge"},{"floor":13,"key":"StoneCalendar"}],"event_choices":[{"damage_healed":0,"gold_gain":0,"player_choice":"Grow","damage_taken":0,"max_hp_gain":0,"max_hp_loss":0,"event_name":"Living Wall","floor":0,"gold_loss":0,"cards_upgraded":["beaked:Ceremony"]},{"damage_healed":0,"gold_gain":0,"player_choice":"Got Potions","damage_taken":0,"max_hp_gain":0,"max_hp_loss":0,"event_name":"Lab","floor":3,"gold_loss":0}],"is_beta":false,"boss_relics":[{"not_picked":["conspire:RunicOctahedron","ReplayTheSpireMod:DimensionalGlitch"],"picked":"Ring of Chaos"}],"items_purged_floors":[],"is_endless":false,"potions_floor_spawned":[4,16,18],"killed_by":"Spheric Guardian","ascension_level":1}}