{"host":"8f5cu9y0fpol72qs","time":1612426923,"event":{"mods":["AlwaysNeverKeys","BaseMod","Colored Map","Colored Powertips","Curses Come First","Highlight Path","Key Reminder","Minty Spire (QoL Compilation)","StSLib"],"gold_per_floor":[359,359,377,18,18,48,58,58,58,58,76,76,76,102,102,102,102],"floor_reached":16,"language":"ENG","playtime":833,"items_purged":["Regret"],"score":194,"play_id":"06d7232a-4931-421e-b533-3db71e8eb709","local_time":"20210204002203","is_ascension_mode":true,"campfire_choices":[{"floor":8,"key":"REST"},{"floor":12,"key":"REST"},{"floor":15,"key":"REST"}],"circlet_count":0,"master_deck":["AscendersBane","Strike_G","Strike_G+1","Strike_G","Strike_G","Strike_G","Defend_G","Defend_G","Defend_G","Defend_G","Defend_G","Survivor","Neutralize","Flying Knee+1","Poisoned Stab","Skewer","Cloak And Dagger","Slice","Decay","Doppelganger"],"relics":["Ring of the Snake","Singing Bowl","Girya","Mango","Frozen Egg 2","Bottled Lightning"],"acts_visited":["Exordium"],"potions_floor_usage":[11,16],"damage_taken":[{"damage":9,"enemies":"Small Slimes","floor":1,"turns":4},{"damage":0,"enemies":"2 Louse","floor":3,"turns":3},{"damage":28,"enemies":"Gremlin Nob","floor":6,"turns":5},{"damage":0,"enemies":"Jaw Worm","floor":7,"turns":3},{"damage":8,"enemies":"Lots of Slimes","floor":11,"turns":3},{"damage":50,"enemies":"Lagavulin","floor":14,"turns":7},{"damage":32,"enemies":"The Guardian","floor":16,"turns":7}],"seed_played":"-1271479140467316607","potions_obtained":[{"floor":7,"key":"SteroidPotion"},{"floor":14,"key":"CunningPotion"}],"is_trial":false,"path_per_floor":["M","?","M","$","?","E","M","R","T","T","M","R","?","E","R","B"],"character_chosen":"THE_SILENT","items_purchased":["Singing Bowl"],"campfire_rested":3,"item_purchase_floors":[4],"current_hp_per_floor":[50,30,30,30,30,2,2,21,35,35,27,51,51,1,25,0,0],"gold":102,"neow_bonus":"TWO_FIFTY_GOLD","is_daily":false,"chose_seed":false,"campfire_upgraded":0,"win_rate":0.0,"timestamp":1612426923,"path_taken":["M","?","M","$","?","E","M","R","T","?","?","R","?","E","R","BOSS"],"items_purchased_type":["Relic"],"build_version":"2020-12-22","purchased_purges":1,"victory":false,"max_hp_per_floor":[66,66,66,66,66,66,66,66,80,80,80,80,80,80,80,80,80],"card_choices":[{"not_picked":["Sucker Punch","Quick Slash"],"picked":"Flying Knee","floor":1},{"not_picked":["Terror","Dagger Spray"],"picked":"Poisoned Stab","floor":3},{"not_picked":["Unload","Endless Agony"],"picked":"Skewer","floor":6},{"not_picked":["Deadly Poison","Prepared"],"picked":"Cloak And Dagger","floor":7},{"not_picked":["Choke","Flying Knee"],"picked":"Slice","floor":11},{"not_picked":["Outmaneuver","Sucker Punch"],"picked":"Doppelganger","floor":14}],"player_experience":1009339,"relics_obtained":[{"floor":6,"key":"Girya"},{"floor":9,"key":"Mango"},{"floor":10,"key":"Frozen Egg 2"},{"floor":14,"key":"Bottled Lightning"}],"event_choices":[{"damage_healed":0,"gold_gain":0,"player_choice":"Entered Light","damage_taken":20,"max_hp_gain":0,"max_hp_loss":0,"event_name":"Shining Light","floor":2,"gold_loss":0,"cards_upgraded":["Strike_G","Flying Knee"]},{"damage_healed":0,"gold_gain":0,"player_choice":"Fled","damage_taken":0,"max_hp_gain":0,"max_hp_loss":0,"event_name":"Scrap Ooze","floor":5,"gold_loss":0},{"damage_healed":0,"gold_gain":0,"player_choice":"Cursed","damage_taken":0,"max_hp_gain":0,"max_hp_loss":0,"event_name":"Wheel of Change","floor":13,"gold_loss":0,"cards_obtained":["Decay"]}],"is_beta":false,"boss_relics":[],"items_purged_floors":[4],"is_endless":false,"potions_floor_spawned":[7,14],"killed_by":"The Guardian","ascension_level":16}}