{"host":"04hh9gplt9wkfmr1","time":1612469571,"event":{"mods":["AchievementEnabler","BaseMod","Colored Map","KOR Keyword Fix","Minty Spire (QoL Compilation)","Rare Cards Sparkle","SuperFastMode"],"gold_per_floor":[109,109,109,119,129,158,158,177,177,177,189,189,224,242,242,317,317,317],"floor_reached":17,"language":"KOR","playtime":407,"items_purged":[],"score":284,"play_id":"cc104068-122e-4ff4-87c5-b78f6e73c75a","local_time":"20210205051251","is_ascension_mode":true,"campfire_choices":[{"floor":7,"key":"REST"},{"data":"Infinite Blades","floor":10,"key":"SMITH"},{"floor":12,"key":"REST"},{"data":"Cloak And Dagger","floor":15,"key":"SMITH"}],"circlet_count":0,"master_deck":["AscendersBane","Strike_G","Strike_G","Strike_G+1","Strike_G","Strike_G","Defend_G","Defend_G","Defend_G","Defend_G+1","Defend_G","Survivor","Neutralize","Poisoned Stab","Terror","Infinite Blades+1","PiercingWail","Cloak And Dagger+1","Die Die Die","Envenom"],"relics":["Ring of the Snake","Ancient Tea Set","Art of War","Pantograph","Coffee Dripper"],"acts_visited":["Exordium","TheCity"],"potions_floor_usage":[13,16],"damage_taken":[{"damage":3,"enemies":"2 Louse","floor":1,"turns":5},{"damage":7,"enemies":"Small Slimes","floor":4,"turns":4},{"damage":1,"enemies":"Jaw Worm","floor":5,"turns":3},{"damage":17,"enemies":"Lagavulin","floor":6,"turns":5},{"damage":0,"enemies":"Looter","floor":8,"turns":3},{"damage":12,"enemies":"Large Slime","floor":11,"turns":8},{"damage":21,"enemies":"3 Sentries","floor":13,"turns":10},{"damage":1,"enemies":"2 Fungi Beasts","floor":14,"turns":4},{"damage":38,"enemies":"Slime Boss","floor":16,"turns":9}],"seed_played":"-7182127646908619516","potions_obtained":[{"floor":5,"key":"SpeedPotion"},{"floor":8,"key":"Regen Potion"},{"floor":13,"key":"BlessingOfTheForge"}],"is_trial":false,"path_per_floor":["M","?","?","M","M","E","R","M","T","R","M","R","E","M","R","B",null],"character_chosen":"THE_SILENT","items_purchased":[],"campfire_rested":2,"item_purchase_floors":[],"current_hp_per_floor":[62,67,52,45,44,27,50,50,50,50,38,61,55,54,54,39,68,68],"gold":317,"neow_bonus":"TEN_PERCENT_HP_BONUS","is_daily":false,"chose_seed":false,"campfire_upgraded":2,"win_rate":0.0,"timestamp":1612469571,"path_taken":["M","?","?","?","M","E","R","M","T","R","M","R","E","M","R","BOSS"],"items_purchased_type":[],"build_version":"2020-12-22","purchased_purges":0,"victory":false,"max_hp_per_floor":[72,77,77,77,77,77,77,77,77,77,77,77,77,77,77,77,77,77],"card_choices":[{"not_picked":["Expertise","Heel Hook"],"picked":"Poisoned Stab","floor":1},{"not_picked":["Dagger Throw","Flying Knee"],"picked":"Terror","floor":4},{"not_picked":["Choke","Underhanded Strike"],"picked":"Infinite Blades","floor":5},{"not_picked":["Bane","Slice","Dodge and Roll"],"picked":"SKIP","floor":6},{"not_picked":["All Out Attack","Dash"],"picked":"PiercingWail","floor":8},{"not_picked":["Eviscerate","Deadly Poison","Blur"],"picked":"SKIP","floor":11},{"not_picked":["Sucker Punch","Expertise"],"picked":"Cloak And Dagger","floor":13},{"not_picked":["Riddle With Holes","Underhanded Strike"],"picked":"Die Die Die","floor":14},{"not_picked":["Bullet Time","Storm of Steel"],"picked":"Envenom","floor":16}],"player_experience":127566,"relics_obtained":[{"floor":6,"key":"Ancient Tea Set"},{"floor":9,"key":"Art of War"},{"floor":13,"key":"Pantograph"}],"event_choices":[{"damage_healed":0,"gold_gain":0,"player_choice":"Donut","damage_taken":0,"max_hp_gain":5,"max_hp_loss":0,"event_name":"Big Fish","floor":2,"gold_loss":0},{"damage_healed":0,"gold_gain":0,"player_choice":"Entered Light","damage_taken":15,"max_hp_gain":0,"max_hp_loss":0,"event_name":"Shining Light","floor":3,"gold_loss":0,"cards_upgraded":["Strike_G","Defend_G"]}],"is_beta":false,"boss_relics":[{"not_picked":["Velvet Choker","Snecko Eye"],"picked":"Coffee Dripper"}],"items_purged_floors":[],"is_endless":false,"potions_floor_spawned":[5,8,11,13],"ascension_level":14}}