{"host":"gzsdmyo07u314vug","time":1612439124,"event":{"mods":["2.2 Compatiblity","Astrologer","BaseMod","Colored Powertips","GifTheSpireLib","Gremlin Mod","Hermit","Jorbs\u0027s Wanderer Trilogy","Minty Spire (QoL Compilation)","Quick Restart","Rare Cards Sparkle","Relic Stats","Replay The Spire","Robot Space Explorer","Shop Mod","StSLib","The Bladedancer","The Bug Knight","The Construct","The Cursed","The Elementalist","The Hierophant","The IronCluck","The Marked","The Necromancer","The Runesmith","The Servant 0.9.4","Unceasing Turn Reminder","everything is the same but u backflip on backflip","slay the spire mod where everything is the same but ironclad has a cowboy hat"],"gold_per_floor":[367,367,44,44,60,60,89,101,101,130,130,49,49,60,60,135,135,150,163,363,382,382,382,12,12,61,61,76,88,88,88],"floor_reached":30,"language":"ENG","playtime":1494,"items_purged":["construct:Defend_Gold"],"score":532,"play_id":"4d599981-54b3-4b4f-8711-f5e4c14a07d1","local_time":"20210204084524","is_ascension_mode":true,"campfire_choices":[{"data":"construct:OmegaCannon","floor":6.0,"key":"SMITH"},{"data":"construct:Stasis","floor":11.0,"key":"SMITH"},{"data":"construct:Stasis+1","floor":13.0,"key":"SMITH"},{"data":"construct:GuardCore","floor":15.0,"key":"SMITH"},{"data":"construct:SpinDrive","floor":23,"key":"SMITH"},{"data":"construct:GuardCore+1","floor":25,"key":"SMITH"},{"data":"construct:BatteryCore","floor":27,"key":"SMITH"}],"circlet_count":0,"master_deck":["AscendersBane","construct:Strike_Gold","construct:Strike_Gold+1","construct:Strike_Gold","construct:Strike_Gold","construct:Strike_Gold","construct:Defend_Gold","construct:Defend_Gold","construct:Defend_Gold","construct:Defend_Gold","construct:AttackMode+2","construct:DefenseMode","construct:HardReboot","construct:Stasis+2","construct:OmegaCannon+1","construct:VentSteam","construct:BatteryCore+1","construct:GuardCore+2","construct:SpinDrive+1","construct:ClusterMines","construct:Antimatter","Violence"],"relics":["construct:ClockworkPhoenix","Replay:Ringing Soul","Ornamental Fan","construct:MegaBattery","Pocketwatch","Replay:Bronze Core","SsserpentHead","Sling","ReplayTheSpireMod:Lightbulb"],"acts_visited":["Exordium","TheCity"],"potions_floor_usage":[19,28,29,30],"damage_taken":[{"damage":0.0,"enemies":"Small Slimes","floor":1.0,"turns":3.0},{"damage":14.0,"enemies":"2 Louse","floor":5.0,"turns":3.0},{"damage":0.0,"enemies":"Gremlin Nob","floor":7.0,"turns":2.0},{"damage":4.0,"enemies":"Jaw Worm","floor":8.0,"turns":3.0},{"damage":11.0,"enemies":"Replay:BlueRogue","floor":10.0,"turns":3.0},{"damage":23.0,"enemies":"Exordium Wildlife","floor":14.0,"turns":4.0},{"damage":0,"enemies":"Slime Boss","floor":16,"turns":4},{"damage":7,"enemies":"Spheric Guardian","floor":18,"turns":3},{"damage":8,"enemies":"3 Byrds","floor":19,"turns":4},{"damage":15,"enemies":"Centurion and Healer","floor":21,"turns":4},{"damage":23,"enemies":"Shelled Parasite and Fungi","floor":28,"turns":3},{"damage":25,"enemies":"Sentry and Sphere","floor":29,"turns":4},{"damage":10,"enemies":"Snecko","floor":30,"turns":4}],"seed_played":"2010777428354585838","potions_obtained":[{"floor":1.0,"key":"Fire Potion"},{"floor":5.0,"key":"FearPotion"},{"floor":7.0,"key":"SpeedPotion"},{"floor":18,"key":"Adrenaline Potion"},{"floor":21,"key":"ColorlessPotion"},{"floor":28,"key":"SkillPotion"}],"is_trial":false,"path_per_floor":["M","?","$","?","M","R","E","M","T","E","R","$","R","M","R","B",null,"M","M","?","M","?","R","$","R","T","R","M","M","M"],"character_chosen":"THE_CONSTRUCT_MOD","items_purchased":["Replay:Ringing Soul","construct:Stasis","construct:GuardCore","Violence","Sling"],"campfire_rested":0,"item_purchase_floors":[3,3,12,24,24],"current_hp_per_floor":[72,72,75,75,64,64,67,63,63,55,55,58,58,35,35,38,77,70,65,65,53,53,53,56,56,56,56,33,8,0,0],"gold":88,"neow_bonus":"TWO_FIFTY_GOLD","is_daily":false,"chose_seed":false,"campfire_upgraded":7,"win_rate":0.0,"timestamp":1612439124,"path_taken":["M","?","$","?","M","R","E","M","T","E","R","?","R","M","R","BOSS","M","M","?","?","?","R","?","R","T","R","M","M","M"],"items_purchased_type":["Relic","Card","Card","Card","Relic"],"build_version":"2020-12-22","purchased_purges":1,"victory":false,"max_hp_per_floor":[72,72,75,75,78,78,81,81,81,84,84,87,87,87,87,90,90,90,93,93,96,96,96,99,99,99,99,99,99,99,99],"relic_stats":{"SsserpentHead":50,"counters":[13,44],"Ornamental Fan":[48],"obtain_stats":[{"Replay:Ringing Soul":3,"SsserpentHead":22,"Ornamental Fan":7,"Replay:Bronze Core":17,"construct:MegaBattery":9,"construct:ClockworkPhoenix":0,"Sling":24,"ReplayTheSpireMod:Lightbulb":26,"Pocketwatch":10},{"Replay:Ringing Soul":1,"SsserpentHead":10,"Ornamental Fan":3,"Replay:Bronze Core":7,"construct:MegaBattery":4,"construct:ClockworkPhoenix":0,"Sling":10,"ReplayTheSpireMod:Lightbulb":10,"Pocketwatch":5},{"Replay:Ringing Soul":3,"SsserpentHead":33,"Ornamental Fan":8,"Replay:Bronze Core":22,"construct:MegaBattery":11,"construct:ClockworkPhoenix":0,"Sling":33,"ReplayTheSpireMod:Lightbulb":33,"Pocketwatch":14}],"Pocketwatch":[30]},"card_choices":[{"not_picked":["construct:CripplingShot","construct:HeavyBolt"],"picked":"construct:HardReboot","floor":1.0},{"not_picked":["construct:SyphonStrike","construct:ShiftStrike"],"picked":"construct:OmegaCannon","floor":5.0},{"not_picked":["construct:ClusterMines","construct:SyphonStrike"],"picked":"construct:VentSteam","floor":7.0},{"not_picked":["construct:Accumulate","construct:Enhance","construct:SaveState"],"picked":"SKIP","floor":8.0},{"not_picked":["construct:SuppressiveFire","construct:HardReboot"],"picked":"construct:BatteryCore","floor":10.0},{"not_picked":["construct:Reinforce","construct:HeavyBolt","construct:Versatility"],"picked":"SKIP","floor":14.0},{"not_picked":["construct:HammerDown","construct:MassProduction"],"picked":"construct:SpinDrive","floor":16},{"not_picked":["construct:Autoturret","construct:ScrapCannon","construct:HeavyBolt"],"picked":"SKIP","floor":18},{"not_picked":["construct:Enhance+1","construct:Reinforce"],"picked":"construct:ClusterMines","floor":19},{"not_picked":["construct:SyphonStrike","construct:Antimatter","construct:SaveState"],"picked":"SKIP","floor":21},{"not_picked":["construct:SyphonStrike","construct:SaveState"],"picked":"construct:Antimatter","floor":21},{"not_picked":["construct:VentSteam","construct:Backfire+1","construct:Dampening"],"picked":"SKIP","floor":28},{"not_picked":["construct:FocusedBeam","construct:Synchronize+1","construct:BatteryAcid"],"picked":"SKIP","floor":29}],"player_experience":842515,"relics_obtained":[{"floor":7.0,"key":"Ornamental Fan"},{"floor":9.0,"key":"construct:MegaBattery"},{"floor":10.0,"key":"Pocketwatch"},{"floor":26,"key":"ReplayTheSpireMod:Lightbulb"}],"event_choices":[{"damage_healed":0,"gold_gain":200,"player_choice":"Gold","damage_taken":0,"max_hp_gain":0,"max_hp_loss":0,"event_name":"Wheel of Change","floor":20,"gold_loss":0},{"damage_healed":0,"gold_gain":0,"player_choice":"Trade","damage_taken":0,"relics_obtained":["SsserpentHead"],"max_hp_gain":0,"max_hp_loss":0,"event_name":"FaceTrader","floor":22,"gold_loss":0}],"is_beta":false,"boss_relics":[{"not_picked":["ChewingGum","Tiny House"],"picked":"Replay:Bronze Core"}],"items_purged_floors":[24],"is_endless":false,"potions_floor_spawned":[1,5,7,18,21,28],"killed_by":"Snecko","ascension_level":14}}