{"host":"lv3zv4svf9qrs9uo","time":1612413690,"event":{"mods":["AchievementEnabler","BaseMod","Minty Spire (QoL Compilation)"],"gold_per_floor":[117,117,128,141,66,66,100,100,126,142,170,170,182,193,193,295,295,308,325,69,79,94,119,145,145,145,145,164,195,195,70,70,167,217,228,283,302,352,202,231,231,248,274,274,99,118,118,98,98,98],"floor_reached":51,"language":"ENG","playtime":7251,"items_purged":["Adaptation","Eruption","JustLucky","Vigilance","SashWhip+1"],"score":800,"play_id":"81a192ef-5ce2-437c-9483-92dd3948e866","local_time":"20210203204130","is_ascension_mode":false,"campfire_choices":[{"data":"Scrawl","floor":6.0,"key":"SMITH"},{"floor":8.0,"key":"REST"},{"data":"LikeWater","floor":15.0,"key":"SMITH"},{"data":"PathToVictory","floor":27,"key":"SMITH"},{"data":"InnerPeace","floor":30,"key":"SMITH"},{"floor":32,"key":"REST"},{"floor":44,"key":"REST"},{"floor":49,"key":"REST"}],"circlet_count":0,"master_deck":["WaveOfTheHand+1","WindmillStrike","InnerPeace+1","Scrawl+1","PathToVictory+1","PathToVictory+1","LikeWater+1"],"relics":["Pandora\u0027s Box","Vajra","Orichalcum","Centennial Puzzle","CultistMask","SlaversCollar","Art of War","Blood Vial","Red Mask","Toy Ornithopter","Dream Catcher","Tiny House","CloakClasp","Du-Vu Doll","War Paint","Letter Opener","Oddly Smooth Stone"],"acts_visited":["Exordium","TheCity","TheBeyond"],"potions_floor_usage":[24,29,33,36,40,50],"damage_taken":[{"damage":7.0,"enemies":"Small Slimes","floor":1.0,"turns":3.0},{"damage":6.0,"enemies":"Jaw Worm","floor":3.0,"turns":2.0},{"damage":0.0,"enemies":"Cultist","floor":4.0,"turns":3.0},{"damage":26.0,"enemies":"3 Sentries","floor":7.0,"turns":6.0},{"damage":3.0,"enemies":"3 Louse","floor":10.0,"turns":3.0},{"damage":0.0,"enemies":"Gremlin Nob","floor":11.0,"turns":2.0},{"damage":0.0,"enemies":"Large Slime","floor":13.0,"turns":2.0},{"damage":0.0,"enemies":"Blue Slaver","floor":14.0,"turns":2.0},{"damage":9.0,"enemies":"Hexaghost","floor":16.0,"turns":5.0},{"damage":1.0,"enemies":"Shell Parasite","floor":18.0,"turns":3.0},{"damage":0.0,"enemies":"Chosen","floor":19.0,"turns":4.0},{"damage":5.0,"enemies":"Shelled Parasite and Fungi","floor":21.0,"turns":3.0},{"damage":7.0,"enemies":"Centurion and Healer","floor":22.0,"turns":4.0},{"damage":18.0,"enemies":"Slavers","floor":23.0,"turns":5.0},{"damage":0,"enemies":"Masked Bandits","floor":24,"turns":4},{"damage":0,"enemies":"3 Cultists","floor":28,"turns":5},{"damage":0,"enemies":"Gremlin Leader","floor":29,"turns":2},{"damage":0,"enemies":"Champ","floor":33,"turns":4},{"damage":0,"enemies":"Orb Walker","floor":35,"turns":2},{"damage":13,"enemies":"2 Orb Walkers","floor":36,"turns":4},{"damage":0,"enemies":"3 Shapes","floor":37,"turns":4},{"damage":0,"enemies":"Mind Bloom Boss Battle","floor":38,"turns":3},{"damage":29,"enemies":"Nemesis","floor":40,"turns":5},{"damage":0,"enemies":"Spire Growth","floor":42,"turns":2},{"damage":2,"enemies":"4 Shapes","floor":46,"turns":4},{"damage":25,"enemies":"Awakened One","floor":50,"turns":6}],"seed_played":"-8160224222400923483","potions_obtained":[{"floor":1.0,"key":"GamblersBrew"},{"floor":3.0,"key":"SteroidPotion"},{"floor":4.0,"key":"ColorlessPotion"},{"floor":16.0,"key":"FairyPotion"},{"floor":19.0,"key":"Swift Potion"},{"floor":22.0,"key":"ColorlessPotion"},{"floor":24,"key":"PowerPotion"},{"floor":29,"key":"ColorlessPotion"},{"floor":33,"key":"SpeedPotion"},{"floor":35,"key":"Weak Potion"},{"floor":38,"key":"ColorlessPotion"},{"floor":48,"key":"SkillPotion"}],"is_trial":false,"path_per_floor":["M","?","M","M","$","R","E","R","T","M","E","?","M","M","R","B",null,"M","M","$","M","M","E","?","?","T","R","M","E","R","$","R","B",null,"M","?","M","?","$","E","T","M","T","R","$","M","?","?","R","B",null],"character_chosen":"WATCHER","items_purchased":["Art of War"],"campfire_rested":4,"item_purchase_floors":[20],"current_hp_per_floor":[65,51,45,45,45,45,19,40,40,37,37,37,37,37,37,28,72,71,71,71,66,59,41,43,30,30,30,32,39,39,39,62,69,82,82,70,72,74,74,52,52,54,54,78,78,78,78,78,82,62],"gold":98,"neow_bonus":"BOSS_RELIC","is_daily":false,"chose_seed":false,"campfire_upgraded":4,"win_rate":0.0,"timestamp":1612413690,"path_taken":["M","?","M","M","$","R","E","R","T","M","E","?","?","M","R","BOSS","M","M","$","M","M","E","?","?","T","R","M","E","R","$","R","BOSS","M","?","M","?","$","E","?","M","T","R","$","M","?","?","R","BOSS"],"items_purchased_type":["Relic"],"build_version":"2020-12-22","purchased_purges":5,"victory":true,"max_hp_per_floor":[72,72,72,72,72,72,72,72,72,72,72,72,72,72,72,72,72,72,72,72,72,72,72,72,77,77,77,77,77,77,77,77,77,82,82,82,82,82,82,82,82,82,82,82,82,82,82,82,82,82],"card_choices":[{"not_picked":["WindmillStrike","Halt","Pray"],"picked":"SKIP","floor":1.0},{"not_picked":["Wireheading","WindmillStrike","FollowUp"],"picked":"SKIP","floor":3.0},{"not_picked":["Wireheading","CrushJoints","BowlingBash"],"picked":"SKIP","floor":4.0},{"not_picked":["Blasphemy","EmptyFist","CrushJoints"],"picked":"SKIP","floor":7.0},{"not_picked":["ThirdEye","BowlingBash"],"picked":"PathToVictory","floor":10.0},{"not_picked":["MentalFortress","InnerPeace"],"picked":"LikeWater","floor":11.0},{"not_picked":["EmptyFist","Collect","ForeignInfluence"],"picked":"SKIP","floor":13.0},{"not_picked":["ThirdEye","BowlingBash","JustLucky"],"picked":"SKIP","floor":14.0},{"not_picked":["Adaptation","BowlingBash","ClearTheMind"],"picked":"SKIP","floor":18.0},{"not_picked":["MentalFortress","CutThroughFate","FollowUp"],"picked":"SKIP","floor":19.0},{"not_picked":["FollowUp","TalkToTheHand","JustLucky+1"],"picked":"SKIP","floor":21.0},{"not_picked":["BowlingBash+1","Nirvana","SignatureMove"],"picked":"SKIP","floor":22.0},{"not_picked":["Crescendo","Fasting2+1","FlyingSleeves+1"],"picked":"SKIP","floor":23.0},{"not_picked":["Weave","EmptyBody","Halt"],"picked":"SKIP","floor":28},{"not_picked":["Protect","PathToVictory+1","Adaptation"],"picked":"SKIP","floor":29},{"not_picked":["Protect+1","Prostrate","BowlingBash"],"picked":"SKIP","floor":35},{"not_picked":["Protect+1","CrushJoints","Evaluate"],"picked":"SKIP","floor":37},{"not_picked":["FearNoEvil+1","LessonLearned","Wallop"],"picked":"SKIP","floor":40},{"not_picked":["EmptyFist+1","Halt","Conclude+1"],"picked":"SKIP","floor":42},{"not_picked":["EmptyBody+1","Crescendo","Evaluate"],"picked":"SKIP","floor":46}],"player_experience":509840,"relics_obtained":[{"floor":7.0,"key":"Vajra"},{"floor":9.0,"key":"Orichalcum"},{"floor":11.0,"key":"Centennial Puzzle"},{"floor":23.0,"key":"Blood Vial"},{"floor":24,"key":"Red Mask"},{"floor":26,"key":"Toy Ornithopter"},{"floor":29,"key":"Dream Catcher"},{"floor":36,"key":"CloakClasp"},{"floor":38,"key":"Du-Vu Doll"},{"floor":40,"key":"War Paint"},{"floor":41,"key":"Letter Opener"},{"floor":43,"key":"Oddly Smooth Stone"}],"event_choices":[{"damage_healed":0.0,"max_hp_gain":0.0,"max_hp_loss":0.0,"gold_gain":0.0,"event_name":"Shining Light","player_choice":"Entered Light","floor":2.0,"gold_loss":0.0,"damage_taken":14.0,"cards_upgraded":["PathToVictory","WaveOfTheHand"]},{"damage_healed":0.0,"max_hp_gain":0.0,"max_hp_loss":0.0,"gold_gain":0.0,"event_name":"FaceTrader","player_choice":"Trade","floor":12.0,"gold_loss":0.0,"damage_taken":0.0,"relics_obtained":["CultistMask"]},{"damage_healed":0,"gold_gain":0,"player_choice":"Fought Bandits","damage_taken":0,"max_hp_gain":0,"max_hp_loss":0,"event_name":"Masked Bandits","floor":24,"gold_loss":0},{"damage_healed":0,"gold_gain":0,"player_choice":"Shed Blood","damage_taken":18,"max_hp_gain":5,"max_hp_loss":0,"event_name":"Forgotten Altar","floor":25,"gold_loss":0},{"damage_healed":0,"gold_gain":0,"player_choice":"Fight","damage_taken":0,"max_hp_gain":0,"max_hp_loss":0,"event_name":"Mysterious Sphere","floor":36,"gold_loss":0},{"damage_healed":0,"gold_gain":0,"player_choice":"Fight","damage_taken":0,"max_hp_gain":0,"max_hp_loss":0,"event_name":"MindBloom","floor":38,"gold_loss":0},{"damage_healed":0,"gold_gain":0,"player_choice":"Memory 1","damage_taken":0,"max_hp_gain":0,"max_hp_loss":0,"event_name":"SensoryStone","floor":47,"gold_loss":0},{"damage_healed":0,"gold_gain":0,"player_choice":"Bought 1 Potion","damage_taken":0,"max_hp_gain":0,"max_hp_loss":0,"event_name":"The Woman in Blue","floor":48,"gold_loss":0}],"is_beta":false,"boss_relics":[{"not_picked":["Snecko Eye","Black Star"],"picked":"SlaversCollar"},{"not_picked":["Sozu","Cursed Key"],"picked":"Tiny House"}],"items_purged_floors":[5,20,31,39,45],"is_endless":false,"potions_floor_spawned":[1,3,4,16,19,22,23,24,29,33,35,38],"ascension_level":0}}