{"host":"qrbkigq52dd42dk0","time":1612471478,"event":{"mods":["AchievementEnabler","BaseMod","Colored Map","Colored Powertips","Minty Spire (QoL Compilation)","Morshu Shopkeeper - ENHANCED","Quick Restart","StSLib","SuperFastMode","The IronCluck"],"gold_per_floor":[118,193,207,207,207,207,239,239,313,347,272,272,172,184,184,184,184],"floor_reached":16,"language":"ENG","playtime":21604,"items_purged":["Strike_R","Strike_R"],"score":178,"play_id":"dcea48e6-d324-4cf6-97ca-1eac9133da60","local_time":"20210204214438","is_ascension_mode":true,"campfire_choices":[{"data":"Whirlwind","floor":6,"key":"SMITH"},{"floor":8,"key":"REST"},{"floor":12,"key":"REST"},{"data":"Bash","floor":15,"key":"SMITH"}],"circlet_count":0,"master_deck":["AscendersBane","Strike_R","Strike_R","Strike_R","Defend_R","Defend_R","Defend_R","Defend_R","Bash+1","Whirlwind+1","Heavy Blade"],"relics":["Burning Blood","NeowsBlessing","Tiny Chest","Eternal Feather","Matryoshka"],"acts_visited":["Exordium"],"potions_floor_usage":[10,16],"damage_taken":[{"damage":0,"enemies":"Jaw Worm","floor":1,"turns":1},{"damage":0,"enemies":"Small Slimes","floor":3,"turns":1},{"damage":0,"enemies":"Cultist","floor":5,"turns":1},{"damage":76,"enemies":"Lagavulin","floor":7,"turns":9},{"damage":16,"enemies":"Gremlin Nob","floor":10,"turns":3},{"damage":6,"enemies":"2 Fungi Beasts","floor":14,"turns":2},{"damage":45,"enemies":"Slime Boss","floor":16,"turns":8}],"seed_played":"-1278648316962883898","potions_obtained":[{"floor":1,"key":"GamblersBrew"},{"floor":4,"key":"DuplicationPotion"},{"floor":4,"key":"Ancient Potion"},{"floor":10,"key":"Swift Potion"}],"is_trial":false,"path_per_floor":["M","?","M","?","M","R","E","R","T","E","$","R","$","M","R","B"],"character_chosen":"IRONCLAD","items_purchased":[],"campfire_rested":2,"item_purchase_floors":[],"current_hp_per_floor":[78,67,73,73,79,79,9,33,33,23,23,53,53,53,59,14,14],"gold":184,"neow_bonus":"THREE_ENEMY_KILL","is_daily":false,"chose_seed":false,"campfire_upgraded":2,"win_rate":0.0,"timestamp":1612471478,"path_taken":["M","?","M","?","M","R","E","R","T","E","$","R","$","?","R","BOSS"],"items_purchased_type":[],"build_version":"2020-12-22","purchased_purges":2,"victory":false,"max_hp_per_floor":[80,80,80,80,80,80,80,80,80,80,80,80,80,80,80,80,80],"card_choices":[{"not_picked":["Sentinel","Heavy Blade","Wild Strike"],"picked":"SKIP","floor":1},{"not_picked":["Blood for Blood","Entrench"],"picked":"Whirlwind","floor":3},{"not_picked":["Infernal Blade","Entrench","Rage"],"picked":"SKIP","floor":5},{"not_picked":["Twin Strike","Iron Wave","Dropkick"],"picked":"SKIP","floor":7},{"not_picked":["Dropkick","Carnage"],"picked":"Heavy Blade","floor":10},{"not_picked":["Wild Strike","Dual Wield","Armaments"],"picked":"SKIP","floor":14}],"player_experience":206262,"relics_obtained":[{"floor":7,"key":"Tiny Chest"},{"floor":9,"key":"Eternal Feather"},{"floor":10,"key":"Matryoshka"}],"event_choices":[{"damage_healed":0,"gold_gain":75,"player_choice":"Gather Gold","damage_taken":11,"max_hp_gain":0,"max_hp_loss":0,"event_name":"World of Goop","floor":2,"gold_loss":0},{"damage_healed":0,"gold_gain":0,"player_choice":"Got Potions","damage_taken":0,"max_hp_gain":0,"max_hp_loss":0,"event_name":"Lab","floor":4,"gold_loss":0}],"is_beta":false,"boss_relics":[],"items_purged_floors":[11,13],"is_endless":false,"potions_floor_spawned":[1,5,7,10,14],"killed_by":"Slime Boss","ascension_level":13}}