{"host":"zekcc3vicrep0och","time":1612433056,"event":{"mods":["AchievementEnabler","BaseMod","Colored Map","Colored Powertips","Displayed Cursed Tome","Highlight Path","Minty Spire (QoL Compilation)","Quick Restart","Relic Stats","StSLib","The Cursed"],"gold_per_floor":[110,35,47,47,62,62,124,138,164,182,182,182,21,21,21,21,21],"floor_reached":16,"language":"ENG","playtime":382,"items_purged":["Regret"],"score":171,"play_id":"3a04f8a4-1d67-4649-9935-4b3870f57994","local_time":"20210204130416","is_ascension_mode":true,"campfire_choices":[{"data":"Bane","floor":6,"key":"SMITH"},{"floor":11,"key":"REST"},{"data":"Neutralize","floor":15,"key":"SMITH"}],"circlet_count":0,"master_deck":["AscendersBane","Strike_G","Strike_G","Strike_G","Strike_G","Defend_G","Defend_G","Defend_G","Defend_G+1","Defend_G","Survivor","Neutralize+1","Crippling Poison+1","PiercingWail","Bane+1","Backflip","Footwork+1"],"relics":["Ring of the Snake","NeowsBlessing","Happy Flower","MealTicket","Toy Ornithopter"],"acts_visited":["Exordium"],"potions_floor_usage":[8,16],"damage_taken":[{"damage":0,"enemies":"Small Slimes","floor":1,"turns":1},{"damage":0,"enemies":"2 Louse","floor":3,"turns":1},{"damage":0,"enemies":"Cultist","floor":5,"turns":1},{"damage":44,"enemies":"Gremlin Nob","floor":7,"turns":5},{"damage":4,"enemies":"2 Fungi Beasts","floor":8,"turns":4},{"damage":10,"enemies":"3 Louse","floor":10,"turns":4},{"damage":19,"enemies":"Hexaghost","floor":16,"turns":16}],"seed_played":"-2100867007776794062","potions_obtained":[{"floor":7,"key":"ColorlessPotion"},{"floor":8,"key":"LiquidBronze"}],"is_trial":false,"path_per_floor":["M","?","M","?","M","R","?","M","T","M","R","?","$","?","R","B"],"character_chosen":"THE_SILENT","items_purchased":["Footwork"],"campfire_rested":1,"item_purchase_floors":[13],"current_hp_per_floor":[59,59,59,59,59,59,15,11,11,1,20,20,35,15,15,1,1],"gold":21,"neow_bonus":"THREE_ENEMY_KILL","is_daily":false,"chose_seed":false,"campfire_upgraded":2,"win_rate":0.0,"timestamp":1612433056,"path_taken":["M","?","M","?","?","R","?","M","T","M","R","?","$","?","R","BOSS"],"items_purchased_type":["Card"],"build_version":"2020-12-22","purchased_purges":1,"victory":false,"max_hp_per_floor":[66,66,66,66,66,66,66,66,66,66,66,66,66,66,66,66,66],"relic_stats":{"Happy Flower":[8],"counters":[7,32],"MealTicket":15,"obtain_stats":[{"NeowsBlessing":0,"Happy Flower":7,"MealTicket":9,"Toy Ornithopter":12,"Ring of the Snake":0},{"NeowsBlessing":0,"Happy Flower":4,"MealTicket":5,"Toy Ornithopter":6,"Ring of the Snake":0},{"NeowsBlessing":0,"Happy Flower":8,"MealTicket":12,"Toy Ornithopter":16,"Ring of the Snake":0}],"Toy Ornithopter":5,"Ring of the Snake":[14]},"card_choices":[{"not_picked":["Bane","PiercingWail"],"picked":"Crippling Poison","floor":1},{"not_picked":["Dagger Throw","Sucker Punch"],"picked":"PiercingWail","floor":3},{"not_picked":["Poisoned Stab","Flechettes"],"picked":"Bane","floor":5},{"not_picked":["Distraction","Night Terror","Outmaneuver"],"picked":"SKIP","floor":8},{"not_picked":["Distraction","Night Terror","Outmaneuver"],"picked":"SKIP","floor":8},{"not_picked":["Dagger Throw","Eviscerate"],"picked":"Backflip","floor":10}],"player_experience":564371,"relics_obtained":[{"floor":7,"key":"Happy Flower"},{"floor":9,"key":"MealTicket"}],"event_choices":[{"cards_removed":["Strike_G"],"damage_healed":0,"gold_gain":0,"player_choice":"Card Removal","damage_taken":0,"max_hp_gain":0,"max_hp_loss":0,"event_name":"The Cleric","floor":2,"gold_loss":75},{"damage_healed":0,"gold_gain":0,"player_choice":"Upgraded","damage_taken":0,"max_hp_gain":0,"max_hp_loss":0,"event_name":"Upgrade Shrine","floor":4,"gold_loss":0,"cards_upgraded":["Crippling Poison"]},{"damage_healed":0,"gold_gain":0,"player_choice":"Searched \u00271\u0027 times","damage_taken":0,"max_hp_gain":0,"max_hp_loss":0,"event_name":"Dead Adventurer","floor":7,"gold_loss":0},{"damage_healed":0,"gold_gain":0,"player_choice":"Box","damage_taken":0,"relics_obtained":["Toy Ornithopter"],"max_hp_gain":0,"max_hp_loss":0,"event_name":"Big Fish","floor":12,"gold_loss":0,"cards_obtained":["Regret"]},{"damage_healed":0,"gold_gain":0,"player_choice":"Entered Light","damage_taken":20,"max_hp_gain":0,"max_hp_loss":0,"event_name":"Shining Light","floor":14,"gold_loss":0,"cards_upgraded":["Defend_G","Footwork"]}],"is_beta":false,"boss_relics":[],"items_purged_floors":[13],"is_endless":false,"potions_floor_spawned":[7,8],"killed_by":"Hexaghost","ascension_level":18}}