{"host":"by8i6f8xc0ywpsd5","time":1612422569,"event":{"mods":["BaseMod","Colored Map","Minty Spire (QoL Compilation)","Relic Stats"],"gold_per_floor":[115,132,132,151,76,108,108,142,168,184,184,195,221,60,60,134,134,151,51,51,51,69,69,69,69],"floor_reached":24,"language":"ENG","playtime":950,"items_purged":["Strike_R","Strike_R"],"score":428,"play_id":"dfb476ab-8070-4525-bca3-e1aae7c044b3","local_time":"20210204090929","is_ascension_mode":true,"campfire_choices":[{"data":"Combust","floor":7,"key":"SMITH"},{"data":"Rupture","floor":15,"key":"SMITH"},{"data":"Fiend Fire","floor":23,"key":"SMITH"}],"circlet_count":0,"master_deck":["AscendersBane","Strike_R","Strike_R+1","Defend_R+1","Defend_R+1","Defend_R+1","Bash","Cleave","Headbutt","Iron Wave","Combust+1","Anger","Bludgeon","Battle Trance","Rupture+1","Bloodletting","Fiend Fire+1"],"relics":["Burning Blood","War Paint","Toy Ornithopter","Boot","Vajra","Blood Vial","Velvet Choker"],"acts_visited":["Exordium","TheCity"],"potions_floor_usage":[10,16,22,24],"damage_taken":[{"damage":7,"enemies":"Jaw Worm","floor":1,"turns":5},{"damage":0,"enemies":"Small Slimes","floor":2,"turns":2},{"damage":6,"enemies":"2 Louse","floor":4,"turns":3},{"damage":27,"enemies":"Gremlin Nob","floor":6,"turns":4},{"damage":11,"enemies":"3 Sentries","floor":8,"turns":4},{"damage":5,"enemies":"Large Slime","floor":10,"turns":3},{"damage":0,"enemies":"2 Fungi Beasts","floor":12,"turns":2},{"damage":24,"enemies":"Lagavulin","floor":13,"turns":4},{"damage":21,"enemies":"Hexaghost","floor":16,"turns":6},{"damage":5,"enemies":"3 Byrds","floor":18,"turns":3},{"damage":15,"enemies":"2 Thieves","floor":22,"turns":3},{"damage":47,"enemies":"Slavers","floor":24,"turns":5}],"seed_played":"-5054479360368059759","potions_obtained":[{"floor":1,"key":"Fruit Juice"},{"floor":6,"key":"Fire Potion"},{"floor":12,"key":"AttackPotion"},{"floor":18,"key":"Dexterity Potion"}],"is_trial":false,"path_per_floor":["M","M","?","M","?","E","R","E","T","M","?","M","E","$","R","B",null,"M","$","?","?","M","R","E"],"character_chosen":"IRONCLAD","items_purchased":["Bloodletting"],"campfire_rested":0,"item_purchase_floors":[14],"current_hp_per_floor":[67,73,66,66,66,45,45,40,40,46,23,29,11,11,11,8,62,65,65,42,42,40,40,0,0],"gold":69,"neow_bonus":"RANDOM_COMMON_RELIC","is_daily":false,"chose_seed":false,"campfire_upgraded":3,"win_rate":0.0,"timestamp":1612422569,"path_taken":["M","M","?","M","?","E","R","E","T","M","?","M","E","$","R","BOSS","M","$","?","?","M","R","E"],"items_purchased_type":["Card"],"build_version":"2020-12-22","purchased_purges":2,"victory":false,"max_hp_per_floor":[75,75,75,75,75,75,75,75,75,75,75,75,75,75,75,80,80,80,80,85,85,85,85,85,85],"relic_stats":{"Blood Vial":8,"counters":[12,44],"War Paint":["Defend_R","Defend_R"],"Boot":[11],"obtain_stats":[{"Blood Vial":13,"Vajra":9,"Velvet Choker":17,"War Paint":0,"Boot":8,"Burning Blood":0,"Toy Ornithopter":6},{"Blood Vial":8,"Vajra":5,"Velvet Choker":9,"War Paint":0,"Boot":5,"Burning Blood":0,"Toy Ornithopter":4},{"Blood Vial":27,"Vajra":18,"Velvet Choker":33,"War Paint":0,"Boot":18,"Burning Blood":0,"Toy Ornithopter":14}],"Burning Blood":66,"Toy Ornithopter":20},"card_choices":[{"not_picked":["Disarm","Armaments"],"picked":"Cleave","floor":1},{"not_picked":["Seeing Red","Wild Strike"],"picked":"Headbutt","floor":2},{"not_picked":["Body Slam","Heavy Blade"],"picked":"Iron Wave","floor":4},{"not_picked":["Body Slam","Blood for Blood"],"picked":"Combust","floor":6},{"not_picked":["Flex","Clothesline"],"picked":"Anger","floor":8},{"not_picked":["Sentinel","Clash"],"picked":"Bludgeon","floor":10},{"not_picked":["Cleave","Sword Boomerang"],"picked":"Battle Trance","floor":12},{"not_picked":["Pommel Strike","Dual Wield"],"picked":"Rupture","floor":13},{"not_picked":["Demon Form","Immolate"],"picked":"Fiend Fire","floor":16},{"not_picked":["Havoc","Iron Wave","Body Slam"],"picked":"SKIP","floor":18},{"not_picked":["Rampage","Evolve","Dropkick+1"],"picked":"SKIP","floor":22}],"player_experience":1731089,"relics_obtained":[{"floor":6,"key":"Toy Ornithopter"},{"floor":8,"key":"Boot"},{"floor":9,"key":"Vajra"},{"floor":13,"key":"Blood Vial"}],"event_choices":[{"cards_removed":["Strike_R"],"damage_healed":0,"gold_gain":0,"player_choice":"Card Removal","damage_taken":7,"max_hp_gain":0,"max_hp_loss":0,"event_name":"Golden Wing","floor":3,"gold_loss":0},{"cards_removed":["Defend_R"],"damage_healed":0,"gold_gain":0,"player_choice":"Card Removal","damage_taken":0,"max_hp_gain":0,"max_hp_loss":0,"event_name":"The Cleric","floor":5,"gold_loss":75},{"damage_healed":0,"gold_gain":0,"player_choice":"Entered Light","damage_taken":23,"max_hp_gain":0,"max_hp_loss":0,"event_name":"Shining Light","floor":11,"gold_loss":0,"cards_upgraded":["Strike_R","Defend_R"]},{"damage_healed":0,"gold_gain":0,"player_choice":"Shed Blood","damage_taken":28,"max_hp_gain":5,"max_hp_loss":0,"event_name":"Forgotten Altar","floor":20,"gold_loss":0},{"damage_healed":0,"gold_gain":0,"player_choice":"Ignored","damage_taken":0,"max_hp_gain":0,"max_hp_loss":0,"event_name":"The Mausoleum","floor":21,"gold_loss":0}],"is_beta":false,"boss_relics":[{"not_picked":["Pandora\u0027s Box","Empty Cage"],"picked":"Velvet Choker"}],"items_purged_floors":[14,19],"is_endless":false,"potions_floor_spawned":[1,6,12,18],"killed_by":"Slavers","ascension_level":20}}