{"host":"4eao2pkwlmv012cz","time":1612420824,"event":{"mods":["BaseMod","Colored Powertips","Minty Spire (QoL Compilation)","Permanent Neow","Quick Restart","Random Character Button","StSLib"],"gold_per_floor":[114,114,25,37,57,57,69,69,69,69,96,109,109,2,2,2,2],"floor_reached":16,"language":"ENG","playtime":847,"items_purged":[],"score":200,"play_id":"67ffe272-ee48-49c9-a229-1505bad8056b","local_time":"20210204014024","is_ascension_mode":true,"campfire_choices":[{"data":"Dualcast","floor":6,"key":"SMITH"},{"floor":8,"key":"REST"},{"data":"Creative AI","floor":10,"key":"SMITH"},{"floor":15,"key":"REST"}],"circlet_count":0,"master_deck":["AscendersBane","Strike_B","Strike_B","Strike_B","Strike_B","Defend_B","Defend_B","Defend_B","Defend_B","Zap+1","Dualcast+1","All For One","Capacitor","Darkness","Compile Driver","Coolheaded","Creative AI+1","Melter","Go for the Eyes"],"relics":["Cracked Core","WingedGreaves","Emotion Chip"],"acts_visited":["Exordium"],"potions_floor_usage":[11,11,15],"damage_taken":[{"damage":4,"enemies":"Jaw Worm","floor":1,"turns":4},{"damage":6,"enemies":"Cultist","floor":4,"turns":3},{"damage":10,"enemies":"Small Slimes","floor":5,"turns":4},{"damage":19,"enemies":"Blue Slaver","floor":7,"turns":3},{"damage":35,"enemies":"3 Sentries","floor":11,"turns":6},{"damage":5,"enemies":"Large Slime","floor":12,"turns":5},{"damage":28,"enemies":"The Guardian","floor":16,"turns":6}],"seed_played":"3619364849799793408","potions_obtained":[{"floor":1,"key":"SkillPotion"},{"floor":5,"key":"LiquidMemories"}],"is_trial":false,"path_per_floor":["M","?","$","M","M","R","M","R","T","R","E","M","?","$","R","B"],"character_chosen":"DEFECT","items_purchased":["Darkness","Fruit Juice"],"campfire_rested":2,"item_purchase_floors":[3,14],"current_hp_per_floor":[60,60,60,54,44,44,25,46,46,46,11,6,6,6,33,5,5],"gold":2,"neow_bonus":"ONE_RANDOM_RARE_CARD","is_daily":false,"chose_seed":false,"campfire_upgraded":2,"win_rate":0.0,"timestamp":1612420824,"path_taken":["M","?","$","?","M","R","M","R","T","R","E","M","?","$","R","BOSS"],"items_purchased_type":["Card","Potion"],"build_version":"2020-12-22","purchased_purges":0,"victory":false,"max_hp_per_floor":[71,71,71,71,71,71,71,71,71,71,71,71,71,71,76,76,76],"card_choices":[{"not_picked":["Sunder","Cold Snap"],"picked":"Capacitor","floor":1},{"not_picked":["Steam Power","Conserve Battery"],"picked":"Compile Driver","floor":4},{"not_picked":["Leap","Sweeping Beam"],"picked":"Coolheaded","floor":5},{"not_picked":["Compile Driver","Coolheaded"],"picked":"Creative AI","floor":7},{"not_picked":["Self Repair","Aggregate"],"picked":"Melter","floor":11},{"not_picked":["Hologram","Redo"],"picked":"Go for the Eyes","floor":12}],"player_experience":2869973,"relics_obtained":[{"floor":9,"key":"WingedGreaves"},{"floor":11,"key":"Emotion Chip"}],"event_choices":[{"damage_healed":0,"gold_gain":0,"player_choice":"Forge","damage_taken":0,"max_hp_gain":0,"max_hp_loss":0,"event_name":"Accursed Blacksmith","floor":2,"gold_loss":0,"cards_upgraded":["Zap"]},{"damage_healed":0,"gold_gain":0,"player_choice":"Ignored","damage_taken":0,"max_hp_gain":0,"max_hp_loss":0,"event_name":"Shining Light","floor":13,"gold_loss":0}],"is_beta":false,"boss_relics":[],"items_purged_floors":[],"is_endless":false,"potions_floor_spawned":[1,5],"killed_by":"The Guardian","ascension_level":20}}