{"host":"lehbxtjrpalkmwwj","time":1612462796,"event":{"mods":["Aspiration","BaseMod","Colored Map","Colored Powertips","Conspire","GungeonMod","KomeijiMod","Lobotomy","Minty Spire (QoL Compilation)","Quick Restart","Replay The Spire","Shop Mod","StSLib","The Cursed","The Poker Player","[IsaacMod]ÒÔÈö¼âËþ"],"gold_per_floor":[111,111,130,146,174,174,204,222,249,265,290,302,318,331,331,436,436,450,450,468,93,105,138,153,183,183,183,183,183],"floor_reached":28,"language":"ZHS","playtime":990,"items_purged":[],"score":349,"play_id":"2a2f0466-6e60-413f-b325-42866170d86e","local_time":"20210205021956","is_ascension_mode":false,"campfire_choices":[{"floor":6.0,"key":"RECALL"}],"circlet_count":0,"master_deck":["TheCursedMod:Strike_TheCursed","TheCursedMod:Strike_TheCursed","TheCursedMod:Strike_TheCursed","TheCursedMod:Strike_TheCursed","TheCursedMod:Defend_TheCursed","TheCursedMod:Defend_TheCursed","TheCursedMod:Defend_TheCursed","TheCursedMod:Defend_TheCursed","TheCursedMod:CursedWand","TheCursedMod:CleanUpWorkshop","EpicFetus","TheCursedMod:StingEye","TheCursedMod:NeowsMight","TheCursedMod:CursedBlade","TheCursedMod:AntiAging","TheCursedMod:SpreadPlague","TheCursedMod:Grudge+1","TheCursedMod:CursedArmor+1","TheCursedMod:Grudge+1","TheCursedMod:Torture+1","Doubt","TheCursedMod:AntiAging+1","TheCursedMod:RavingStaff+1","PerfectMaid+1","TheCursedMod:CursedMace+1","TheCursedMod:SpitefulStrike+1","TheCursedMod:AntiAging+1","TheCursedMod:WearCloak+1","TheCursedMod:CursedMace","Shame"],"relics":["TheCursedMod:BlackMagic101","HushsDoor","GuppysHead","aspiration:Nostalgia","Cracked Core","Replay:Rubber Ducky","DemoMod:Metronome","Toxic Egg 2","Ring of Fury","ReplayTheSpireMod:Ring of Exchange","aspiration:FutureDiary","SatanicBible","Membership Card","MoneyPower","Pen Nib","ReplayFunnel","DemoMod:GlassGuonStoneRelic","DeathBook","conspire:GlowingRock","aspiration:ChemicalBlood"],"acts_visited":["Exordium","TheCity"],"potions_floor_usage":[],"damage_taken":[{"damage":6.0,"enemies":"2 Louse","floor":1.0,"turns":3.0},{"damage":0.0,"enemies":"Jaw Worm","floor":3.0,"turns":3.0},{"damage":0.0,"enemies":"Small Slimes","floor":4.0,"turns":2.0},{"damage":11.0,"enemies":"conspire:MimicChest","floor":5.0,"turns":3.0},{"damage":0.0,"enemies":"Lagavulin","floor":7.0,"turns":5.0},{"damage":3.0,"enemies":"Exordium Wildlife","floor":8.0,"turns":4.0},{"damage":0.0,"enemies":"Exordium Thugs","floor":10.0,"turns":3.0},{"damage":14.0,"enemies":"3 Sentries","floor":11.0,"turns":4.0},{"damage":0.0,"enemies":"2 Fungi Beasts","floor":12.0,"turns":3.0},{"damage":15.0,"enemies":"Exordium Wildlife","floor":13.0,"turns":4.0},{"damage":0.0,"enemies":"Gremlin Gang","floor":14.0,"turns":3.0},{"damage":14.0,"enemies":"Hexaghost","floor":16.0,"turns":8.0},{"damage":2.0,"enemies":"Chosen","floor":18.0,"turns":4.0},{"damage":4.0,"enemies":"3 Byrds","floor":20.0,"turns":3.0},{"damage":0.0,"enemies":"Shelled Parasite and Fungi","floor":22.0,"turns":3.0},{"damage":20.0,"enemies":"Slavers","floor":23.0,"turns":2.0},{"damage":4.0,"enemies":"Snecko","floor":24.0,"turns":5.0},{"damage":27.0,"enemies":"Book of Stabbing","floor":25.0,"turns":5.0},{"damage":0,"enemies":"Gremlin Leader","floor":28,"turns":4}],"seed_played":"-5867194075576838577","potions_obtained":[{"floor":3.0,"key":"PowerPotion"},{"floor":4.0,"key":"SkillPotion"},{"floor":8.0,"key":"CalmPotion"},{"floor":10.0,"key":"SpeedPotion"},{"floor":14.0,"key":"CalmPotion"},{"floor":20.0,"key":"BlessingOfTheForge"},{"floor":25.0,"key":"Energy Potion"}],"is_trial":false,"path_per_floor":["M","?","M","M","?","R","E","M","T","M","E","M","M","M","R_BF","B",null,"M","?","M","$","M","E","M","E","T","?","E"],"character_chosen":"THE_CURSED","items_purchased":["SatanicBible","Membership Card","MoneyPower","Pen Nib"],"campfire_rested":0,"item_purchase_floors":[17,21,21,21],"current_hp_per_floor":[69,69,69,69,58,58,58,57,57,57,45,47,34,34,34,22,75,78,78,74,74,76,59,57,30,30,30,36,36],"gold":183,"neow_bonus":"NOSTALGIA","is_daily":false,"chose_seed":false,"campfire_upgraded":0,"win_rate":0.0,"timestamp":1612462796,"path_taken":["M","?","M","M","?","R","E","M","T","M","E","M","M","M","R_BF","BOSS","M","?","M","$","M","E","M","E","T","?","E"],"items_purchased_type":["Relic","Relic","Relic","Relic"],"build_version":"2020-12-22","purchased_purges":0,"victory":false,"max_hp_per_floor":[75,75,75,75,75,75,75,77,77,77,79,81,83,83,83,85,75,80,80,80,80,82,85,87,87,87,87,93,93],"card_choices":[{"not_picked":[],"picked":"EpicFetus","floor":0.0},{"not_picked":["TheCursedMod:WearCloak","TheCursedMod:TacticalStrike"],"picked":"TheCursedMod:StingEye","floor":1.0},{"not_picked":["TheCursedMod:SoulReap","TheCursedMod:RavingStaff"],"picked":"TheCursedMod:NeowsMight","floor":3.0},{"not_picked":["TheCursedMod:PrepareRite","TheCursedMod:CursedAmulet"],"picked":"TheCursedMod:CursedBlade","floor":4.0},{"not_picked":["TheCursedMod:RavingStaff","TheCursedMod:Hemoplague"],"picked":"TheCursedMod:AntiAging","floor":7.0},{"not_picked":["TheCursedMod:WearCloak","TheCursedMod:Obscuration","TheCursedMod:RapidMovement"],"picked":"SKIP","floor":8.0},{"not_picked":["Bomb","TheCursedMod:RapidMovement"],"picked":"TheCursedMod:SpreadPlague","floor":10.0},{"not_picked":["TheCursedMod:CircleOfAmplification+1","TheCursedMod:CursedMace"],"picked":"TheCursedMod:Grudge+1","floor":11.0},{"not_picked":["TheCursedMod:ReleasedKnowledge+1","TheCursedMod:Mangle"],"picked":"TheCursedMod:CursedArmor+1","floor":12.0},{"not_picked":["TheCursedMod:SpitefulStrike","TheCursedMod:ManaBullet"],"picked":"TheCursedMod:Grudge+1","floor":13.0},{"not_picked":["TheCursedMod:BlessingInDisguise+1","TheCursedMod:Stigma"],"picked":"TheCursedMod:Torture+1","floor":14.0},{"not_picked":["TheCursedMod:DarkBarrier+1","TheCursedMod:CursedRelics"],"picked":"TheCursedMod:AntiAging+1","floor":16.0},{"not_picked":["TheCursedMod:Obscuration+1","TheCursedMod:Wield"],"picked":"TheCursedMod:RavingStaff+1","floor":18.0},{"not_picked":["TheCursedMod:RavingStaff","TheCursedMod:CursedBlade"],"picked":"TheCursedMod:CursedMace+1","floor":20.0},{"not_picked":["TheCursedMod:RapidMovement+1","TheCursedMod:SmokeScreen+1"],"picked":"TheCursedMod:SpitefulStrike+1","floor":22.0},{"not_picked":["TheCursedMod:LuckyCharm","TheCursedMod:CursedStaff"],"picked":"TheCursedMod:AntiAging+1","floor":23.0},{"not_picked":["TheCursedMod:StingEye","TheCursedMod:Obscuration+1"],"picked":"TheCursedMod:WearCloak+1","floor":24.0},{"not_picked":["TheCursedMod:WearCloak+1","TheCursedMod:CircleOfFlame+1"],"picked":"TheCursedMod:CursedMace","floor":25.0}],"player_experience":122610,"relics_obtained":[{"floor":5.0,"key":"Replay:Rubber Ducky"},{"floor":7.0,"key":"DemoMod:Metronome"},{"floor":11.0,"key":"Toxic Egg 2"},{"floor":15.0,"key":"Ring of Fury"},{"floor":15.0,"key":"ReplayTheSpireMod:Ring of Exchange"},{"floor":23.0,"key":"ReplayFunnel"},{"floor":25.0,"key":"DeathBook"},{"floor":26.0,"key":"conspire:GlowingRock"}],"event_choices":[{"damage_healed":0.0,"max_hp_gain":0.0,"max_hp_loss":0.0,"gold_gain":0.0,"event_name":"Addict","player_choice":"Stole Relic","floor":27.0,"gold_loss":0.0,"damage_taken":0.0,"relics_obtained":["aspiration:ChemicalBlood"],"cards_obtained":["Shame"]}],"is_beta":false,"boss_relics":[{"not_picked":["aspiration:WatcherSkillbook","DemoMod:MeatBun"],"picked":"aspiration:FutureDiary"},{"not_picked":[]}],"items_purged_floors":[],"is_endless":false,"potions_floor_spawned":[3,4,8,10,14,20,25],"killed_by":"Gremlin Leader","ascension_level":0}}