{"host":"kwnpvqmnt47pmyi1","time":1612451854,"event":{"mods":["AchievementEnabler","BaseMod","Bestiary","BetterRewards","Clockwork Mod","Downfall","Hermit","Hubris","Infinite Spire","Marisa????????","Minty Spire (QoL Compilation)","Random Character Mod","Reliquary","Replay The Spire","Shade Mod","StSLib","The Cursed","The Hierophant","The Servant 0.9.4"],"gold_per_floor":[115,134,134,154,169,201,301,301,301,227,244,254,274,306,306,407,407,426,426,445,457,457,457,457,468,468,169,169,188,188,188],"floor_reached":30,"language":"ENG","playtime":3145,"items_purged":[],"score":244,"play_id":"aebe058f-f83e-4cf1-9cf2-90b9e768b7ff","local_time":"20210204071734","is_ascension_mode":false,"campfire_choices":[{"data":"MilkyWay","floor":8,"key":"SMITH"},{"floor":15,"key":"REST"},{"floor":23,"key":"REST"},{"floor":28,"key":"RECALL"}],"circlet_count":0,"master_deck":["Strike_MRS","Strike_MRS","Strike_MRS","Strike_MRS","Defend_MRS","Defend_MRS","Defend_MRS","Defend_MRS","MasterSpark","UpSweep","UnstableBomb","MilkyWay+1","PowerUp","6A","StarBarrage","PowerUp","MachineGunSpark","GravityBeat","MilkyWay+1","CasketOfStar","MilkyWay","MachineGunSpark","infinitespire:SealOfDarkness+","6A"],"relics":["Burning Blood","Simple Rune","infinitespire:Cubic Diamond","infinitespire:Eraser","Lantern","SacredBark","reliquary:Ember","Centennial Puzzle","ReplayTheSpireMod:TigerMarble","Gremlin Food"],"acts_visited":["Exordium","TheCity"],"potions_floor_usage":[14,29,30],"damage_taken":[{"damage":0,"enemies":"Jaw Worm","floor":1,"turns":3},{"damage":0,"enemies":"Cultist","floor":2,"turns":3},{"damage":0,"enemies":"2 Louse","floor":4,"turns":2},{"damage":10,"enemies":"Looter","floor":5,"turns":3},{"damage":19,"enemies":"Lagavulin","floor":6,"turns":9},{"damage":17,"enemies":"Exordium Thugs","floor":11,"turns":7},{"damage":19,"enemies":"Gremlin Gang","floor":12,"turns":4},{"damage":3,"enemies":"3 Louse","floor":13,"turns":2},{"damage":13,"enemies":"3 Sentries","floor":14,"turns":6},{"damage":26,"enemies":"Slime Boss","floor":16,"turns":6},{"damage":24,"enemies":"3 Byrds","floor":18,"turns":6},{"damage":9,"enemies":"Chosen","floor":20,"turns":7},{"damage":39,"enemies":"Snake Plant","floor":21,"turns":8},{"damage":17,"enemies":"Shelled Parasite and Fungi","floor":25,"turns":5},{"damage":11,"enemies":"Cultist and Chosen","floor":29,"turns":5},{"damage":29,"enemies":"Nightmare","floor":30,"turns":6}],"seed_played":"6101184801696893917","potions_obtained":[{"floor":1,"key":"CultistPotion"},{"floor":4,"key":"Explosive Potion"},{"floor":5,"key":"Elixir"},{"floor":6,"key":"Languid Potion"},{"floor":18,"key":"Swift Potion"},{"floor":29,"key":"BlessingOfTheForge"}],"is_trial":false,"path_per_floor":["M","M","?","M","M","E","?","R","T","$","M","M","M","E","R","B",null,"M","?","M","M","?","R","AVR","M","T","$","R","M","NM"],"character_chosen":"MARISA","items_purchased":["StarBarrage","ReplayTheSpireMod:TigerMarble","Gremlin Food"],"campfire_rested":2,"item_purchase_floors":[10,27,27],"current_hp_per_floor":[75,75,75,75,71,58,58,58,58,58,47,34,37,30,52,32,75,57,57,54,21,21,43,43,32,32,32,32,27,0,0],"gold":188,"neow_bonus":"RANDOM_COMMON_RELIC","is_daily":false,"chose_seed":false,"campfire_upgraded":1,"win_rate":0.0,"timestamp":1612451854,"path_taken":["M","M","?","M","M","E","?","R","T","$","M","?","M","E","R","BOSS","M","?","M","M","?","R","AVR","M","T","$","R","?","NM"],"items_purchased_type":["Card","Relic","Relic"],"build_version":"2020-12-22","purchased_purges":0,"victory":false,"max_hp_per_floor":[75,75,75,75,75,75,75,75,75,75,75,75,75,75,75,75,75,75,75,75,75,75,75,75,75,75,75,75,75,75,75],"card_choices":[{"not_picked":["GalacticHalo","Acceleration"],"picked":"UnstableBomb","floor":1},{"not_picked":["WitchOfGreed","ShootTheMoon"],"picked":"MilkyWay","floor":2},{"not_picked":["DC","IllusionStar"],"picked":"PowerUp","floor":4},{"not_picked":["DragonMeteor","MaximisePower"],"picked":"6A","floor":5},{"not_picked":["SporeBomb","SprinkleStarSeal","IllusionStar"],"picked":"SKIP","floor":6},{"not_picked":["AsteroidBelt","DarkSpark"],"picked":"PowerUp","floor":11},{"not_picked":["WitchOfGreed","FairyDestructionRay"],"picked":"MachineGunSpark","floor":12},{"not_picked":["IllusionStar","GrandCross"],"picked":"GravityBeat","floor":13},{"not_picked":["MeteoricShower","BlazingStar"],"picked":"MilkyWay","floor":14},{"not_picked":["MillisecondPulsars","SuperNova"],"picked":"CasketOfStar","floor":16},{"not_picked":["ShootTheMoon","GalacticHalo"],"picked":"MilkyWay","floor":18},{"not_picked":["ShootingEcho","IllusionStar","Acceleration"],"picked":"SKIP","floor":20},{"not_picked":["IllusionStar+1","ChargingUp"],"picked":"MachineGunSpark","floor":21},{"not_picked":["LuminesStrike","IllusionStar+1"],"picked":"6A","floor":25},{"not_picked":["Robbery","IllusionStar","AlicesGift"],"picked":"SKIP","floor":29}],"player_experience":302846,"relics_obtained":[{"floor":6,"key":"infinitespire:Eraser"},{"floor":14,"key":"Lantern"},{"floor":26,"key":"Centennial Puzzle"}],"event_choices":[{"damage_healed":0,"gold_gain":100,"player_choice":"Pray","damage_taken":0,"max_hp_gain":0,"max_hp_loss":0,"event_name":"Golden Shrine","floor":7,"gold_loss":0},{"damage_healed":0,"gold_gain":0,"player_choice":"Forge","damage_taken":0,"max_hp_gain":0,"max_hp_loss":0,"event_name":"Accursed Blacksmith","floor":22,"gold_loss":0,"cards_upgraded":["MilkyWay"]}],"is_beta":false,"boss_relics":[{"not_picked":["ReplayTheSpireMod:DimensionalGlitch","Abe\u0027s Treasure"],"picked":"SacredBark"}],"items_purged_floors":[],"is_endless":false,"potions_floor_spawned":[1,4,5,6,18,29],"killed_by":"Nightmare","ascension_level":0}}