{"host":"3a1ypf1irl30q4k8","time":1612459123,"event":{"mods":["AchievementEnabler","BaseMod","Bestiary","Colored Map","Minty Spire (QoL Compilation)","Relic Stats","ojb\u0027s Info Mod"],"gold_per_floor":[114,127,138,158,158,158,187,187,211,233,233,233,4,61,61,164,164,183,183,183,183,183],"floor_reached":21,"language":"ENG","playtime":883,"items_purged":["Strike_R"],"score":281,"play_id":"9f3e07a1-8a2a-4ac2-b385-9e5561adabbf","local_time":"20210204171843","is_ascension_mode":true,"campfire_choices":[{"data":"Cleave","floor":6,"key":"SMITH"},{"data":"Pommel Strike","floor":8,"key":"SMITH"},{"data":"Combust","floor":11,"key":"SMITH"},{"data":"Power Through","floor":15,"key":"SMITH"}],"circlet_count":0,"master_deck":["Strike_R","Strike_R","Strike_R","Strike_R","Defend_R","Defend_R","Defend_R","Defend_R","Bash","Cleave+1","Headbutt","Carnage+1","Pommel Strike+1","Ghostly Armor","Combust+1","Combust+1","Power Through+1","Brutality","Power Through","Power Through","True Grit","Purity"],"relics":["Burning Blood","Potion Belt","Odd Mushroom","DollysMirror","Regal Pillow","SlaversCollar"],"acts_visited":["Exordium","TheCity"],"potions_floor_usage":[4,7],"damage_taken":[{"damage":6,"enemies":"2 Louse","floor":1,"turns":3},{"damage":16,"enemies":"Small Slimes","floor":2,"turns":3},{"damage":13,"enemies":"Jaw Worm","floor":3,"turns":4},{"damage":6,"enemies":"Lots of Slimes","floor":4,"turns":2},{"damage":10,"enemies":"3 Sentries","floor":7,"turns":5},{"damage":15,"enemies":"The Mushroom Lair","floor":10,"turns":3},{"damage":19,"enemies":"Gremlin Nob","floor":14,"turns":3},{"damage":3,"enemies":"Slime Boss","floor":16,"turns":5},{"damage":44,"enemies":"3 Byrds","floor":18,"turns":4},{"damage":27,"enemies":"Shell Parasite","floor":21,"turns":4}],"seed_played":"335459297310165486","potions_obtained":[{"floor":3,"key":"Swift Potion"},{"floor":4,"key":"Explosive Potion"},{"floor":10,"key":"Strength Potion"},{"floor":16,"key":"CultistPotion"}],"is_trial":false,"path_per_floor":["M","M","M","M","?","R","E","R","T","?","R","?","$","?","R","B",null,"M","?","?","M"],"character_chosen":"IRONCLAD","items_purchased":["DollysMirror"],"campfire_rested":0,"item_purchase_floors":[13],"current_hp_per_floor":[88,78,71,71,71,71,67,67,67,58,58,58,58,45,45,48,78,40,23,23,0,0],"gold":183,"neow_bonus":"TEN_PERCENT_HP_BONUS","is_daily":false,"chose_seed":false,"campfire_upgraded":4,"win_rate":0.0,"timestamp":1612459123,"path_taken":["M","M","M","M","?","R","E","R","T","?","R","?","$","?","R","BOSS","M","?","?","M"],"items_purchased_type":["Relic"],"build_version":"2020-12-22","purchased_purges":1,"victory":false,"max_hp_per_floor":[88,88,88,88,88,88,88,88,88,88,88,88,88,88,88,88,88,88,93,93,93,93],"relic_stats":{"Regal Pillow":0,"counters":[10,36],"obtain_stats":[{"Potion Belt":7,"SlaversCollar":17,"Regal Pillow":14,"DollysMirror":13,"Odd Mushroom":10,"Burning Blood":0},{"Potion Belt":5,"SlaversCollar":8,"Regal Pillow":7,"DollysMirror":6,"Odd Mushroom":6,"Burning Blood":0},{"Potion Belt":17,"SlaversCollar":28,"Regal Pillow":23,"DollysMirror":20,"Odd Mushroom":20,"Burning Blood":0}],"Burning Blood":54},"card_choices":[{"not_picked":["Sever Soul","Flex"],"picked":"Cleave","floor":1},{"not_picked":["Flame Barrier","Havoc"],"picked":"Headbutt","floor":2},{"not_picked":["Metallicize","Intimidate"],"picked":"Carnage","floor":3},{"not_picked":["Flex","Rupture"],"picked":"Pommel Strike","floor":4},{"not_picked":["Entrench","Intimidate"],"picked":"Ghostly Armor","floor":7},{"not_picked":["Bloodletting","Clash"],"picked":"Combust","floor":10},{"not_picked":["Sword Boomerang","Rage"],"picked":"Power Through","floor":14},{"not_picked":["Fiend Fire","Impervious"],"picked":"Brutality","floor":16},{"not_picked":["Thunderclap","Body Slam"],"picked":"Power Through","floor":18}],"player_experience":1320268,"relics_obtained":[{"floor":7,"key":"Potion Belt"},{"floor":10,"key":"Odd Mushroom"},{"floor":14,"key":"Regal Pillow"}],"event_choices":[{"damage_healed":0,"gold_gain":0,"player_choice":"Grow","damage_taken":0,"max_hp_gain":0,"max_hp_loss":0,"event_name":"Living Wall","floor":5,"gold_loss":0,"cards_upgraded":["Carnage"]},{"damage_healed":0,"gold_gain":0,"player_choice":"Fought Mushrooms","damage_taken":0,"max_hp_gain":0,"max_hp_loss":0,"event_name":"Mushrooms","floor":10,"gold_loss":0},{"damage_healed":0,"gold_gain":0,"player_choice":"Ignored","damage_taken":0,"max_hp_gain":0,"max_hp_loss":0,"event_name":"Shining Light","floor":12,"gold_loss":0},{"damage_healed":0,"gold_gain":0,"player_choice":"Searched \u00272\u0027 times","damage_taken":0,"max_hp_gain":0,"max_hp_loss":0,"event_name":"Dead Adventurer","floor":14,"gold_loss":0},{"damage_healed":0,"gold_gain":0,"player_choice":"Shed Blood","damage_taken":22,"max_hp_gain":5,"max_hp_loss":0,"event_name":"Forgotten Altar","floor":19,"gold_loss":0},{"damage_healed":0,"gold_gain":0,"player_choice":"3 cards matched","damage_taken":0,"max_hp_gain":0,"max_hp_loss":0,"event_name":"Match and Keep!","floor":20,"gold_loss":0,"cards_obtained":["Power Through","True Grit","Purity"]}],"is_beta":false,"boss_relics":[{"not_picked":["SacredBark","Empty Cage"],"picked":"SlaversCollar"}],"items_purged_floors":[13],"is_endless":false,"potions_floor_spawned":[3,4,10,16],"killed_by":"Shell Parasite","ascension_level":5}}