{"host":"kmq7aw60w430zvtx","time":1612433827,"event":{"mods":["BaseMod","Downfall","GifTheSpireLib","Hermit","Hubris","Minty Spire (QoL Compilation)","Reliquary","Replay The Spire","StSLib","The Construct","The Cursed","The Hierophant","The Jungle","The Necromancer","The Runesmith"],"gold_per_floor":[112,112,131,131,233,267,18,49,49,49,49,49,63,78,78,181,181,201,201,201,218,2,2,36,54,54,54,86,86,117,129,129,224,224,244,244,45,145,160,188,188,214,238,257,237,237,34,46,46,46,46,46,19,48,48,48],"floor_reached":55,"language":"ENG","playtime":2532,"items_purged":[],"score":801,"play_id":"a646d9c9-36df-4253-adcf-16cd1f50aa09","local_time":"20210204111707","is_ascension_mode":true,"campfire_choices":[{"floor":10,"key":"RECALL"},{"floor":12,"key":"REST"},{"data":"Scare","floor":15,"key":"SMITH"},{"data":"Negative_Energy_Mist","floor":23,"key":"SMITH"},{"floor":27,"key":"REST"},{"floor":29,"key":"REST"},{"floor":32,"key":"REST"},{"floor":41,"key":"REST"},{"floor":46,"key":"REST"},{"floor":49,"key":"REST"},{"data":"Uncharnel","floor":52,"key":"SMITH"}],"circlet_count":0,"master_deck":["Strike_W","Strike_W+1","Strike_W","Strike_W","Defend_W","Defend_W+1","Defend_W+1","Defend_W","Negative_Energy_Arrows+1","Bone_Wall","Negative_Energy_Javelin+1","Bone_Spikes","Summon_Lich","Death_March_Dance","Scare+1","Negative_Energy_Javelin","Finger_Of_Death+1","Negative_Energy_Mist+1","Blood_Curse","Blood_Curse","Reap_The_Weak+1","Violent_Necrosis+1","Chill_Blood","Summon_Lich","Toxic_Smoke_Screen","Scare","Death_Knell","Negative_Energy_Sphere","Blood_Curse","Plague_Bolt","Negative_Energy_Shield","Hellfire","Negative_Energy_Burst+1","Negative_Energy_Shield","Uncharnel+1","Grasp_Heart+1","Bone_Prison+1","Negative_Energy_Mist","Bone_Spikes","Uncharnel+1","Blood_Is_Power","Blood_Is_Power","Exploit+1","Blood_Is_Power","Bones_to_Steel","Siphon_Strength"],"relics":["Vampire_Amulet","Dream Catcher","Nunchaku","ReplayTheSpireMod:Shallot","StrikeDummy","construct:WeddingRing","hubris:Towel","hubris:DisguiseKit","Gremlin Food","Vajra","Pear","reliquary:Aerogel","Onion Ring","SlaversCollar","Strange Spoon","ReplayTheSpireMod:TigerMarble","hubris:FunFungus","reliquary:Stiletto","Lee\u0027s Waffle","Mercury Hourglass"],"acts_visited":["Exordium","theJungle:Jungle","TheBeyond","TheEnding"],"potions_floor_usage":[8,16,24,24,30,30,33,42,55,55],"damage_taken":[{"damage":0,"enemies":"Small Slimes","floor":1,"turns":3},{"damage":0,"enemies":"Jaw Worm","floor":3,"turns":3},{"damage":18,"enemies":"Lagavulin","floor":6,"turns":6},{"damage":18,"enemies":"3 Sentries","floor":8,"turns":7},{"damage":0,"enemies":"2 Louse","floor":13,"turns":1},{"damage":6,"enemies":"Blue Slaver","floor":14,"turns":2},{"damage":25,"enemies":"The Guardian","floor":16,"turns":9},{"damage":4,"enemies":"theJungle:MUSHROOMGANG","floor":18,"turns":4},{"damage":3,"enemies":"theJungle:5_Spyders","floor":21,"turns":6},{"damage":45,"enemies":"theJungle:MamaSnecko","floor":24,"turns":6},{"damage":6,"enemies":"theJungle:2_Snecko_Cultists","floor":25,"turns":4},{"damage":34,"enemies":"theJungle:2_Phrogs","floor":28,"turns":7},{"damage":42,"enemies":"theJungle:MamaSnecko","floor":30,"turns":6},{"damage":19,"enemies":"theJungle:Snecko_Cultist_And_Trap","floor":31,"turns":4},{"damage":37,"enemies":"theJungle:QueenSpyder","floor":33,"turns":11},{"damage":26,"enemies":"3 Darklings","floor":35,"turns":5},{"damage":0,"enemies":"Orb Walker","floor":39,"turns":2},{"damage":17,"enemies":"R_Hoarder","floor":40,"turns":9},{"damage":36,"enemies":"Reptomancer","floor":42,"turns":6},{"damage":14,"enemies":"3 Darklings","floor":44,"turns":7},{"damage":20,"enemies":"Spire Growth","floor":48,"turns":5},{"damage":71,"enemies":"Time Eater","floor":50,"turns":11},{"damage":92,"enemies":"Shield and Spear","floor":54,"turns":8},{"damage":43,"enemies":"The Heart","floor":55,"turns":3}],"seed_played":"3624633069996979887","potions_obtained":[{"floor":3,"key":"EssenceOfSteel"},{"floor":8,"key":"DistilledChaos"},{"floor":14,"key":"Swift Potion"},{"floor":16,"key":"Block Potion"},{"floor":24,"key":"Swift Potion"},{"floor":28,"key":"Guardian:BlockOnCardUsePotion"},{"floor":30,"key":"FairyPotion"},{"floor":31,"key":"Slimebound:ThreeZeroPotion"},{"floor":40,"key":"Regen Potion"},{"floor":44,"key":"LiquidMemories"},{"floor":45,"key":"EssenceOfSteel"}],"is_trial":false,"path_per_floor":["M","?","M","?","?","E","$","E","T","R","?","R","M","M","R","B",null,"M","?","T","M","$","R","E","M","T","R","E","R","E","M","R","B",null,"M","?","$","?","M","E","R","E","T","M","?","R","$","M","R","B",null,"R","$","E","B"],"character_chosen":"NECROMANCER","items_purchased":["ReplayTheSpireMod:Shallot","Gremlin Food","Summon_Lich","Negative_Energy_Shield","Strange Spoon","Blood_Is_Power","Lee\u0027s Waffle","Bones_to_Steel"],"campfire_rested":7,"item_purchase_floors":[7,22,22,37,37,47,47,53],"current_hp_per_floor":[75,75,75,75,75,59,59,47,47,47,47,69,73,69,69,46,75,75,75,75,75,75,75,34,32,42,67,37,62,34,19,44,27,85,61,61,61,61,63,48,72,62,62,50,50,74,88,70,88,26,88,88,88,29,0,0],"gold":48,"neow_bonus":"RANDOM_COMMON_RELIC","is_daily":false,"chose_seed":false,"campfire_upgraded":3,"win_rate":0.0,"timestamp":1612433827,"path_taken":["M","?","M","?","?","E","$","E","T","R","?","R","?","M","R","BOSS","M","?","?","M","?","R","E","M","T","R","E","R","E","?","R","BOSS","M","?","$","?","?","E","R","E","T","M","?","R","$","M","R","BOSS","R","$","E","BOSS"],"items_purchased_type":["Relic","Relic","Card","Card","Relic","Card","Relic","Card"],"build_version":"2020-12-22","purchased_purges":0,"victory":false,"max_hp_per_floor":[75,75,75,75,75,75,75,75,75,75,75,75,75,75,75,75,75,75,75,75,75,75,75,75,75,85,85,85,85,85,85,85,85,85,85,81,81,81,81,81,81,81,81,81,81,81,88,88,88,88,88,88,88,88,88,88],"card_choices":[{"not_picked":["Death_March_Dance","Vampiric_Strike"],"picked":"Negative_Energy_Javelin","floor":1},{"not_picked":["Chill_Blood","Death_Coil"],"picked":"Bone_Spikes","floor":3},{"not_picked":["Plague_Bolt","Stop_Heart"],"picked":"Summon_Lich","floor":5},{"not_picked":["Requiem","Death_Coil"],"picked":"Death_March_Dance","floor":5},{"not_picked":["Vampiric_Strike","Uncharnel"],"picked":"Scare","floor":5},{"not_picked":["Flesh_Made_Foul","Reap_The_Weak"],"picked":"Negative_Energy_Javelin","floor":6},{"not_picked":["Chill_Blood","Summon_Lich"],"picked":"Finger_Of_Death","floor":8},{"not_picked":["Death_Coil","Plague_Bolt"],"picked":"Negative_Energy_Mist","floor":12},{"not_picked":["Chill_Blood","Plague_Bolt"],"picked":"Blood_Curse","floor":13},{"not_picked":["Bones_to_Steel","Bone_Spikes"],"picked":"Blood_Curse","floor":14},{"not_picked":["Blood_Wake","Negative_Energy_Bomb"],"picked":"Reap_The_Weak","floor":16},{"not_picked":["Bone_Armory+1","Strike_from_Beyond+1"],"picked":"Violent_Necrosis","floor":18},{"not_picked":["Finger_Of_Death+1","Bone_Armory","hexamod:SwordOfDarkness"],"picked":"Chill_Blood","floor":21},{"not_picked":["Death_Coil","Life_Tap+1","hexamod:GhostOfSpireFuture"],"picked":"Toxic_Smoke_Screen","floor":24},{"not_picked":["Finger_Of_Death","Summon_Undead_Army","hexamod:HeatMetal"],"picked":"Scare","floor":25},{"not_picked":["Bone_Armor","Blood_Shield+1","hexamod:SwordOfDarkness"],"picked":"Death_Knell","floor":27},{"not_picked":["Detonate_Bones","Consume_Illness","hexamod:RecurringNightmare"],"picked":"Negative_Energy_Sphere","floor":28},{"not_picked":["Bone_Spikes","Scare","hexamod:BurningTouch"],"picked":"Blood_Curse","floor":29},{"not_picked":["Blood_for_Blood","Blood_Is_Power","hexamod:ThirdSeal"],"picked":"Plague_Bolt","floor":30},{"not_picked":["Bones_to_Steel","Death_March_Dance","Summon_Lich","hexamod:BurningTouch"],"picked":"SKIP","floor":31},{"not_picked":["Blood_Whip+1","Bone_Armory","hexamod:NightmareStrike"],"picked":"Negative_Energy_Shield","floor":32},{"not_picked":["Negative_Energy_Bomb","Cloudkill","hexamod:UnleashSpirits"],"picked":"Hellfire","floor":33},{"not_picked":["Bone_Shift","Toxic_Smoke_Screen+1","hexamod:InspiringFlames"],"picked":"Negative_Energy_Burst+1","floor":35},{"not_picked":["Negative_Energy_Javelin+1","Deaths_Shadow","hexamod:RadiantFlame"],"picked":"Uncharnel+1","floor":39},{"not_picked":["Epidemic+1","Flesh_Made_Foul+1","hexamod:NightmareGuise"],"picked":"Grasp_Heart","floor":40},{"not_picked":["Negative_Energy_Burst+1","Consume_Illness","hexamod:EtherealExpedition"],"picked":"Bone_Prison+1","floor":41},{"not_picked":["Blood_Curse","Requiem","hexamod:ShieldOfDarkness"],"picked":"Negative_Energy_Mist","floor":42},{"not_picked":["Slay_Living","Strike_from_Beyond+1","hexamod:EmpoweredFlame"],"picked":"Bone_Spikes","floor":44},{"not_picked":["Vampiric_Strike+1","Bones_to_Steel","hexamod:SwordOfDarkness"],"picked":"Uncharnel","floor":46},{"not_picked":["Chill_Blood","Bone_Armor","hexamod:NightmareGuise"],"picked":"Exploit+1","floor":48},{"not_picked":["Necromantic_Selection","Bone_Prison+1","hexamod:FirstSeal"],"picked":"Blood_Is_Power","floor":49},{"not_picked":["Finger_Of_Death+1","Life_Tap+1","hexamod:SpectersWail"],"picked":"Siphon_Strength","floor":54}],"player_experience":334817,"relics_obtained":[{"floor":6,"key":"Nunchaku"},{"floor":8,"key":"StrikeDummy"},{"floor":20,"key":"hubris:DisguiseKit"},{"floor":24,"key":"Vajra"},{"floor":26,"key":"Pear"},{"floor":28,"key":"reliquary:Aerogel"},{"floor":30,"key":"Onion Ring"},{"floor":40,"key":"ReplayTheSpireMod:TigerMarble"},{"floor":42,"key":"hubris:FunFungus"},{"floor":43,"key":"reliquary:Stiletto"},{"floor":54,"key":"Mercury Hourglass"}],"event_choices":[{"damage_healed":0,"gold_gain":0,"player_choice":"Grow","damage_taken":0,"max_hp_gain":0,"max_hp_loss":0,"event_name":"Living Wall","floor":4,"gold_loss":0,"cards_upgraded":["Negative_Energy_Javelin"]},{"damage_healed":0,"gold_gain":0,"player_choice":"Upgraded","damage_taken":0,"max_hp_gain":0,"max_hp_loss":0,"event_name":"Upgrade Shrine","floor":11,"gold_loss":0,"cards_upgraded":["Finger_Of_Death"]},{"damage_healed":0,"gold_gain":0,"player_choice":"Max HP","damage_taken":0,"max_hp_gain":0,"max_hp_loss":4,"event_name":"Winding Halls","floor":36,"gold_loss":0},{"damage_healed":0,"gold_gain":100,"player_choice":"Pray","damage_taken":0,"max_hp_gain":0,"max_hp_loss":0,"event_name":"Golden Shrine","floor":38,"gold_loss":0},{"damage_healed":0,"gold_gain":0,"player_choice":"Bought 1 Potion","damage_taken":0,"max_hp_gain":0,"max_hp_loss":0,"event_name":"The Woman in Blue","floor":45,"gold_loss":0}],"is_beta":false,"boss_relics":[{"not_picked":["Coffee Dripper","hubris:BlackHole"],"picked":"construct:WeddingRing"},{"not_picked":["reliquary:RedCape","Cursed Key"],"picked":"SlaversCollar"}],"items_purged_floors":[],"is_endless":false,"potions_floor_spawned":[3,8,14,16,24,28,30,31,40,44],"killed_by":"The Heart","ascension_level":1}}