{"host":"t9q14bihfoo75lsb","time":1612421394,"event":{"mods":["100% Spire Juice","Act Like it!","Arknights","BaseMod","Elementarium","Hermit","Koishi","Minty Spire (QoL Compilation)","Prisma Mod","Shop Mod","Spicy Shops","StSLib","The Cursed","The Dragon Tamer","The Hierophant","The Runesmith"],"gold_per_floor":[113,124,91,111,111,111,146,164,191,223,243,269,285,315,315,410,50,64,43,64,90,116,145,145,145],"floor_reached":24,"language":"KOR","playtime":1017,"items_purged":["Moonworks:Strike"],"score":319,"play_id":"78d42f66-f2ca-41ea-9163-54513c76ba6d","local_time":"20210204154954","is_ascension_mode":true,"campfire_choices":[{"data":"Moonworks:EvilSpyWorkPreparation","floor":6,"key":"SMITH"},{"floor":15,"key":"RECALL"}],"circlet_count":0,"master_deck":["Moonworks:Strike","Moonworks:Strike","Moonworks:Strike","Moonworks:Defend","Moonworks:Defend","Moonworks:Defend","Moonworks:Defend","Moonworks:Ambush","Moonworks:LongDistanceShot","Moonworks:Bloodlust","Moonworks:EvilSpyWorkPreparation+1","Moonworks:SakisCookie","Master of Strategy","Moonworks:DeployBits","Moonworks:EvilSpyWorkPreparation","Moonworks:EvilSpyWorkPreparation","Moonworks:EvilSpyWorkPreparation","Moonworks:LuckyCharm","Moonworks:NicePresent","Moonworks:NicePresent","Moonworks:SakisCookie","Moonworks:SweetBattle","Moonworks:Bloodlust","Moonworks:SakisCookie","Moonworks:NicePresent"],"relics":["Moonworks:BrokenBomb","Moonworks:Homemark","Omamori","MerchantsRug","Chemical X","Oddly Smooth Stone","Tiny Chest","CultistMask","PreservedInsect","Bag of Marbles","Pantograph","Juzu Bracelet","SlaversCollar","Happy Flower","Frozen Egg 2","CeramicFish","Blue Candle","OrangePellets"],"acts_visited":["Exordium","TheCity"],"potions_floor_usage":[12,12,14],"damage_taken":[{"damage":0,"enemies":"2 Louse","floor":1,"turns":2},{"damage":9,"enemies":"Cultist","floor":2,"turns":4},{"damage":12,"enemies":"Jaw Worm","floor":4,"turns":2},{"damage":51,"enemies":"Gremlin Nob","floor":7,"turns":5},{"damage":8,"enemies":"Exordium Thugs","floor":8,"turns":3},{"damage":18,"enemies":"Lagavulin","floor":10,"turns":6},{"damage":1,"enemies":"3 Louse","floor":11,"turns":2},{"damage":23,"enemies":"Gremlin Nob","floor":12,"turns":3},{"damage":8,"enemies":"Lots of Slimes","floor":13,"turns":2},{"damage":28,"enemies":"Lagavulin","floor":14,"turns":5},{"damage":60,"enemies":"Hexaghost","floor":16,"turns":10},{"damage":10,"enemies":"Chosen","floor":18,"turns":4},{"damage":24,"enemies":"2 Thieves","floor":20,"turns":3},{"damage":50,"enemies":"Cultist and Chosen","floor":21,"turns":7},{"damage":30,"enemies":"Centurion and Healer","floor":22,"turns":4},{"damage":32,"enemies":"3 Cultists","floor":23,"turns":4},{"damage":93,"enemies":"Gremlin Leader","floor":24,"turns":5}],"seed_played":"-2012976626996152074","potions_obtained":[{"floor":1,"key":"SpeedPotion"},{"floor":4,"key":"SkillPotion"},{"floor":10,"key":"Swift Potion"},{"floor":12,"key":"Dexterity Potion"},{"floor":14,"key":"Ancient Potion"},{"floor":18,"key":"Ancient Potion"},{"floor":23,"key":"Weak Potion"}],"is_trial":false,"path_per_floor":["M","M","$","M","?","R","E","M","T","E","M","E","M","E","R","B",null,"M","$","M","M","M","M","E"],"character_chosen":"THE_STARBREAKER","items_purchased":["MerchantsRug","Moonworks:SakisCookie","Chemical X","Oddly Smooth Stone","Tiny Chest","Master of Strategy","Happy Flower","Frozen Egg 2","Moonworks:SakisCookie","CeramicFish","Blue Candle","OrangePellets"],"campfire_rested":0,"item_purchase_floors":[3,3,3,3,3,3,19,19,19,19,19,19],"current_hp_per_floor":[60,55,55,55,55,55,18,22,22,18,19,10,6,7,7,16,60,58,58,48,18,60,56,0,0],"gold":145,"neow_bonus":"RANDOM_COMMON_RELIC","is_daily":false,"chose_seed":false,"campfire_upgraded":1,"win_rate":0.0,"timestamp":1612421394,"path_taken":["M","M","$","M","?","R","E","M","T","E","?","E","M","E","R","BOSS","M","$","M","M","M","M","E"],"items_purchased_type":["Relic","Card","Relic","Relic","Relic","Card","Relic","Relic","Card","Relic","Relic","Relic"],"build_version":"2020-12-22","purchased_purges":1,"victory":false,"max_hp_per_floor":[60,60,60,60,60,60,60,60,60,60,60,60,60,60,60,60,60,60,60,60,60,60,60,60,60],"card_choices":[{"not_picked":["Moonworks:MiracleWalker","Moonworks:BigMagnum"],"picked":"Moonworks:Bloodlust","floor":1},{"not_picked":["Moonworks:CloudOfSeagulls","Moonworks:LulusLuckyEgg"],"picked":"Moonworks:EvilSpyWorkPreparation","floor":2},{"not_picked":["Moonworks:JonathanRush","Moonworks:BigMagnum"],"picked":"Moonworks:DeployBits","floor":4},{"not_picked":["Moonworks:SakisCookie","Moonworks:IndiscriminateFireSupport"],"picked":"Moonworks:EvilSpyWorkPreparation","floor":7},{"not_picked":["Moonworks:ForcedRevival","Moonworks:ImmovableObject"],"picked":"Moonworks:EvilSpyWorkPreparation","floor":8},{"not_picked":["Moonworks:Blazing","Moonworks:BigMagnum","Moonworks:JonathanRush"],"picked":"SKIP","floor":10},{"not_picked":["Moonworks:ImmovableObject","Moonworks:BeyondHell"],"picked":"Moonworks:EvilSpyWorkPreparation","floor":11},{"not_picked":["Moonworks:Dash","Moonworks:ImOnFire"],"picked":"Moonworks:LuckyCharm","floor":12},{"not_picked":["Moonworks:IndiscriminateFireSupport","Moonworks:BigMagnum","Moonworks:UnluckyCharm"],"picked":"SKIP","floor":13},{"not_picked":["Moonworks:LulusLuckyEgg","Moonworks:CloudOfSeagulls"],"picked":"Moonworks:NicePresent","floor":14},{"not_picked":["Moonworks:Dash","Moonworks:CloudOfSeagulls"],"picked":"Moonworks:NicePresent","floor":18},{"not_picked":["Moonworks:LulusLuckyEgg+1","Moonworks:MixPhenomenon"],"picked":"Moonworks:SweetBattle","floor":20},{"not_picked":["Moonworks:BigMagnum+1","Moonworks:Assault"],"picked":"Moonworks:Bloodlust","floor":21},{"not_picked":["Moonworks:IndiscriminateFireSupport","Moonworks:AngelHand"],"picked":"Moonworks:SakisCookie","floor":22},{"not_picked":["Moonworks:BigBangBell","Moonworks:IndiscriminateFireSupport"],"picked":"Moonworks:NicePresent","floor":23}],"player_experience":513776,"relics_obtained":[{"floor":7,"key":"PreservedInsect"},{"floor":10,"key":"Bag of Marbles"},{"floor":12,"key":"Pantograph"},{"floor":14,"key":"Juzu Bracelet"}],"event_choices":[{"damage_healed":0,"gold_gain":0,"player_choice":"Trade","damage_taken":0,"relics_obtained":["CultistMask"],"max_hp_gain":0,"max_hp_loss":0,"event_name":"FaceTrader","floor":5,"gold_loss":0}],"is_beta":false,"boss_relics":[{"not_picked":["Calling Bell","Astrolabe"],"picked":"SlaversCollar"}],"items_purged_floors":[19],"is_endless":false,"potions_floor_spawned":[1,4,10,12,14,18,23],"killed_by":"Gremlin Leader","ascension_level":1}}