{"host":"1p8eqzpvl5sxeu5t","time":1612451166,"event":{"mods":["BaseMod","Bestiary","Block Reminder","Colored Map","Colored Powertips","Curses Come First","Dark Map","Downfall","Highlight Path","Minty Spire (QoL Compilation)","Morshu Shopkeeper","Morshu Shopkeeper - ENHANCED","Relic Stats","StSLib","The IronCluck","Waifu the Spire","everything is the same but u backflip on backflip","slay the spire mod where everything is the same but ironclad has a cowboy hat"],"gold_per_floor":[99,113,176,193,205,205,205,230,250,284,301,321,321,331,347,443,443,443,458,458,458,472,506,531,543,443,471,471,504,520,272,285,390,390,290,310,501,511,511,521,548,448,448,471,496,496,515,545,557,557,557,589,276,276,276,276],"floor_reached":57,"language":"ENG","playtime":3045,"items_purged":["bronze:Strike"],"score":1994,"play_id":"671d4c4a-ff1b-4395-b662-56cf8d1e6622","local_time":"20210204230606","is_ascension_mode":true,"campfire_choices":[{"data":"bronze:Goto","floor":1.0,"key":"SMITH"},{"floor":13.0,"key":"REST"},{"data":"bronze:FindAndReplace","floor":18.0,"key":"SMITH"},{"data":"bronze:BugBarrage","floor":26,"key":"SMITH"},{"data":"bronze:Allocate","floor":28,"key":"SMITH"},{"floor":35,"key":"RECALL"},{"data":"expansioncontent:YouAreMine","floor":42,"key":"SMITH"},{"data":"bronze:Terminator","floor":54,"key":"SMITH"}],"circlet_count":0,"master_deck":["bronze:Defend+1","bronze:Defend+1","bronze:Replicate+1","bronze:Goto+1","bronze:ChosenStrike+1","bronze:WhirlingStrike+1","bronze:OilSpill+1","bronze:Shield","bronze:FindAndReplace+1","bronze:Format","bronze:Terminator+1","bronze:BugBarrage+1","bronze:Allocate+1","bronze:MaxOutput+1","bronze:BurnOut+1","bronze:ItsAFeature","bronze:Format","bronze:FineTuning+1","expansioncontent:YouAreMine+1","bronze:Verify"],"relics":["bronze:BronzeCore","Mango","White Beast Statue","Ancient Tea Set","The Courier","Black Star","Regal Pillow","War Paint","downfall:HeartBlessingBlue","bronze:Mallet","Pear","HornCleat","Mummified Hand","Vajra","Coffee Dripper","downfall:HeartBlessingGreen","Slimebound:StickyStick","Toy Ornithopter","downfall:HeartBlessingRed","Oddly Smooth Stone","Whetstone","Orichalcum","MealTicket","Juzu Bracelet","Centennial Puzzle","Lantern","Anchor","Bottled Tornado"],"acts_visited":["Exordium","TheCity","TheBeyond","TheEnding"],"potions_floor_usage":[23,27,29,33,50,56],"damage_taken":[{"damage":1.0,"enemies":"2 Louse","floor":2.0,"turns":3.0},{"damage":30.0,"enemies":"3 Sentries","floor":3.0,"turns":11.0},{"damage":0.0,"enemies":"Small Slimes","floor":4.0,"turns":3.0},{"damage":1.0,"enemies":"Cultist","floor":5.0,"turns":3.0},{"damage":20.0,"enemies":"3 Sentries","floor":8.0,"turns":7.0},{"damage":0.0,"enemies":"Exordium Wildlife","floor":9.0,"turns":2.0},{"damage":0.0,"enemies":"Lagavulin","floor":10.0,"turns":4.0},{"damage":1.0,"enemies":"Large Slime","floor":11.0,"turns":2.0},{"damage":0.0,"enemies":"Exordium Thugs","floor":12.0,"turns":3.0},{"damage":0.0,"enemies":"2 Fungi Beasts","floor":14.0,"turns":1.0},{"damage":0.0,"enemies":"Large Slime","floor":15.0,"turns":1.0},{"damage":12.0,"enemies":"IC_STATUS_ARCHETYPE","floor":16.0,"turns":4.0},{"damage":0.0,"enemies":"3 Byrds","floor":19.0,"turns":3.0},{"damage":1.0,"enemies":"Chosen","floor":22.0,"turns":3.0},{"damage":14,"enemies":"Book of Stabbing","floor":23,"turns":4},{"damage":2,"enemies":"Snake Plant","floor":25,"turns":3},{"damage":1,"enemies":"Gremlin Leader","floor":27,"turns":3},{"damage":1,"enemies":"Book of Stabbing","floor":29,"turns":2},{"damage":4,"enemies":"Cultist and Chosen","floor":30,"turns":3},{"damage":0,"enemies":"downfall:FleeingMerchant","floor":31,"turns":4},{"damage":4,"enemies":"Chosen and Byrds","floor":32,"turns":4},{"damage":6,"enemies":"DF_ARCHETYPE_CLAW","floor":33,"turns":3},{"damage":0,"enemies":"Orb Walker","floor":36,"turns":1},{"damage":0,"enemies":"downfall:FleeingMerchant","floor":37,"turns":2},{"damage":0,"enemies":"3 Darklings","floor":38,"turns":2},{"damage":0,"enemies":"Spire Growth","floor":40,"turns":2},{"damage":0,"enemies":"Nemesis","floor":45,"turns":3},{"damage":0,"enemies":"Transient","floor":47,"turns":5},{"damage":0,"enemies":"Giant Head","floor":48,"turns":4},{"damage":0,"enemies":"4 Shapes","floor":49,"turns":2},{"damage":0,"enemies":"SI_POISON_ARCHETYPE","floor":50,"turns":2},{"damage":0,"enemies":"downfall:CharBossMerchant","floor":52,"turns":2},{"damage":0,"enemies":"downfall:NeowBoss","floor":55,"turns":4},{"damage":26,"enemies":"downfall:NeowBossFinal","floor":56,"turns":4}],"seed_played":"1780516171525050425","potions_obtained":[{"floor":2.0,"key":"CultistPotion"},{"floor":8.0,"key":"SpeedPotion"},{"floor":9.0,"key":"DuplicationPotion"},{"floor":10.0,"key":"Block Potion"},{"floor":11.0,"key":"Guardian:BlockOnCardUsePotion"},{"floor":12.0,"key":"AttackPotion"},{"floor":16.0,"key":"Fruit Juice"},{"floor":19.0,"key":"SpeedPotion"},{"floor":23,"key":"Block Potion"},{"floor":27,"key":"DistilledChaos"},{"floor":29,"key":"GamblersBrew"},{"floor":30,"key":"PowerPotion"},{"floor":33,"key":"SkillPotion"},{"floor":37,"key":"LiquidMemories"},{"floor":52,"key":"Ancient Potion"}],"is_trial":false,"path_per_floor":["R","M","?","M","M","?","T","E","M","E","M","M","R","M","M","B",null,"R","M","?","?","M","E","T","M","R","E","R","E","M","$","M","B",null,"R","M","$","M","?","M","T","R","?","?","E","?","M","E","M","B",null,"E","$","R","B","B",null],"character_chosen":"THE_AUTOMATON","items_purchased":["bronze:ItsAFeature","Vajra","Slimebound:StickyStick","Anchor","Bottled Tornado"],"campfire_rested":1,"item_purchase_floors":[31,31,37,53,53],"current_hp_per_floor":[70,69,53,53,52,52,52,32,32,32,31,31,56,56,56,44,84,84,89,89,89,88,74,74,72,82,91,91,90,86,86,82,76,109,109,109,109,109,109,109,109,109,109,109,109,109,109,109,109,109,109,109,109,109,109,83],"gold":276,"neow_bonus":"REMOVE_CARD","is_daily":false,"chose_seed":false,"campfire_upgraded":6,"win_rate":0.0,"timestamp":1612451166,"path_taken":["R","M","?","M","M","?","T","E","M","E","?","M","R","M","M","BOSS","R","M","?","?","M","E","T","M","R","E","R","E","?","$","M","BOSS","R","M","$","M","?","M","T","R","?","?","E","?","M","E","M","BOSS","E","$","R","BOSS","BOSS"],"items_purchased_type":["Card","Relic","Relic","Relic","Relic"],"build_version":"2020-12-22","purchased_purges":1,"victory":true,"max_hp_per_floor":[70,70,84,84,84,84,84,84,84,84,84,84,84,84,84,84,84,84,89,89,89,89,89,89,89,99,109,109,109,109,109,109,109,109,109,109,109,109,109,109,109,109,109,109,109,109,109,109,109,109,109,109,109,109,109,109],"relic_stats":{"Regal Pillow":0,"Centennial Puzzle":[3],"counters":[34,109],"Mummified Hand":[37],"MealTicket":0,"Black Star":6,"Juzu Bracelet":0,"Whetstone":["bronze:BurnOut","bronze:Replicate"],"War Paint":["bronze:Defend","bronze:Defend"],"Orichalcum":[12],"obtain_stats":[{"Regal Pillow":23,"Lantern":52,"bronze:BronzeCore":0,"Vajra":31,"Mango":3,"downfall:HeartBlessingGreen":35,"Juzu Bracelet":48,"bronze:Mallet":27,"Whetstone":45,"Bottled Tornado":53,"Ancient Tea Set":8,"Centennial Puzzle":52,"HornCleat":29,"downfall:HeartBlessingBlue":26,"Mummified Hand":29,"Slimebound:StickyStick":37,"MealTicket":48,"Pear":27,"downfall:HeartBlessingRed":42,"Oddly Smooth Stone":44,"The Courier":10,"War Paint":23,"Orichalcum":45,"White Beast Statue":7,"Anchor":53,"Black Star":17,"Coffee Dripper":34,"Toy Ornithopter":41},{"Regal Pillow":15,"Lantern":32,"bronze:BronzeCore":0,"Vajra":20,"Mango":2,"downfall:HeartBlessingGreen":22,"Juzu Bracelet":29,"bronze:Mallet":17,"Whetstone":27,"Bottled Tornado":32,"Ancient Tea Set":5,"Centennial Puzzle":32,"HornCleat":18,"downfall:HeartBlessingBlue":16,"Mummified Hand":18,"Slimebound:StickyStick":24,"MealTicket":29,"Pear":17,"downfall:HeartBlessingRed":26,"Oddly Smooth Stone":26,"The Courier":7,"War Paint":15,"Orichalcum":27,"White Beast Statue":4,"Anchor":32,"Black Star":12,"Coffee Dripper":22,"Toy Ornithopter":26},{"Regal Pillow":54,"Lantern":101,"bronze:BronzeCore":0,"Vajra":69,"Mango":14,"downfall:HeartBlessingGreen":76,"Juzu Bracelet":95,"bronze:Mallet":60,"Whetstone":86,"Bottled Tornado":101,"Ancient Tea Set":27,"Centennial Puzzle":101,"HornCleat":62,"downfall:HeartBlessingBlue":57,"Mummified Hand":62,"Slimebound:StickyStick":79,"MealTicket":95,"Pear":60,"downfall:HeartBlessingRed":83,"Oddly Smooth Stone":83,"The Courier":33,"War Paint":54,"Orichalcum":86,"White Beast Statue":20,"Anchor":101,"Black Star":44,"Coffee Dripper":76,"Toy Ornithopter":83}],"Toy Ornithopter":0},"card_choices":[{"not_picked":["bronze:Branch","bronze:BuggyMess"],"picked":"bronze:ChosenStrike","floor":2.0},{"not_picked":["bronze:BuggyMess","bronze:BugBarrage"],"picked":"bronze:WhirlingStrike","floor":3.0},{"not_picked":["bronze:ForLoop","bronze:Iterate","bronze:Shell"],"picked":"SKIP","floor":4.0},{"not_picked":["bronze:Allocate","bronze:BronzeArmor"],"picked":"bronze:OilSpill","floor":5.0},{"not_picked":["bronze:Overheat","bronze:Frontload"],"picked":"bronze:Shield","floor":8.0},{"not_picked":["bronze:ClassDefault","bronze:Safeguard","bronze:BronzeArmor"],"picked":"SKIP","floor":9.0},{"not_picked":["bronze:BugBarrage","bronze:BitShift","bronze:DarkDash"],"picked":"SKIP","floor":10.0},{"not_picked":["bronze:BronzeArmor","bronze:Turbo","bronze:Constructor"],"picked":"SKIP","floor":11.0},{"not_picked":["bronze:Branch","bronze:BitShift","bronze:Safeguard"],"picked":"SKIP","floor":12.0},{"not_picked":["bronze:WildBeam","bronze:BugBarrage"],"picked":"bronze:FindAndReplace","floor":14.0},{"not_picked":["bronze:BugBarrage","bronze:BuggyMess","bronze:BitShift"],"picked":"SKIP","floor":15.0},{"not_picked":["bronze:Mutator","bronze:Break"],"picked":"bronze:Format","floor":16.0},{"not_picked":["bronze:Refactor","bronze:WhirlingStrike","bronze:BuggyMess"],"picked":"SKIP","floor":19.0},{"not_picked":["bronze:Deprecate","bronze:WhirlingStrike"],"picked":"bronze:Allocate","floor":22.0},{"not_picked":["bronze:Separator","bronze:Repair","bronze:BugBarrage"],"picked":"SKIP","floor":23},{"not_picked":["bronze:Separator","bronze:Repair","bronze:BugBarrage"],"picked":"SKIP","floor":23},{"not_picked":["bronze:DelayedSlice","bronze:ForceShield","bronze:Safeguard"],"picked":"SKIP","floor":25},{"not_picked":["bronze:OilSpill","bronze:WildBeam"],"picked":"bronze:MaxOutput+1","floor":27},{"not_picked":["bronze:Repulsor","bronze:InfiniteBeams","bronze:Fortify+1"],"picked":"SKIP","floor":29},{"not_picked":["bronze:Turbo","bronze:Deprecate","bronze:CloningBeam"],"picked":"SKIP","floor":30},{"not_picked":["bronze:DelayedGuard","bronze:Boost+1"],"picked":"bronze:BurnOut","floor":31},{"not_picked":["bronze:BugBarrage","bronze:Overheat","bronze:Philosophize"],"picked":"SKIP","floor":32},{"not_picked":["bronze:SpaghettiCode","bronze:BurnOut"],"picked":"bronze:Format","floor":33},{"not_picked":["bronze:WhirlingStrike","bronze:Overheat","bronze:Fortify"],"picked":"SKIP","floor":36},{"not_picked":["bronze:Invalidate+1","bronze:BuggyMess+1"],"picked":"bronze:FineTuning+1","floor":37},{"not_picked":["bronze:Boost+1","bronze:DigitalCarnage","bronze:Flail"],"picked":"SKIP","floor":38},{"not_picked":["expansioncontent:LastStand","expansioncontent:PolyBeam"],"picked":"expansioncontent:YouAreMine","floor":39},{"not_picked":["bronze:Branch+1","bronze:Return+1","bronze:Overload+1"],"picked":"SKIP","floor":40},{"not_picked":["bronze:FollowUp","bronze:Fortify+1"],"picked":"bronze:Verify","floor":45},{"not_picked":["bronze:Separator+1","bronze:Turbo","bronze:Boost+1"],"picked":"SKIP","floor":47},{"not_picked":["bronze:FineTuning","bronze:BugBarrage+1","bronze:DelayedGuard"],"picked":"SKIP","floor":48},{"not_picked":["bronze:FollowUp","bronze:DelayedSlice+1","bronze:BronzeOrb"],"picked":"SKIP","floor":49},{"not_picked":["bronze:GetLatest","bronze:AlphaBuild","bronze:DelayedGuard"],"picked":"SKIP","floor":52}],"player_experience":880609,"relics_obtained":[{"floor":3.0,"key":"Mango"},{"floor":7.0,"key":"White Beast Statue"},{"floor":8.0,"key":"Ancient Tea Set"},{"floor":10.0,"key":"The Courier"},{"floor":23,"key":"Regal Pillow"},{"floor":23,"key":"War Paint"},{"floor":27,"key":"bronze:Mallet"},{"floor":27,"key":"Pear"},{"floor":29,"key":"HornCleat"},{"floor":29,"key":"Mummified Hand"},{"floor":41,"key":"Toy Ornithopter"},{"floor":44,"key":"Oddly Smooth Stone"},{"floor":45,"key":"Whetstone"},{"floor":45,"key":"Orichalcum"},{"floor":48,"key":"MealTicket"},{"floor":48,"key":"Juzu Bracelet"},{"floor":52,"key":"Centennial Puzzle"},{"floor":52,"key":"Lantern"}],"event_choices":[{"damage_healed":0.0,"max_hp_gain":0.0,"max_hp_loss":0.0,"gold_gain":0.0,"cards_transformed":["bronze:Strike","bronze:Defend"],"event_name":"Drug Dealer","player_choice":"Became Test Subject","floor":20.0,"gold_loss":0.0,"damage_taken":0.0,"cards_obtained":["bronze:Terminator","bronze:BugBarrage"]},{"cards_removed":["bronze:Strike"],"damage_healed":0.0,"max_hp_gain":0.0,"max_hp_loss":0.0,"gold_gain":0.0,"event_name":"Wheel of Change","player_choice":"Card Removal","floor":21.0,"gold_loss":0.0,"damage_taken":0.0},{"cards_removed":["bronze:Defend"],"damage_healed":0,"gold_gain":0,"player_choice":"Removed Skill","damage_taken":0,"max_hp_gain":0,"max_hp_loss":0,"event_name":"Falling","floor":43,"gold_loss":0}],"is_beta":false,"boss_relics":[{"not_picked":["Runic Dome","Tiny House"],"picked":"Black Star"},{"not_picked":["expansioncontent:StudyCardRelic","Snecko Eye"],"picked":"Coffee Dripper"}],"items_purged_floors":[31],"is_endless":false,"potions_floor_spawned":[2,8,9,10,11,12,14,15,16,19,22,23,25,27,29,30,31,32,33,36,37,38,40,45,47,48,49,52],"ascension_level":3}}