{"host":"t9q14bihfoo75lsb","time":1612418505,"event":{"mods":["100% Spire Juice","Act Like it!","Arknights","BaseMod","Elementarium","Hermit","Koishi","Minty Spire (QoL Compilation)","Prisma Mod","Shop Mod","Spicy Shops","StSLib","The Cursed","The Dragon Tamer","The Hierophant","The Runesmith"],"gold_per_floor":[119,294,313,388,388,388,420,77,77,94,94,94,126,140,140,235,235,248,258,274,274,288,322,322,322,322,237,247,56,56,73,73,177,177,197,207,217,217,232,263,263,263,263,263,289,289,309,336,336,336,336,336,92,127,127],"floor_reached":56,"language":"KOR","playtime":2270,"items_purged":["Doubt","Koishi:BasicStrike"],"score":1391,"play_id":"f5debfe8-1f58-4d00-a5cc-80746c685121","local_time":"20210204150145","is_ascension_mode":true,"campfire_choices":[{"data":"Koishi:UnconsciousUrges","floor":6,"key":"SMITH"},{"data":"Koishi:SprinkleStarAndHeart","floor":12,"key":"SMITH"},{"data":"Koishi:SubterraneanRose","floor":15,"key":"SMITH"},{"floor":24,"key":"RECALL"},{"floor":32,"key":"REST"},{"data":"Koishi:BramblyRoseGarden","floor":42,"key":"SMITH"},{"data":"Koishi:UnconsciousUrges","floor":44,"key":"SMITH"},{"data":"Koishi:Untouchable","floor":46,"key":"SMITH"},{"data":"Koishi:RorschachInDanmaku","floor":49,"key":"SMITH"},{"data":"Koishi:SpiritedAway","floor":52,"key":"SMITH"}],"circlet_count":0,"master_deck":["Koishi:BasicStrike","Koishi:BasicStrike","Koishi:BasicDefend","Koishi:BasicDefend","Koishi:BasicDefend","Koishi:Provoke","Koishi:HauntingSlash","Koishi:SpiritedAway+1","Koishi:UnconsciousUrges+1","Koishi:RorschachInDanmaku+1","Koishi:UnconsciousUrges+1","Koishi:SprinkleStarAndHeart+1","Koishi:SubterraneanRose+1","Koishi:SuperEgo","Koishi:TerrifyingSpectre","Koishi:SubconsciousSweep","Koishi:SpiritedAway+1","Koishi:SubconsciousSweep","Necronomicurse","Koishi:UnconsciousUrges+1","Koishi:BramblyRoseGarden+1","Koishi:HeartAttack+1","Koishi:HeartAttack+1","Koishi:SpiritedAway+1","Koishi:MentalBreakdown+1","CurseOfTheBell","Koishi:Prune+1","Koishi:Untouchable+1","Koishi:Possession","Koishi:VengefulSpirit+1","Master of Strategy","Violence","Master of Strategy","Koishi:SubterraneanRose+1","Koishi:HeartAttack+1","Koishi:Untouchable","Koishi:UnconsciousUprising+1","Koishi:FreudianInstinct+1","Koishi:Prune+1"],"relics":["Koishi:ImaginaryFriend","NeowsBlessing","Thread and Needle","Lizard Tail","Peace Pipe","Bird Faced Urn","Koishi:ColorfulDays","Necronomicon","Question Card","Nunchaku","Molten Egg 2","Akabeko","DollysMirror","Calling Bell","Regal Pillow","InkBottle","Ginger","Matryoshka","PreservedInsect","Ornamental Fan","Koishi:TeethAndClaws","Pen Nib","Orrery","Eternal Feather"],"acts_visited":["Exordium","TheCity","TheBeyond","TheEnding"],"potions_floor_usage":[16,23,23,33,45,45,50,55],"damage_taken":[{"damage":0,"enemies":"2 Louse","floor":1,"turns":1},{"damage":0,"enemies":"Jaw Worm","floor":3,"turns":1},{"damage":0,"enemies":"Gremlin Nob","floor":7,"turns":1},{"damage":0,"enemies":"Small Slimes","floor":10,"turns":4},{"damage":4,"enemies":"Lagavulin","floor":13,"turns":9},{"damage":3,"enemies":"3 Louse","floor":14,"turns":5},{"damage":36,"enemies":"Slime Boss","floor":16,"turns":14},{"damage":6,"enemies":"3 Byrds","floor":18,"turns":4},{"damage":23,"enemies":"Chosen","floor":19,"turns":5},{"damage":8,"enemies":"Shelled Parasite and Fungi","floor":20,"turns":7},{"damage":14,"enemies":"Sentry and Sphere","floor":22,"turns":5},{"damage":15,"enemies":"Book of Stabbing","floor":23,"turns":7},{"damage":2,"enemies":"Chosen and Byrds","floor":28,"turns":3},{"damage":2,"enemies":"Cultist and Chosen","floor":31,"turns":2},{"damage":6,"enemies":"Collector","floor":33,"turns":5},{"damage":0,"enemies":"Orb Walker","floor":35,"turns":2},{"damage":12,"enemies":"3 Darklings","floor":36,"turns":5},{"damage":11,"enemies":"Sphere and 2 Shapes","floor":37,"turns":4},{"damage":10,"enemies":"Transient","floor":39,"turns":5},{"damage":29,"enemies":"Reptomancer","floor":40,"turns":6},{"damage":16,"enemies":"Nemesis","floor":45,"turns":3},{"damage":0,"enemies":"Maw","floor":47,"turns":4},{"damage":0,"enemies":"Giant Head","floor":48,"turns":4},{"damage":47,"enemies":"Time Eater","floor":50,"turns":9},{"damage":28,"enemies":"Shield and Spear","floor":54,"turns":4},{"damage":42,"enemies":"The Heart","floor":55,"turns":6}],"seed_played":"6749709256488221762","potions_obtained":[{"floor":1,"key":"FearPotion"},{"floor":10,"key":"GamblersBrew"},{"floor":13,"key":"DuplicationPotion"},{"floor":14,"key":"DuplicationPotion"},{"floor":18,"key":"PowerPotion"},{"floor":33,"key":"Weak Potion"},{"floor":36,"key":"FearPotion"},{"floor":39,"key":"Swift Potion"},{"floor":47,"key":"FairyPotion"},{"floor":54,"key":"FearPotion"}],"is_trial":false,"path_per_floor":["M","?","M","?","?","R","E","$","T","M","?","R","E","M","R","B",null,"M","M","M","?","M","E","R","T","T","?","M","$","?","M","R","B",null,"M","M","M","?","M","E","?","R","T","R","E","R","M","E","R","B",null,"R","$","E","B",null],"character_chosen":"KOISHI","items_purchased":["Peace Pipe","Koishi:UnconsciousUrges","Koishi:SprinkleStarAndHeart","Koishi:HeartAttack+1","DollysMirror","Orrery"],"campfire_rested":1,"item_purchase_floors":[8,8,8,29,29,53],"current_hp_per_floor":[60,60,60,49,49,49,49,49,49,49,49,49,49,50,50,18,60,55,38,38,22,14,9,9,9,9,9,13,13,13,15,33,37,60,60,51,48,48,47,27,17,17,17,17,11,11,24,35,35,18,60,60,60,32,9],"gold":127,"neow_bonus":"THREE_ENEMY_KILL","is_daily":false,"chose_seed":false,"campfire_upgraded":8,"win_rate":0.0,"timestamp":1612418505,"path_taken":["M","?","M","?","?","R","E","$","T","?","?","R","E","M","R","BOSS","M","M","M","?","M","E","R","?","T","?","?","$","?","?","R","BOSS","M","M","M","?","M","E","?","R","T","R","E","R","M","E","R","BOSS","R","$","E","BOSS"],"items_purchased_type":["Relic","Card","Card","Card","Relic","Relic"],"build_version":"2020-12-22","purchased_purges":2,"victory":true,"max_hp_per_floor":[60,60,60,60,60,60,60,60,60,60,60,60,60,60,60,60,60,60,60,60,60,60,60,60,60,60,60,60,60,60,60,60,60,60,60,60,60,60,60,60,60,60,60,60,60,60,60,60,60,60,60,60,60,60,60],"card_choices":[{"not_picked":["Koishi:MindNumbingTerror","Koishi:Prune"],"picked":"Koishi:SpiritedAway","floor":1},{"not_picked":["Koishi:RacingHeart","Koishi:DreadfulBlow"],"picked":"Koishi:UnconsciousUrges","floor":3},{"not_picked":["Koishi:CatchAndRose","Koishi:Heartbroken"],"picked":"Koishi:RorschachInDanmaku","floor":7},{"not_picked":["Koishi:Untouchable","Koishi:DanmakuParanoia"],"picked":"Koishi:SubterraneanRose","floor":10},{"not_picked":["Koishi:UnconsciousUprising","Koishi:FidgetySnatcher"],"picked":"Koishi:SuperEgo","floor":13},{"not_picked":["Koishi:GhostParty","Koishi:HeartfeltFancy","Koishi:DreadfulBlow"],"picked":"SKIP","floor":14},{"not_picked":["Koishi:HeartStoppingHorror","Koishi:GrowingPain"],"picked":"Koishi:TerrifyingSpectre","floor":16},{"not_picked":["Koishi:StrangeCloudFist","Koishi:Jaunt"],"picked":"Koishi:SubconsciousSweep","floor":18},{"not_picked":["Koishi:RorschachInDanmaku","Koishi:UnconsciousUprising"],"picked":"Koishi:SpiritedAway+1","floor":19},{"not_picked":["Koishi:RacingHeart","Koishi:Catatonia+1"],"picked":"Koishi:SubconsciousSweep","floor":20},{"not_picked":["Koishi:BloodcurdlingScream+1","Koishi:ParalyzingFear","Koishi:PhantomStrike+1"],"picked":"SKIP","floor":22},{"not_picked":["Koishi:Whimsy","Koishi:Jaunt"],"picked":"Koishi:UnconsciousUrges","floor":23},{"not_picked":["Koishi:PhantomStrike+1","Koishi:RoseHell","Koishi:CatchAndRose"],"picked":"Koishi:BramblyRoseGarden","floor":28},{"not_picked":["Koishi:SubterraneanRose","Koishi:ReflexRadar","Koishi:StrangeCloudFist+1"],"picked":"Koishi:SpiritedAway+1","floor":31},{"not_picked":["Koishi:RuptureMind+1","Koishi:ConfinedInnocent","Koishi:SuperEgo+1"],"picked":"Koishi:MentalBreakdown+1","floor":33},{"not_picked":["Koishi:HeartAttack+1","Koishi:DNAsFlaw","Koishi:ParalyzingFear+1"],"picked":"Koishi:Prune+1","floor":35},{"not_picked":["Koishi:PredatoryInstincts+1","Koishi:UnansweredLove","Koishi:PhantomBarrier+1"],"picked":"Koishi:Untouchable","floor":36},{"not_picked":["Koishi:RacingHeart+1","Koishi:Jaunt+1","Koishi:PhilosophyOfTheDespised+1","Koishi:TremblingHands+1"],"picked":"SKIP","floor":37},{"not_picked":["Koishi:JumpScare+1","Koishi:PhantomBarrier","Koishi:Ego"],"picked":"Koishi:Possession","floor":39},{"not_picked":["Koishi:EmbryosDream","Koishi:DreadfulBlow+1","Koishi:PhantomStrike+1"],"picked":"Koishi:VengefulSpirit+1","floor":40},{"not_picked":["Swift Strike+1","Deep Breath","Panacea"],"picked":"Master of Strategy","floor":41},{"not_picked":["Enlightenment","Discovery","Forethought"],"picked":"Violence","floor":41},{"not_picked":["Bandage Up","Mayhem","Chrysalis"],"picked":"Master of Strategy","floor":41},{"not_picked":["Koishi:HeartfeltFancy+1","Koishi:FadingMemory","Koishi:DanmakuParanoia+1","Koishi:RuptureMind+1"],"picked":"SKIP","floor":45},{"not_picked":["Koishi:PhantomBarrier","Koishi:ReflexRadar+1","Koishi:BloodcurdlingScream+1"],"picked":"Koishi:SubterraneanRose+1","floor":47},{"not_picked":["Koishi:SpiritedAway+1","Koishi:PhantomStrike+1","Koishi:BloodcurdlingScream+1"],"picked":"Koishi:HeartAttack+1","floor":48},{"not_picked":["Koishi:PredatoryInstincts","Koishi:PhilosophyOfTheDespised","Koishi:PhantomBarrier+1"],"picked":"Koishi:Untouchable","floor":53},{"not_picked":["Koishi:Possession","Koishi:SubconsciousSweep+1","Koishi:TerrifyingSpectre"],"picked":"Koishi:UnconsciousUprising+1","floor":53},{"not_picked":["Koishi:Vanish","Koishi:DanmakuParanoia","Koishi:JumpScare+1"],"picked":"Koishi:FreudianInstinct+1","floor":53},{"not_picked":["Koishi:StrangeCloudFist+1","Koishi:CatchAndRose+1","Koishi:DanmakuParanoia+1"],"picked":"Koishi:Prune+1","floor":54}],"player_experience":509983,"relics_obtained":[{"floor":7,"key":"Lizard Tail"},{"floor":13,"key":"Bird Faced Urn"},{"floor":21,"key":"Necronomicon"},{"floor":23,"key":"Question Card"},{"floor":25,"key":"Nunchaku"},{"floor":26,"key":"Molten Egg 2"},{"floor":34,"key":"Regal Pillow"},{"floor":34,"key":"InkBottle"},{"floor":34,"key":"Ginger"},{"floor":40,"key":"Matryoshka"},{"floor":43,"key":"PreservedInsect"},{"floor":43,"key":"Ornamental Fan"},{"floor":45,"key":"Koishi:TeethAndClaws"},{"floor":48,"key":"Pen Nib"},{"floor":54,"key":"Eternal Feather"}],"event_choices":[{"damage_healed":0,"gold_gain":175,"player_choice":"AGREE","damage_taken":0,"max_hp_gain":0,"max_hp_loss":0,"event_name":"Liars Game","floor":2,"gold_loss":0,"cards_obtained":["Doubt"]},{"damage_healed":0,"gold_gain":75,"player_choice":"Gather Gold","damage_taken":11,"max_hp_gain":0,"max_hp_loss":0,"event_name":"World of Goop","floor":4,"gold_loss":0},{"damage_healed":0,"gold_gain":0,"player_choice":"Gave Potion","damage_taken":0,"relics_obtained":["Thread and Needle"],"max_hp_gain":0,"max_hp_loss":0,"event_name":"WeMeetAgain","floor":5,"gold_loss":0},{"damage_healed":0,"gold_gain":0,"player_choice":"Grow","damage_taken":0,"max_hp_gain":0,"max_hp_loss":0,"event_name":"Living Wall","floor":11,"gold_loss":0,"cards_upgraded":["Koishi:UnconsciousUrges"]},{"damage_healed":0,"gold_gain":0,"player_choice":"Obtained Book","damage_taken":16,"max_hp_gain":0,"max_hp_loss":0,"event_name":"Cursed Tome","floor":21,"gold_loss":0},{"damage_healed":0,"gold_gain":0,"player_choice":"Obtained Relic","damage_taken":0,"relics_obtained":["Akabeko"],"max_hp_gain":0,"max_hp_loss":0,"event_name":"Addict","floor":27,"gold_loss":85},{"cards_removed":["Koishi:BasicStrike"],"damage_healed":0,"gold_gain":0,"player_choice":"Purged","damage_taken":0,"max_hp_gain":0,"max_hp_loss":0,"event_name":"Purifier","floor":30,"gold_loss":0},{"cards_removed":["Koishi:BasicDefend"],"damage_healed":0,"gold_gain":0,"player_choice":"Removed Skill","damage_taken":0,"max_hp_gain":0,"max_hp_loss":0,"event_name":"Falling","floor":38,"gold_loss":0},{"damage_healed":0,"gold_gain":0,"player_choice":"Memory 3","damage_taken":10,"max_hp_gain":0,"max_hp_loss":0,"event_name":"SensoryStone","floor":41,"gold_loss":0}],"is_beta":false,"boss_relics":[{"not_picked":["Tiny House","Philosopher\u0027s Stone"],"picked":"Koishi:ColorfulDays"},{"not_picked":["Empty Cage","SacredBark"],"picked":"Calling Bell"}],"items_purged_floors":[8,53],"is_endless":false,"potions_floor_spawned":[1,10,13,14,18,19,22,33,36,39,40,47,54],"ascension_level":1}}