{"host":"9l4mw5jqza9qz9hr","time":1612445930,"event":{"mods":["AchievementEnabler","Always Whale","BaseMod","Colored Map","Minty Spire (QoL Compilation)","StSLib","SuperFastMode"],"gold_per_floor":[144,144,189,234,279,369,369,414,414,459,419,464,509,8,8,308,308,353,398,148,193,193,283,283,328,378,33,78,123,168,213,213,513,513,558,603,142,142,142,232,82,13,13,163,253,253,136,181,181,181],"floor_reached":51,"language":"KOR","playtime":2031,"items_purged":["Clothesline","Havoc","Flex"],"score":908,"play_id":"48c5e666-4220-4475-96de-4da9ddb0fa9c","local_time":"20210204223850","daily_mods":["Insanity","Red Cards","Midas"],"is_ascension_mode":false,"campfire_choices":[{"floor":7,"key":"REST"},{"floor":15,"key":"REST"},{"floor":24,"key":"REST"},{"floor":32,"key":"REST"},{"floor":46,"key":"REST"},{"floor":49,"key":"REST"}],"circlet_count":0,"master_deck":["Stack","Flex","Shrug It Off","Rip and Tear","Bloodletting","Disarm","Anger","Barrage","Warcry","Barrage","Go for the Eyes","Hello World","Dual Wield","Steam","Leap","Blood for Blood","Warcry","Metallicize","Shrug It Off","Flame Barrier","Shrug It Off","Reckless Charge","Conserve Battery","Clothesline","Barrage","Wild Strike","Genetic Algorithm","Shrug It Off","Hologram","Cleave","Cold Snap","Force Field","Loop","Scrape","Whirlwind","Undo","Chaos+1","Chaos","Warcry","Gash","Ball Lightning","Heavy Blade","Tempest","Clash","Double Energy","Warcry","Armaments","True Grit","Creative AI","True Grit","Recycle","Aggregate","Uppercut+1","Pommel Strike+1","Power Through","Sweeping Beam+1","Reaper+1","Scrape+1","Sweeping Beam+1","Battle Trance","Master of Strategy","Leap+1","Dark Embrace","Reboot","Sunder+1","Reboot","Feel No Pain","Stack+1","Turbo","Burning Pact+1"],"relics":["Cracked Core","Gremlin Horn","Cables","Molten Egg 2","Orrery","Philosopher\u0027s Stone","Akabeko","Orichalcum","Happy Flower","Bag of Marbles","Sozu","Anchor","Regal Pillow","Bronze Scales","ClockworkSouvenir","Ornamental Fan","Emotion Chip","InkBottle","The Courier"],"acts_visited":["Exordium","TheCity","TheBeyond"],"potions_floor_usage":[13,19,23,33,33,33],"damage_taken":[{"damage":0,"enemies":"Small Slimes","floor":1,"turns":2},{"damage":1,"enemies":"Cultist","floor":3,"turns":3},{"damage":0,"enemies":"2 Louse","floor":4,"turns":2},{"damage":15,"enemies":"Exordium Thugs","floor":5,"turns":4},{"damage":18,"enemies":"3 Sentries","floor":6,"turns":3},{"damage":0,"enemies":"Looter","floor":8,"turns":2},{"damage":5,"enemies":"Large Slime","floor":10,"turns":4},{"damage":18,"enemies":"Exordium Wildlife","floor":12,"turns":4},{"damage":15,"enemies":"3 Louse","floor":13,"turns":3},{"damage":7,"enemies":"Hexaghost","floor":16,"turns":9},{"damage":4,"enemies":"Shell Parasite","floor":18,"turns":5},{"damage":0,"enemies":"3 Byrds","floor":19,"turns":3},{"damage":9,"enemies":"Snake Plant","floor":21,"turns":6},{"damage":21,"enemies":"Slavers","floor":23,"turns":3},{"damage":18,"enemies":"Sentry and Sphere","floor":25,"turns":4},{"damage":0,"enemies":"Chosen and Byrds","floor":28,"turns":3},{"damage":22,"enemies":"Shelled Parasite and Fungi","floor":29,"turns":3},{"damage":18,"enemies":"Snake Plant","floor":30,"turns":2},{"damage":0,"enemies":"Snecko","floor":31,"turns":1},{"damage":32,"enemies":"Collector","floor":33,"turns":8},{"damage":0,"enemies":"Orb Walker","floor":35,"turns":2},{"damage":6,"enemies":"3 Shapes","floor":36,"turns":4},{"damage":0,"enemies":"Reptomancer","floor":40,"turns":6},{"damage":24,"enemies":"Mind Bloom Boss Battle","floor":44,"turns":6},{"damage":45,"enemies":"Nemesis","floor":45,"turns":7},{"damage":0,"enemies":"Jaw Worm Horde","floor":48,"turns":2},{"damage":44,"enemies":"Time Eater","floor":50,"turns":10}],"seed_played":"2514053361250750194","potions_obtained":[{"floor":5,"key":"Weak Potion"},{"floor":6,"key":"Dexterity Potion"},{"floor":11,"key":"EssenceOfDarkness"},{"floor":11,"key":"DistilledChaos"},{"floor":12,"key":"ColorlessPotion"},{"floor":16,"key":"Fire Potion"},{"floor":19,"key":"Weak Potion"},{"floor":29,"key":"SkillPotion"}],"is_trial":false,"path_per_floor":["M","?","M","M","M","E","R","M","T","M","?","M","M","$","R","B",null,"M","M","$","M","?","E","R","M","T","$","M","M","M","M","R","B",null,"M","M","$","?","?","E","$","$","T","?","E","R","?","M","R","B",null],"character_chosen":"DEFECT","items_purchased":["Molten Egg 2","Orrery","Sweeping Beam+1","Akabeko","Bag of Marbles","Master of Strategy","Anchor","Sunder+1","Regal Pillow","ClockworkSouvenir","Feel No Pain"],"campfire_rested":6,"item_purchase_floors":[14,14,14,20,27,27,37,37,37,41,42],"current_hp_per_floor":[75,75,74,74,59,41,63,63,63,58,58,40,25,25,47,40,75,71,75,75,66,66,45,67,56,56,56,56,41,23,23,45,13,75,75,70,70,70,70,75,75,75,75,56,11,48,48,48,75,38],"gold":181,"neow_bonus":"","is_daily":true,"chose_seed":false,"campfire_upgraded":0,"win_rate":0.0,"timestamp":1612445930,"path_taken":["M","?","?","M","M","E","R","M","T","?","?","M","?","$","R","BOSS","M","M","$","M","?","E","R","M","T","?","M","M","M","M","R","BOSS","M","M","$","?","?","E","?","$","T","?","E","R","?","M","R","BOSS"],"items_purchased_type":["Relic","Relic","Card","Relic","Relic","Card","Relic","Card","Relic","Relic","Card"],"build_version":"2020-12-22","purchased_purges":3,"victory":true,"max_hp_per_floor":[75,75,75,75,75,75,75,75,75,75,75,75,75,75,75,75,75,75,75,75,75,75,75,75,75,75,75,75,75,75,75,75,75,75,75,75,75,75,75,75,75,75,75,75,75,75,75,75,75,75],"card_choices":[{"not_picked":["Rebound","Havoc","Barrage"],"picked":"SKIP","floor":1},{"not_picked":["Wild Strike","Heavy Blade","Thunderclap"],"picked":"SKIP","floor":3},{"not_picked":["Sweeping Beam","Stack"],"picked":"Armaments","floor":4},{"not_picked":["Dual Wield","Searing Blow"],"picked":"True Grit","floor":5},{"not_picked":["BootSequence","Spot Weakness"],"picked":"Creative AI","floor":6},{"not_picked":["Ball Lightning","Go for the Eyes","Anger"],"picked":"SKIP","floor":8},{"not_picked":["Cold Snap","Blizzard","Loop"],"picked":"SKIP","floor":10},{"not_picked":["Headbutt","Warcry"],"picked":"True Grit","floor":12},{"not_picked":["Body Slam","Ball Lightning"],"picked":"Recycle","floor":13},{"not_picked":["Brutality","Wild Strike+1"],"picked":"Aggregate","floor":14},{"not_picked":["Streamline+1","Darkness"],"picked":"Uppercut+1","floor":14},{"not_picked":["Stack","Bludgeon+1"],"picked":"Pommel Strike+1","floor":14},{"not_picked":["Clothesline+1","Consume"],"picked":"Power Through","floor":14},{"not_picked":["Double Tap","Thunder Strike+1"],"picked":"Reaper+1","floor":16},{"not_picked":["Steam","Tempest","Warcry"],"picked":"SKIP","floor":18},{"not_picked":["Perfected Strike+1","Flex"],"picked":"Scrape+1","floor":19},{"not_picked":["Melter+1","Anger+1"],"picked":"Sweeping Beam+1","floor":21},{"not_picked":["Twin Strike+1","Flex+1"],"picked":"Battle Trance","floor":23},{"not_picked":["Sever Soul+1","Rampage+1","Iron Wave+1"],"picked":"SKIP","floor":25},{"not_picked":["Body Slam+1","True Grit","Twin Strike+1"],"picked":"SKIP","floor":28},{"not_picked":["Redo","Go for the Eyes+1"],"picked":"Leap+1","floor":29},{"not_picked":["Blizzard+1","Dual Wield+1"],"picked":"Dark Embrace","floor":30},{"not_picked":["Heavy Blade+1","Limit Break","Twin Strike+1"],"picked":"SKIP","floor":31},{"not_picked":["Berserk","Brutality"],"picked":"Reboot","floor":33},{"not_picked":["Thunderclap+1","Wild Strike+1","Body Slam+1"],"picked":"SKIP","floor":35},{"not_picked":["Heavy Blade+1","Combust","Sword Boomerang+1"],"picked":"SKIP","floor":36},{"not_picked":["Capacitor","Go for the Eyes+1"],"picked":"Reboot","floor":40},{"not_picked":["Barrage+1","Ball Lightning+1"],"picked":"Stack+1","floor":44},{"not_picked":["Rampage+1","Conserve Battery+1"],"picked":"Turbo","floor":45},{"not_picked":["Juggernaut","Flex"],"picked":"Burning Pact+1","floor":48}],"player_experience":266543,"relics_obtained":[{"floor":6,"key":"Gremlin Horn"},{"floor":9,"key":"Cables"},{"floor":23,"key":"Orichalcum"},{"floor":26,"key":"Happy Flower"},{"floor":40,"key":"Bronze Scales"},{"floor":43,"key":"Ornamental Fan"},{"floor":44,"key":"Emotion Chip"},{"floor":45,"key":"InkBottle"}],"event_choices":[{"damage_healed":0,"gold_gain":0,"player_choice":"Forge","damage_taken":0,"max_hp_gain":0,"max_hp_loss":0,"event_name":"Accursed Blacksmith","floor":2,"gold_loss":0,"cards_upgraded":["Chaos"]},{"damage_healed":0,"gold_gain":0,"player_choice":"Bought 3 Potions","damage_taken":0,"max_hp_gain":0,"max_hp_loss":0,"event_name":"The Woman in Blue","floor":11,"gold_loss":0},{"damage_healed":0,"gold_gain":0,"player_choice":"0 cards matched","damage_taken":0,"max_hp_gain":0,"max_hp_loss":0,"event_name":"Match and Keep!","floor":22,"gold_loss":0,"cards_obtained":[]},{"cards_removed":["Fire Breathing"],"damage_healed":0,"gold_gain":0,"player_choice":"Removed Power","damage_taken":0,"max_hp_gain":0,"max_hp_loss":0,"event_name":"Falling","floor":38,"gold_loss":0},{"damage_healed":0,"gold_gain":0,"player_choice":"Ignored","damage_taken":0,"max_hp_gain":0,"max_hp_loss":0,"event_name":"Tomb of Lord Red Mask","floor":39,"gold_loss":0},{"damage_healed":0,"gold_gain":0,"player_choice":"Fight","damage_taken":0,"max_hp_gain":0,"max_hp_loss":0,"event_name":"MindBloom","floor":44,"gold_loss":0},{"damage_healed":0,"gold_gain":0,"player_choice":"Paid Gold","damage_taken":0,"relics_obtained":["The Courier"],"max_hp_gain":0,"max_hp_loss":0,"event_name":"WeMeetAgain","floor":47,"gold_loss":117}],"is_beta":false,"boss_relics":[{"not_picked":["Empty Cage","Runic Dome"],"picked":"Philosopher\u0027s Stone"},{"not_picked":["SacredBark","Nuclear Battery"],"picked":"Sozu"}],"items_purged_floors":[14,20,37],"is_endless":false,"potions_floor_spawned":[5,6,12,16,18,19,29,30,31,40,45,48],"ascension_level":0}}