{"host":"3kvzrqphghcx5kvo","time":1612404319,"event":{"mods":["AchievementEnabler","BaseMod","Colored Map","Colored Powertips","Downfall","GifTheSpireLib","Minty Spire (QoL Compilation)","Quick Restart","Rare Cards Sparkle","Relic Stats","StSLib","Unceasing Turn Reminder","everything is the same but u backflip on backflip"],"gold_per_floor":[119,119,119,131,151,151,226,276,276,276,201,214,214,228,228,305,305,324,336,163,163,182,182,212,212,266,286,286,302,315,332,332,332,332],"floor_reached":33,"language":"ENG","playtime":2566,"items_purged":["Strike_R"],"score":518,"play_id":"63bbc370-6adc-4b48-bb69-ca346a71beaa","local_time":"20210203180519","is_ascension_mode":true,"campfire_choices":[{"data":"Armaments","floor":6.0,"key":"SMITH"},{"data":"Bash","floor":10.0,"key":"SMITH"},{"data":"Sever Soul","floor":13.0,"key":"SMITH"},{"data":"Warcry","floor":15.0,"key":"SMITH"},{"data":"Combust","floor":23.0,"key":"SMITH"},{"data":"Shockwave","floor":25.0,"key":"SMITH"},{"floor":28,"key":"REST"},{"floor":32,"key":"REST"}],"circlet_count":0,"master_deck":["AscendersBane","Bash+1","Armaments+1","Warcry+1","Sever Soul+1","Limit Break","Iron Wave","Shockwave+1","Sword Boomerang","Rage","Combust+1","Reckless Charge","Rage","Sever Soul","Clash","Dropkick+1","Inflame"],"relics":["Burning Blood","Anchor","Letter Opener","Pandora\u0027s Box","Potion Belt","Oddly Smooth Stone","Vajra"],"acts_visited":["Exordium","TheCity"],"potions_floor_usage":[27,30,33,33],"damage_taken":[{"damage":16.0,"enemies":"Jaw Worm","floor":1.0,"turns":5.0},{"damage":19.0,"enemies":"Small Slimes","floor":4.0,"turns":5.0},{"damage":2.0,"enemies":"Cultist","floor":5.0,"turns":4.0},{"damage":10.0,"enemies":"Large Slime","floor":12.0,"turns":6.0},{"damage":0.0,"enemies":"Exordium Wildlife","floor":14.0,"turns":4.0},{"damage":59.0,"enemies":"The Guardian","floor":16.0,"turns":12.0},{"damage":14.0,"enemies":"2 Thieves","floor":18.0,"turns":4.0},{"damage":5.0,"enemies":"3 Byrds","floor":19.0,"turns":4.0},{"damage":7.0,"enemies":"Snecko","floor":22.0,"turns":5.0},{"damage":2.0,"enemies":"Book of Stabbing","floor":24.0,"turns":4.0},{"damage":18,"enemies":"Chosen and Byrds","floor":27,"turns":6},{"damage":39,"enemies":"Sentry and Sphere","floor":29,"turns":6},{"damage":22,"enemies":"Shelled Parasite and Fungi","floor":30,"turns":4},{"damage":2,"enemies":"Snake Plant","floor":31,"turns":3},{"damage":51,"enemies":"Collector","floor":33,"turns":6}],"seed_played":"8911032513940161840","potions_obtained":[{"floor":5.0,"key":"Ancient Potion"},{"floor":12.0,"key":"PowerPotion"},{"floor":16.0,"key":"Energy Potion"},{"floor":19.0,"key":"BlessingOfTheForge"},{"floor":21.0,"key":"DistilledChaos"},{"floor":21.0,"key":"SmokeBomb"},{"floor":24.0,"key":"Dexterity Potion"},{"floor":29,"key":"DistilledChaos"}],"is_trial":false,"path_per_floor":["M","?","?","M","M","R","?","T","T","R","$","M","R","M","R","B",null,"M","M","$","?","M","R","E","R","T","M","R","M","M","M","R","B"],"character_chosen":"IRONCLAD","items_purchased":["Potion Belt"],"campfire_rested":2,"item_purchase_floors":[20],"current_hp_per_floor":[65,65,82,69,73,73,62,62,62,62,62,58,58,64,64,11,64,56,57,57,57,56,56,60,60,60,48,72,39,23,27,51,0,0],"gold":332,"neow_bonus":"TEN_PERCENT_HP_BONUS","is_daily":false,"chose_seed":false,"campfire_upgraded":6,"win_rate":0.0,"timestamp":1612404319,"path_taken":["M","?","?","?","M","R","?","?","T","R","?","M","R","M","R","BOSS","M","M","$","?","M","R","E","R","T","M","R","M","M","M","R","BOSS"],"items_purchased_type":["Relic"],"build_version":"2020-12-22","purchased_purges":1,"victory":false,"max_hp_per_floor":[82,82,82,82,82,82,82,82,82,82,82,82,82,82,82,82,82,82,82,82,82,82,82,82,82,82,82,82,82,82,82,82,82,82],"relic_stats":{"counters":[15,78],"Pandora\u0027s Box":["Iron Wave","Shockwave","Sword Boomerang","Rage","Combust","Reckless Charge","Rage","Sever Soul"],"Letter Opener":[30],"obtain_stats":[{"Potion Belt":20,"Anchor":8,"Oddly Smooth Stone":24,"Vajra":26,"Pandora\u0027s Box":17,"Letter Opener":9,"Burning Blood":0},{"Potion Belt":8,"Anchor":3,"Oddly Smooth Stone":10,"Vajra":10,"Pandora\u0027s Box":6,"Letter Opener":3,"Burning Blood":0},{"Potion Belt":44,"Anchor":14,"Oddly Smooth Stone":53,"Vajra":53,"Pandora\u0027s Box":36,"Letter Opener":14,"Burning Blood":0}],"Burning Blood":84},"card_choices":[{"not_picked":["Havoc","Flex","Sever Soul"],"picked":"SKIP","floor":1.0},{"not_picked":["Fire Breathing","Warcry"],"picked":"Armaments","floor":4.0},{"not_picked":["Clash","Pommel Strike"],"picked":"Warcry","floor":5.0},{"not_picked":["Body Slam","Whirlwind"],"picked":"Sever Soul","floor":12.0},{"not_picked":["Clothesline","Entrench","Dark Embrace"],"picked":"SKIP","floor":14.0},{"not_picked":["Exhume","Juggernaut"],"picked":"Limit Break","floor":16.0},{"not_picked":["Shockwave","Sever Soul","Flex"],"picked":"SKIP","floor":18.0},{"not_picked":["Havoc","Blood for Blood","Wild Strike"],"picked":"SKIP","floor":19.0},{"not_picked":["Iron Wave","Wild Strike","Demon Form"],"picked":"SKIP","floor":22.0},{"not_picked":["Pommel Strike+1","Cleave"],"picked":"Clash","floor":24.0},{"not_picked":["Perfected Strike","Thunderclap","Reckless Charge"],"picked":"SKIP","floor":27},{"not_picked":["Seeing Red","Sword Boomerang"],"picked":"Dropkick+1","floor":29},{"not_picked":["Flex","Perfected Strike","Rampage+1"],"picked":"SKIP","floor":30},{"not_picked":["Thunderclap","Heavy Blade"],"picked":"Inflame","floor":31}],"player_experience":1265985,"relics_obtained":[{"floor":8.0,"key":"Anchor"},{"floor":9.0,"key":"Letter Opener"},{"floor":24.0,"key":"Oddly Smooth Stone"},{"floor":26.0,"key":"Vajra"}],"event_choices":[{"damage_healed":0.0,"max_hp_gain":0.0,"max_hp_loss":0.0,"gold_gain":0.0,"event_name":"Shining Light","player_choice":"Ignored","floor":2.0,"gold_loss":0.0,"damage_taken":0.0},{"damage_healed":17.0,"max_hp_gain":0.0,"max_hp_loss":0.0,"gold_gain":0.0,"event_name":"Wheel of Change","player_choice":"Full Heal","floor":3.0,"gold_loss":0.0,"damage_taken":0.0},{"damage_healed":0.0,"max_hp_gain":0.0,"max_hp_loss":0.0,"gold_gain":75.0,"event_name":"World of Goop","player_choice":"Gather Gold","floor":7.0,"gold_loss":0.0,"damage_taken":11.0},{"damage_healed":0.0,"max_hp_gain":0.0,"max_hp_loss":0.0,"gold_gain":0.0,"event_name":"Lab","player_choice":"Got Potions","floor":21.0,"gold_loss":0.0,"damage_taken":0.0}],"is_beta":false,"boss_relics":[{"not_picked":["Tiny House","Runic Cube"],"picked":"Pandora\u0027s Box"}],"items_purged_floors":[11],"is_endless":false,"potions_floor_spawned":[5,12,16,19,24,29],"killed_by":"Collector","ascension_level":20}}