{"host":"gc6vr5n3q8f0hswe","time":1612464851,"event":{"mods":["Act Like it!","Aspiration","BaseMod","Better Altar","Better Sensory Stone","Better Third Choice","Block Reminder","Conspire","Fox Events","Gensokyo","Hallownest","Highlight Path","Hubris","Infinite Spire","Jedi Mod","Lobotomy","LobotomyExtend","MarisaÅiñ∂âJÅ@ñÇóùçπÅj","Minty Spire (QoL Compilation)","Pale of the Ancients","Relic Stats","Reliquary","Replay The Spire","Somnambulant","StSLib","The Alterego","The Blue Laboratory","The Bug Knight","The Jungle","The Poker Player","The Wild Card","Uncapped","Wandering Minibosses"],"gold_per_floor":[117,117,117,133,133,161,161,161,161],"floor_reached":8,"language":"ENG","playtime":650,"items_purged":[],"score":56,"play_id":"8d16289f-464f-48ad-bffa-9a981f3d3a7a","local_time":"20210204185411","is_ascension_mode":true,"campfire_choices":[{"data":"Dash","floor":7,"key":"SMITH"}],"circlet_count":0,"master_deck":["Strike_P","Defend_P","Defend_P","Defend_P","Defend_P","Vigilance","Study","Poisoned Stab","Poisoned Stab","Dash+1","Protect","Injury"],"relics":["PureWater","aspiration:Nostalgia","Ring of the Snake","LetterFromLob","Gensokyo:Mercy","reliquary:WeakTea"],"acts_visited":["Exordium"],"potions_floor_usage":[8,8],"damage_taken":[{"damage":8,"enemies":"Gensokyo:2_Kodama","floor":1,"turns":2},{"damage":7,"enemies":"Gensokyo:Python","floor":4,"turns":8},{"damage":41,"enemies":"Gensokyo:Aya","floor":6,"turns":6},{"damage":16,"enemies":"Gensokyo:Cirno","floor":8,"turns":7}],"seed_played":"-4743012361993092457","potions_obtained":[{"floor":4,"key":"FearPotion"},{"floor":6,"key":"jedi:StrikingPotion"}],"is_trial":false,"path_per_floor":["M","?","?","M","?","E","R","E"],"character_chosen":"WATCHER","items_purchased":[],"campfire_rested":0,"item_purchase_floors":[],"current_hp_per_floor":[64,64,64,57,57,16,16,0,0],"gold":161,"neow_bonus":"NOSTALGIA","is_daily":false,"chose_seed":false,"campfire_upgraded":1,"win_rate":0.0,"timestamp":1612464851,"path_taken":["M","?","?","?","?","E","R","E"],"items_purchased_type":[],"build_version":"2020-12-22","purchased_purges":0,"victory":false,"max_hp_per_floor":[72,72,72,72,72,72,72,72,72],"relic_stats":{"counters":[4,23],"obtain_stats":[{"Gensokyo:Mercy":2,"aspiration:Nostalgia":0,"LetterFromLob":1,"reliquary:WeakTea":5,"PureWater":0,"Ring of the Snake":0},{"Gensokyo:Mercy":1,"aspiration:Nostalgia":0,"LetterFromLob":1,"reliquary:WeakTea":2,"PureWater":0,"Ring of the Snake":0},{"Gensokyo:Mercy":2,"aspiration:Nostalgia":0,"LetterFromLob":2,"reliquary:WeakTea":10,"PureWater":0,"Ring of the Snake":0}],"Ring of the Snake":[8]},"card_choices":[{"not_picked":["SashWhip","PathToVictory"],"picked":"Study","floor":1},{"not_picked":["Evaluate","Crescendo"],"picked":"Protect","floor":4},{"not_picked":["Indignation","MentalFortress","WheelKick"],"picked":"SKIP","floor":6}],"player_experience":468051,"relics_obtained":[{"floor":1,"key":"LetterFromLob"}],"event_choices":[],"is_beta":false,"boss_relics":[],"items_purged_floors":[],"is_endless":false,"potions_floor_spawned":[4,6],"killed_by":"Gensokyo:Cirno","ascension_level":1}}