{"host":"3e3mwsgb9gfqiuxm","time":1612482982,"event":{"mods":["Act Like it!","BaseMod","BetterRewards","Colored Map","Colored Powertips","Downfall","Gensokyo","Hermit","Infinite Spire","Koishi","Marisa????????","Minty Spire (QoL Compilation)","Quick Restart","Reimu??????","Remilia??????","Replay The Spire","Shop Mod","StSLib","SuperFastMode","The Animator","The Bug Knight","The Cursed","The Jungle","The Servant 0.9.4","everything is the same but u backflip on backflip"],"gold_per_floor":[99,112,112,0,0,0,23,23,23,56,67,95,95,107,127,229,229,229,249,259,272,272,300,300,317,317,317,345,359,376,388,398,358,358],"floor_reached":33,"language":"ENG","playtime":2191,"items_purged":["Defend_Lin:ReiMu","Strike_Lin:ReiMu"],"score":298,"play_id":"1fba50c9-48e4-467b-a0b3-492b59236b82","local_time":"20210204185622","is_ascension_mode":false,"campfire_choices":[{"data":"NB:ReiMu","floor":1.0,"key":"SMITH"},{"data":"AlertArray:ReiMu","floor":6.0,"key":"SMITH"},{"data":"Revelation:ReiMu","floor":8.0,"key":"SMITH"},{"data":"OctopathBindingBorder2:ReiMu","floor":13.0,"key":"SMITH"},{"floor":18.0,"key":"DIG"},{"data":"RunawayExorcism:ReiMu","floor":27,"key":"SMITH"}],"circlet_count":0,"master_deck":["Strike_Lin:ReiMu","Strike_Lin:ReiMu","Defend_Lin:ReiMu+1","Defend_Lin:ReiMu+1","Defend_Lin:ReiMu+1","NB:ReiMu+1","Stagnation:ReiMu","AlertArray:ReiMu+1","Revelation:ReiMu+1","SpreadBorder2:ReiMu","BarrageOfMoneybags:ReiMu","SafetyPray:ReiMu","OctopathBindingBorder2:ReiMu+1","PrayRite:ReiMu","LovePray:ReiMu","Shading:ReiMu","SpreadBorder2:ReiMu+1","Gathering:ReiMu","RunawayExorcism:ReiMu+1","Shame","UniversalSpiritual:ReiMu","Intuition:ReiMu","SpreadBorder2:ReiMu","KamiSacrifice:ReiMu"],"relics":["FlyPower:ReiMu","Bow_fan:ReiMu","ReplayTheSpireMod:TigerMarble","Spirit Poop","Blood Vial","Shuriken","Black Star","infinitespire:Golems Mask","Oddly Smooth Stone","HollowMod:PaleOreRelic","Boot","Replay:Bottled Eggs","theJungle:PaperFaux","Counterbalance","infinitespire:BottledMercury"],"acts_visited":["Exordium","Exordium"],"potions_floor_usage":[29],"damage_taken":[{"damage":7.0,"enemies":"Small Slimes","floor":2.0,"turns":5.0},{"damage":0.0,"enemies":"downfall:FleeingMerchant","floor":4.0,"turns":4.0},{"damage":1.0,"enemies":"Lagavulin","floor":10.0,"turns":11.0},{"damage":0.0,"enemies":"2 Louse","floor":11.0,"turns":3.0},{"damage":8.0,"enemies":"HollowMod:MossKnight","floor":12.0,"turns":17.0},{"damage":0.0,"enemies":"Cultist","floor":14.0,"turns":4.0},{"damage":0.0,"enemies":"2 Fungi Beasts","floor":15.0,"turns":3.0},{"damage":37.0,"enemies":"IC_STATUS_ARCHETYPE","floor":16.0,"turns":11.0},{"damage":8.0,"enemies":"theJungle:Flameango_and_Byrd","floor":19.0,"turns":8.0},{"damage":2.0,"enemies":"theJungle:MUSHROOMGANG","floor":20.0,"turns":6.0},{"damage":1.0,"enemies":"theJungle:SlimyTreeVines","floor":21.0,"turns":12.0},{"damage":11,"enemies":"theJungle:2_Phrogs","floor":23,"turns":9},{"damage":2,"enemies":"theJungle:Lyon","floor":25,"turns":7},{"damage":24,"enemies":"Nightmare","floor":28,"turns":10},{"damage":3,"enemies":"Snake Plant","floor":29,"turns":4},{"damage":17,"enemies":"theJungle:JungleHuntersEncounter","floor":30,"turns":9},{"damage":0,"enemies":"theJungle:Lyon","floor":31,"turns":7},{"damage":12,"enemies":"theJungle:2_Flameangoes","floor":32,"turns":8},{"damage":7,"enemies":"DF_ARCHETYPE_CLAW","floor":33,"turns":5}],"seed_played":"-8715528876439756639","potions_obtained":[{"floor":2.0,"key":"champ:CounterPotion"},{"floor":10.0,"key":"LifebloodPotion"},{"floor":16.0,"key":"Weak Potion"},{"floor":29,"key":"LifebloodPotion"}],"is_trial":false,"path_per_floor":["R","M","?","$","?","R","T","R","?","E","M","E","R","M","M","B",null,"R_BF","M","M","M","AVR","E","T","M","?","R","NM","M","M","M","M","B"],"character_chosen":"REIMU","items_purchased":["SpreadBorder2:ReiMu"],"campfire_rested":0,"item_purchase_floors":[4],"current_hp_per_floor":[71,64,64,64,64,64,64,64,64,63,65,59,59,61,63,28,71,71,63,63,70,70,60,60,60,60,60,38,37,22,24,14,9,9],"gold":358,"neow_bonus":"TEN_PERCENT_HP_BONUS","is_daily":false,"chose_seed":false,"campfire_upgraded":5,"win_rate":0.0,"timestamp":1612482982,"path_taken":["R","M","?","$","?","R","T","R","?","E","?","E","R","M","M","BOSS","R_BF","M","M","M","AVR","E","T","M","?","R","NM","M","M","M","M","BOSS"],"items_purchased_type":["Card"],"build_version":"2020-12-22","purchased_purges":2,"victory":false,"max_hp_per_floor":[71,71,71,71,71,71,71,71,71,71,71,71,71,71,71,71,71,71,71,71,71,71,71,71,71,71,71,71,71,71,71,71,71,71],"card_choices":[{"not_picked":["SafetyPray:ReiMu","Amulet:ReiMu"],"picked":"AlertArray:ReiMu","floor":2.0},{"not_picked":["YinYangSign:ReiMu","EmergencyTakeOff:ReiMu"],"picked":"Revelation:ReiMu","floor":4.0},{"not_picked":["LearningPray:ReiMu","WonderfulDomain:ReiMu"],"picked":"BarrageOfMoneybags:ReiMu","floor":10.0},{"not_picked":["Gathering:ReiMu","OrbThrow:ReiMu"],"picked":"SafetyPray:ReiMu","floor":11.0},{"not_picked":["AlertArray:ReiMu","UniversalSpiritual:ReiMu"],"picked":"OctopathBindingBorder2:ReiMu","floor":12.0},{"not_picked":["EmergencyTakeOff:ReiMu","TakeOff:ReiMu"],"picked":"PrayRite:ReiMu","floor":14.0},{"not_picked":["UpKicking:ReiMu","OrbThrow:ReiMu"],"picked":"LovePray:ReiMu","floor":15.0},{"not_picked":["RunawayExorcism:ReiMu","CeremonyResonance:ReiMu"],"picked":"Shading:ReiMu","floor":16.0},{"not_picked":["MountainWay:ReiMu+1","Gathering:ReiMu"],"picked":"SpreadBorder2:ReiMu+1","floor":19.0},{"not_picked":["Conquer:ReiMu","AlertArray:ReiMu"],"picked":"Gathering:ReiMu","floor":20.0},{"not_picked":["AlertArray:ReiMu","PrepareRite:ReiMu","FineLineFantasy:ReiMu"],"picked":"SKIP","floor":21.0},{"not_picked":["AlertArray:ReiMu","PrepareRite:ReiMu","FineLineFantasy:ReiMu"],"picked":"SKIP","floor":21.0},{"not_picked":["Crusade:ReiMu","FineLineFantasy:ReiMu+1"],"picked":"RunawayExorcism:ReiMu","floor":23},{"not_picked":["Mountainwind:ReiMu","AirStrike:ReiMu","RainPray2:ReiMu+1"],"picked":"SKIP","floor":25},{"not_picked":["RainPray2:ReiMu","AlertArray:ReiMu","MountainWay:ReiMu"],"picked":"SKIP","floor":28},{"not_picked":["ManaGlint:ReiMu","FineLineFantasy:ReiMu"],"picked":"UniversalSpiritual:ReiMu","floor":29},{"not_picked":["FantasyBorder:ReiMu","EmergencyTakeOff:ReiMu"],"picked":"Intuition:ReiMu","floor":30},{"not_picked":["Meditation:ReiMu","Dreaming2:ReiMu"],"picked":"SpreadBorder2:ReiMu","floor":31},{"not_picked":["ManaGlint:ReiMu","Conquer:ReiMu"],"picked":"KamiSacrifice:ReiMu","floor":32}],"player_experience":1341754,"relics_obtained":[{"floor":7.0,"key":"ReplayTheSpireMod:TigerMarble"},{"floor":10.0,"key":"Blood Vial"},{"floor":12.0,"key":"Shuriken"},{"floor":18.0,"key":"infinitespire:Golems Mask"},{"floor":23,"key":"HollowMod:PaleOreRelic"},{"floor":23,"key":"Boot"},{"floor":24,"key":"Replay:Bottled Eggs"},{"floor":28,"key":"Counterbalance"},{"floor":28,"key":"infinitespire:BottledMercury"}],"event_choices":[{"cards_removed":["Strike_Lin:ReiMu"],"damage_healed":0.0,"max_hp_gain":0.0,"max_hp_loss":0.0,"gold_gain":0.0,"event_name":"The Cleric","player_choice":"Card Removal","floor":3.0,"gold_loss":0.0,"damage_taken":0.0},{"damage_healed":0.0,"max_hp_gain":0.0,"max_hp_loss":0.0,"gold_gain":0.0,"event_name":"Big Fish","player_choice":"Box","floor":5.0,"gold_loss":0.0,"damage_taken":0.0,"relics_obtained":["Bow_fan:ReiMu"],"cards_obtained":["Regret"]},{"cards_removed":["Regret"],"damage_healed":0.0,"max_hp_gain":0.0,"max_hp_loss":0.0,"gold_gain":0.0,"event_name":"Bonfire Elementals","player_choice":"Offered Curse","floor":9.0,"gold_loss":0.0,"damage_taken":0.0,"relics_obtained":["Spirit Poop"]}],"is_beta":false,"boss_relics":[{"not_picked":["bronze:MakeshiftBattery","Runic Dome"],"picked":"Black Star"}],"items_purged_floors":[4,22],"is_endless":false,"potions_floor_spawned":[2,10,16,21,29,30],"killed_by":"DF_ARCHETYPE_CLAW","ascension_level":0}}