{"host":"bz6w3lfmpwgz81o3","time":1612448150,"event":{"mods":["BaseMod","Downfall","Hermit","Minty Spire (QoL Compilation)","StSLib"],"gold_per_floor":[113,113,130,130,130,157,157,172,217,247,264,279,279,299,299,299,299],"floor_reached":16,"language":"ENG","playtime":905,"items_purged":[],"score":137,"play_id":"f5e9d4be-2253-4ff3-92ff-9bf4c2cc4d3b","local_time":"20210204151550","is_ascension_mode":false,"campfire_choices":[{"data":"hermit:Gestalt","floor":7,"key":"SMITH"},{"data":"hermit:EyeOfTheStorm","floor":13,"key":"SMITH"},{"data":"hermit:Dive","floor":15,"key":"SMITH"}],"circlet_count":0,"master_deck":["hermit:Strike_Hermit","hermit:Strike_Hermit","hermit:Strike_Hermit","hermit:Defend_Hermit","hermit:Defend_Hermit","hermit:Defend_Hermit","hermit:Snapshot","hermit:Covet","hermit:SprayPray","hermit:Cheat","hermit:Gestalt+1","hermit:Manifest","hermit:Quickdraw","hermit:EyeOfTheStorm+1","hermit:OverwhelmingPower+1","hermit:Dive+1"],"relics":["hermit:Momento","NeowsBlessing","Bag of Preparation","PreservedInsect","Frozen Egg 2"],"acts_visited":["Exordium"],"potions_floor_usage":[10,11,16],"damage_taken":[{"damage":0,"enemies":"2 Louse","floor":1,"turns":1},{"damage":0,"enemies":"Small Slimes","floor":3,"turns":1},{"damage":0,"enemies":"3 Sentries","floor":6,"turns":1},{"damage":0,"enemies":"Cultist","floor":8,"turns":2},{"damage":1,"enemies":"Lagavulin","floor":10,"turns":6},{"damage":11,"enemies":"Gremlin Gang","floor":11,"turns":6},{"damage":14,"enemies":"Exordium Thugs","floor":12,"turns":7},{"damage":4,"enemies":"2 Fungi Beasts","floor":14,"turns":3},{"damage":39,"enemies":"The Guardian","floor":16,"turns":15}],"seed_played":"-1511268123916367214","potions_obtained":[{"floor":8,"key":"Fire Potion"},{"floor":10,"key":"PowerPotion"},{"floor":14,"key":"AttackPotion"}],"is_trial":false,"path_per_floor":["M","?","M","?","?","E","R","M","T","E","M","M","R","M","R","B"],"character_chosen":"HERMIT","items_purchased":[],"campfire_rested":0,"item_purchase_floors":[],"current_hp_per_floor":[75,75,75,68,68,68,68,68,68,67,56,42,42,38,38,0,0],"gold":299,"neow_bonus":"THREE_ENEMY_KILL","is_daily":false,"chose_seed":false,"campfire_upgraded":3,"win_rate":0.0,"timestamp":1612448150,"path_taken":["M","?","M","?","?","E","R","M","T","E","M","M","R","M","R","BOSS"],"items_purchased_type":[],"build_version":"2020-12-22","purchased_purges":0,"victory":false,"max_hp_per_floor":[75,75,75,75,75,75,75,75,75,75,75,75,75,75,75,75,75],"card_choices":[{"not_picked":["hermit:Dive","hermit:Misfire"],"picked":"hermit:SprayPray","floor":1},{"not_picked":["hermit:Desperado","hermit:WideOpen"],"picked":"hermit:Cheat","floor":3},{"not_picked":["hermit:TrackingShot","hermit:Dive"],"picked":"hermit:Gestalt","floor":6},{"not_picked":["hermit:Roulette","hermit:Gestalt"],"picked":"hermit:Manifest","floor":8},{"not_picked":["hermit:Coalescence","hermit:Glare"],"picked":"hermit:Quickdraw","floor":10},{"not_picked":["hermit:Grudge","hermit:DeadMansHand"],"picked":"hermit:EyeOfTheStorm","floor":11},{"not_picked":["hermit:Roulette","hermit:LowProfile"],"picked":"hermit:OverwhelmingPower+1","floor":12},{"not_picked":["hermit:Quickdraw","hermit:LuckOfTheDraw"],"picked":"hermit:Dive","floor":14}],"player_experience":0,"relics_obtained":[{"floor":6,"key":"Bag of Preparation"},{"floor":9,"key":"PreservedInsect"},{"floor":10,"key":"Frozen Egg 2"}],"event_choices":[{"damage_healed":0,"gold_gain":0,"player_choice":"Ignored","damage_taken":0,"max_hp_gain":0,"max_hp_loss":0,"event_name":"Liars Game","floor":2,"gold_loss":0},{"cards_removed":["hermit:Strike_Hermit"],"damage_healed":0,"gold_gain":0,"player_choice":"Card Removal","damage_taken":7,"max_hp_gain":0,"max_hp_loss":0,"event_name":"Golden Wing","floor":4,"gold_loss":0},{"cards_removed":["hermit:Defend_Hermit"],"damage_healed":0,"gold_gain":0,"player_choice":"Forget","damage_taken":0,"max_hp_gain":0,"max_hp_loss":0,"event_name":"Living Wall","floor":5,"gold_loss":0}],"is_beta":false,"boss_relics":[],"items_purged_floors":[],"is_endless":false,"potions_floor_spawned":[8,10,14],"killed_by":"The Guardian","ascension_level":0}}