{"host":"072lmn9sfokvtood","time":1612408157,"event":{"mods":["BaseMod","Colored Powertips","Curses Come First","Minty Spire (QoL Compilation)","StSLib"],"gold_per_floor":[134,174,209,138,178,208,208,208,233,233,608,301,266,306,306,406,406,446,146,181,216,251,306,306,34,59,108,126,161,161,235,235,344,344,393,428,328,28,43,43,18,33,33,73,73,82,131,131,131],"floor_reached":48,"language":"ENG","playtime":3273,"items_purged":["Strike_B","Strike_B"],"score":516,"play_id":"1793a273-f26d-46d3-9bbd-cc4f5efd89ac","local_time":"20210203210917","daily_mods":["Allstar","Purple Cards","Lethality"],"is_ascension_mode":false,"campfire_choices":[{"floor":8.0,"key":"REST"},{"floor":10.0,"key":"REST"},{"data":"Apotheosis","floor":15.0,"key":"SMITH"},{"floor":24.0,"key":"REST"},{"floor":30.0,"key":"REST"},{"floor":32.0,"key":"REST"},{"floor":40,"key":"REST"}],"circlet_count":0,"master_deck":["Strike_B","Strike_B","Defend_B","Defend_B","Defend_B","Defend_B","Zap","Dualcast","Bandage Up","Apotheosis+1","Secret Weapon","Secret Technique","HandOfGreed","Stack","ClearTheMind","Lockon","BootSequence","Beam Cell","MentalFortress","Crescendo","Blasphemy","Loop","White Noise","EmptyFist","Biased Cognition","Go for the Eyes+1","Hello World+1","EmptyBody+1","Consecrate","Conserve Battery","Stack","Reboot","Undo","Rebound+1","Redo+1","Aggregate","Chrysalis","Halt+1"],"relics":["Cracked Core","Ornamental Fan","Omamori","Old Coin","Nuclear Battery","Turnip","Boot","Kunai","CeramicFish","Fusion Hammer","TungstenRod","Strawberry"],"acts_visited":["Exordium","TheCity","TheBeyond"],"potions_floor_usage":[39,44],"damage_taken":[{"damage":0.0,"enemies":"Cultist","floor":1.0,"turns":2.0},{"damage":10.0,"enemies":"2 Louse","floor":2.0,"turns":3.0},{"damage":14.0,"enemies":"Jaw Worm","floor":3.0,"turns":2.0},{"damage":0.0,"enemies":"Large Slime","floor":5.0,"turns":2.0},{"damage":36.0,"enemies":"Gremlin Nob","floor":6.0,"turns":4.0},{"damage":18.0,"enemies":"3 Sentries","floor":11.0,"turns":6.0},{"damage":0.0,"enemies":"Red Slaver","floor":14.0,"turns":2.0},{"damage":38.0,"enemies":"The Guardian","floor":16.0,"turns":7.0},{"damage":0.0,"enemies":"Spheric Guardian","floor":18.0,"turns":2.0},{"damage":30.0,"enemies":"2 Thieves","floor":20.0,"turns":3.0},{"damage":21.0,"enemies":"Sentry and Sphere","floor":21.0,"turns":5.0},{"damage":6.0,"enemies":"Cultist and Chosen","floor":22.0,"turns":4.0},{"damage":20.0,"enemies":"Book of Stabbing","floor":23.0,"turns":5.0},{"damage":16.0,"enemies":"Chosen and Byrds","floor":27.0,"turns":4.0},{"damage":18.0,"enemies":"Sentry and Sphere","floor":29.0,"turns":5.0},{"damage":10.0,"enemies":"Centurion and Healer","floor":31.0,"turns":5.0},{"damage":43.0,"enemies":"Champ","floor":33.0,"turns":11.0},{"damage":14,"enemies":"3 Darklings","floor":35,"turns":6},{"damage":15,"enemies":"3 Shapes","floor":36,"turns":5},{"damage":13,"enemies":"Transient","floor":39,"turns":5},{"damage":11,"enemies":"Spire Growth","floor":42,"turns":6},{"damage":30,"enemies":"4 Shapes","floor":44,"turns":5},{"damage":13,"enemies":"Sphere and 2 Shapes","floor":47,"turns":6},{"damage":33,"enemies":"Spire Growth","floor":48,"turns":4}],"seed_played":"4031875728642390749","potions_obtained":[{"floor":2.0,"key":"SkillPotion"},{"floor":5.0,"key":"CultistPotion"},{"floor":14.0,"key":"PowerPotion"},{"floor":22.0,"key":"GamblersBrew"},{"floor":23.0,"key":"Weak Potion"},{"floor":33.0,"key":"Weak Potion"},{"floor":35,"key":"DuplicationPotion"},{"floor":39,"key":"LiquidBronze"},{"floor":44,"key":"Dexterity Potion"}],"is_trial":false,"path_per_floor":["M","M","M","$","M","E","?","R","T","R","E","$","?","M","R","B",null,"M","$","M","M","M","E","R","$","T","M","?","M","R","M","R","B",null,"M","M","$","$","M","R","$","M","T","M","?","?","M","M"],"character_chosen":"DEFECT","items_purchased":["BootSequence","Blasphemy","Loop","White Noise","Turnip","Kunai","Conserve Battery","TungstenRod","Aggregate"],"campfire_rested":6,"item_purchase_floors":[4,12,12,12,19,25,25,38,41],"current_hp_per_floor":[75,71,61,61,61,25,25,47,47,69,57,57,75,75,75,39,75,75,75,45,24,24,10,32,32,32,22,22,4,26,22,44,7,75,67,56,56,56,43,65,65,58,65,39,39,39,26,0,0],"gold":131,"neow_bonus":"","is_daily":true,"chose_seed":false,"campfire_upgraded":1,"win_rate":0.0,"timestamp":1612408157,"path_taken":["M","M","?","$","M","E","?","R","T","R","E","$","?","M","R","BOSS","M","$","M","M","M","E","R","$","T","M","?","M","R","?","R","BOSS","M","M","?","$","M","R","$","M","T","?","?","?","?","M"],"items_purchased_type":["Card","Card","Card","Card","Relic","Relic","Card","Relic","Card"],"build_version":"2020-12-22","purchased_purges":2,"victory":false,"max_hp_per_floor":[75,75,75,75,75,75,75,75,75,75,75,75,75,75,75,75,75,75,75,75,75,75,75,75,75,75,75,75,75,75,75,75,75,75,75,75,75,75,75,75,75,75,82,82,82,82,82,82,82],"card_choices":[{"not_picked":["Conserve Battery","Coolheaded"],"picked":"Stack","floor":1.0},{"not_picked":["Ball Lightning","Swivel"],"picked":"ClearTheMind","floor":2.0},{"not_picked":["Cold Snap","Coolheaded"],"picked":"Lockon","floor":3.0},{"not_picked":["Halt","Ball Lightning"],"picked":"Beam Cell","floor":5.0},{"not_picked":["Sanctity","Doom and Gloom"],"picked":"MentalFortress","floor":6.0},{"not_picked":["PathToVictory","Doom and Gloom"],"picked":"Crescendo","floor":11.0},{"not_picked":["InnerPeace","BowlingBash"],"picked":"EmptyFist","floor":14.0},{"not_picked":["Omniscience","Electrodynamics"],"picked":"Biased Cognition","floor":16.0},{"not_picked":["SashWhip","Steam+1"],"picked":"Go for the Eyes+1","floor":18.0},{"not_picked":["SashWhip","Barrage"],"picked":"Hello World+1","floor":20.0},{"not_picked":["Weave+1","EmptyMind"],"picked":"EmptyBody+1","floor":21.0},{"not_picked":["Leap","Reprogram","ThirdEye"],"picked":"SKIP","floor":22.0},{"not_picked":["Cold Snap","Steam"],"picked":"Consecrate","floor":23.0},{"not_picked":["SashWhip","Barrage"],"picked":"Stack","floor":27.0},{"not_picked":["Cold Snap","Redo","Scrawl"],"picked":"SKIP","floor":29.0},{"not_picked":["ClearTheMind","BowlingBash"],"picked":"Rebound+1","floor":31.0},{"not_picked":["Alpha","Devotion"],"picked":"Establishment","floor":33.0},{"not_picked":["Hologram+1","EmptyBody+1"],"picked":"Redo+1","floor":35},{"not_picked":["Meditate","Crescendo","Protect+1"],"picked":"SKIP","floor":36},{"not_picked":["Beam Cell","ThirdEye+1","Conserve Battery+1"],"picked":"SKIP","floor":39},{"not_picked":["Conserve Battery","Buffer","Sweeping Beam+1"],"picked":"SKIP","floor":42},{"not_picked":["FlyingSleeves","Rebound+1","ClearTheMind"],"picked":"SKIP","floor":44},{"not_picked":["Panacea","Purity"],"picked":"Chrysalis","floor":46},{"not_picked":["Redo+1","EmptyBody+1"],"picked":"Halt+1","floor":47}],"player_experience":259575,"relics_obtained":[{"floor":6.0,"key":"Ornamental Fan"},{"floor":9.0,"key":"Omamori"},{"floor":11.0,"key":"Old Coin"},{"floor":23.0,"key":"Boot"},{"floor":26.0,"key":"CeramicFish"},{"floor":43,"key":"Strawberry"}],"event_choices":[{"damage_healed":0.0,"max_hp_gain":0.0,"max_hp_loss":0.0,"gold_gain":0.0,"event_name":"Shining Light","player_choice":"Ignored","floor":7.0,"gold_loss":0.0,"damage_taken":0.0},{"damage_healed":18.0,"max_hp_gain":0.0,"max_hp_loss":0.0,"gold_gain":0.0,"event_name":"The Cleric","player_choice":"Healed","floor":13.0,"gold_loss":35.0,"damage_taken":0.0},{"damage_healed":0.0,"max_hp_gain":0.0,"max_hp_loss":0.0,"gold_gain":0.0,"event_name":"Match and Keep!","player_choice":"2 cards matched","floor":28.0,"gold_loss":0.0,"damage_taken":0.0,"cards_obtained":["Reboot","Undo"]},{"cards_removed":["Establishment"],"damage_healed":0,"gold_gain":0,"player_choice":"Removed Power","damage_taken":0,"max_hp_gain":0,"max_hp_loss":0,"event_name":"Falling","floor":45,"gold_loss":0},{"damage_healed":0,"gold_gain":0,"player_choice":"Memory 1","damage_taken":0,"max_hp_gain":0,"max_hp_loss":0,"event_name":"SensoryStone","floor":46,"gold_loss":0}],"is_beta":false,"boss_relics":[{"not_picked":["Busted Crown","Snecko Eye"],"picked":"Nuclear Battery"},{"not_picked":["SacredBark","Runic Pyramid"],"picked":"Fusion Hammer"}],"items_purged_floors":[12,37],"is_endless":false,"potions_floor_spawned":[2,5,14,22,23,33,35,39,44],"killed_by":"Spire Growth","ascension_level":0}}