{"host":"6a9c3xws62y7efyw","time":1612405709,"event":{"mods":["BaseMod","Colored Map","Minty Spire (QoL Compilation)","Relic Stats","StSLib"],"gold_per_floor":[20,39,50,64,64,130,130,161,209,209,228,239,269,269,269,347,347,360,45,55,55,72,102,102,113,191,191,224,235,247,267,267,342,342,353,353,364,364,379,413,425,467,560,598,449,480,480,494,494,494,494],"floor_reached":50,"language":"ENG","playtime":3640,"items_purged":["Regret"],"score":1448,"play_id":"43f6be26-968e-4cdc-8f8d-db0d1562cacf","local_time":"20210203182829","is_ascension_mode":true,"campfire_choices":[{"data":"A Thousand Cuts","floor":7.0,"key":"SMITH"},{"data":"Blade Dance","floor":10.0,"key":"SMITH"},{"data":"Leg Sweep","floor":15,"key":"SMITH"},{"data":"Wraith Form v2","floor":27,"key":"SMITH"},{"floor":32,"key":"REST"},{"floor":41,"key":"REST"},{"floor":49,"key":"RECALL"}],"circlet_count":0,"master_deck":["AscendersBane","Strike_G","Strike_G","Defend_G","Defend_G","Defend_G","Defend_G","Defend_G","Survivor","Neutralize","A Thousand Cuts+1","Deadly Poison","Blade Dance+1","Blade Dance","Backstab","Venomology","Flying Knee","Leg Sweep+1","Endless Agony","Wraith Form v2+1","Footwork+1","Bouncing Flask","Finisher","Wraith Form v2+1","Noxious Fumes+1","Clumsy","Malaise","Well Laid Plans+1","Footwork+1","Footwork+1","Night Terror","Backflip+1","Sadistic Nature+1","Mayhem+1","Blade Dance+1","PiercingWail+1","Cloak And Dagger","Caltrops+1","Burst","Escape Plan"],"relics":["Ring of the Snake","Akabeko","Ninja Scroll","Strawberry","Centennial Puzzle","Cursed Key","Frozen Egg 2","Letter Opener","HornCleat","Dream Catcher","WristBlade","MawBank","Happy Flower","Gremlin Horn","Molten Egg 2"],"acts_visited":["Exordium","TheCity","TheBeyond"],"potions_floor_usage":[13,16,16,18,20,23,25,28,29,31,33,40,42,44,46,46,46,48,50],"damage_taken":[{"damage":1.0,"enemies":"2 Louse","floor":1.0,"turns":4.0},{"damage":6.0,"enemies":"Jaw Worm","floor":2.0,"turns":6.0},{"damage":1.0,"enemies":"Cultist","floor":3.0,"turns":4.0},{"damage":2.0,"enemies":"Looter","floor":4.0,"turns":5.0},{"damage":12.0,"enemies":"3 Sentries","floor":6.0,"turns":6.0},{"damage":4.0,"enemies":"Lagavulin","floor":8.0,"turns":5.0},{"damage":6.0,"enemies":"Exordium Thugs","floor":11.0,"turns":3.0},{"damage":2.0,"enemies":"3 Louse","floor":12.0,"turns":4.0},{"damage":0,"enemies":"3 Sentries","floor":13,"turns":4},{"damage":20,"enemies":"Hexaghost","floor":16,"turns":9},{"damage":6,"enemies":"2 Thieves","floor":18,"turns":4},{"damage":0,"enemies":"Shell Parasite","floor":20,"turns":1},{"damage":7,"enemies":"Snake Plant","floor":22,"turns":3},{"damage":0,"enemies":"Gremlin Leader","floor":23,"turns":5},{"damage":3,"enemies":"Centurion and Healer","floor":25,"turns":7},{"damage":10,"enemies":"Book of Stabbing","floor":28,"turns":6},{"damage":6,"enemies":"Cultist and Chosen","floor":29,"turns":6},{"damage":0,"enemies":"Snake Plant","floor":30,"turns":4},{"damage":0,"enemies":"Centurion and Healer","floor":31,"turns":5},{"damage":19,"enemies":"Champ","floor":33,"turns":12},{"damage":4,"enemies":"3 Shapes","floor":35,"turns":6},{"damage":0,"enemies":"3 Darklings","floor":37,"turns":3},{"damage":19,"enemies":"Transient","floor":39,"turns":6},{"damage":16,"enemies":"Nemesis","floor":40,"turns":9},{"damage":0,"enemies":"Reptomancer","floor":42,"turns":5},{"damage":22,"enemies":"Giant Head","floor":44,"turns":8},{"damage":1,"enemies":"Reptomancer","floor":46,"turns":6},{"damage":0,"enemies":"Sphere and 2 Shapes","floor":48,"turns":6},{"damage":17,"enemies":"Awakened One","floor":50,"turns":5}],"seed_played":"-7152031461482838564","potions_obtained":[{"floor":2.0,"key":"ColorlessPotion"},{"floor":4.0,"key":"GamblersBrew"},{"floor":11.0,"key":"Strength Potion"},{"floor":13,"key":"AttackPotion"},{"floor":16,"key":"GamblersBrew"},{"floor":18,"key":"SteroidPotion"},{"floor":20,"key":"GhostInAJar"},{"floor":31,"key":"Ancient Potion"},{"floor":33,"key":"DuplicationPotion"},{"floor":42,"key":"Energy Potion"},{"floor":48,"key":"Block Potion"}],"is_trial":false,"path_per_floor":["M","M","M","M","?","E","R","E","T","R","M","M","E","?","R","B",null,"M","$","M","?","M","E","?","M","T","R","E","M","M","M","R","B",null,"M","?","M","?","M","E","R","E","T","E","$","E","?","M","R","B"],"character_chosen":"THE_SILENT","items_purchased":["Frozen Egg 2","Footwork+1","Caltrops+1"],"campfire_rested":2,"item_purchase_floors":[19,19,45],"current_hp_per_floor":[58,52,51,49,42,30,30,26,33,33,27,25,25,25,25,5,56,50,50,50,50,43,43,43,40,40,40,30,24,24,24,45,26,61,57,47,47,47,28,12,32,32,32,10,10,9,9,9,9,0,0],"gold":494,"neow_bonus":"THREE_RARE_CARDS","is_daily":false,"chose_seed":false,"campfire_upgraded":4,"win_rate":0.0,"timestamp":1612405709,"path_taken":["M","M","M","M","?","E","R","E","T","R","M","M","E","?","R","BOSS","M","$","M","?","M","E","?","M","T","R","E","M","M","M","R","BOSS","M","?","M","?","M","E","R","E","T","E","$","E","?","M","R","BOSS"],"items_purchased_type":["Relic","Card","Card"],"build_version":"2020-12-22","purchased_purges":1,"victory":false,"max_hp_per_floor":[66,66,66,66,66,66,66,66,73,73,73,73,73,73,73,73,73,73,73,73,73,73,73,73,73,73,73,73,73,73,73,73,73,73,73,73,73,69,69,69,69,69,69,69,69,69,69,69,69,69,69],"relic_stats":{"Centennial Puzzle":[39],"Dream Catcher":2,"Happy Flower":[8],"Gremlin Horn":[9,8],"counters":[29,157],"Letter Opener":[139],"Cursed Key":2,"MawBank":60,"obtain_stats":[{"Happy Flower":42,"Gremlin Horn":44,"Letter Opener":23,"Frozen Egg 2":19,"Cursed Key":17,"MawBank":40,"Akabeko":6,"Centennial Puzzle":13,"Dream Catcher":28,"HornCleat":26,"WristBlade":34,"Ninja Scroll":8,"Strawberry":9,"Molten Egg 2":46,"Ring of the Snake":0},{"Happy Flower":25,"Gremlin Horn":26,"Letter Opener":14,"Frozen Egg 2":11,"Cursed Key":10,"MawBank":24,"Akabeko":5,"Centennial Puzzle":9,"Dream Catcher":16,"HornCleat":15,"WristBlade":20,"Ninja Scroll":6,"Strawberry":6,"Molten Egg 2":27,"Ring of the Snake":0},{"Happy Flower":132,"Gremlin Horn":140,"Letter Opener":63,"Frozen Egg 2":54,"Cursed Key":50,"MawBank":127,"Akabeko":25,"Centennial Puzzle":41,"Dream Catcher":76,"HornCleat":70,"WristBlade":103,"Ninja Scroll":30,"Strawberry":30,"Molten Egg 2":146,"Ring of the Snake":0}],"Ring of the Snake":[52]},"card_choices":[{"not_picked":["Doppelganger","Tools of the Trade"],"picked":"A Thousand Cuts","floor":0.0},{"not_picked":["Flying Knee","Backflip"],"picked":"Deadly Poison","floor":1.0},{"not_picked":["Leg Sweep","Deflect"],"picked":"Blade Dance","floor":2.0},{"not_picked":["Dodge and Roll","Flying Knee"],"picked":"Blade Dance","floor":3.0},{"not_picked":["Masterful Stab","Slice"],"picked":"Backstab","floor":4.0},{"not_picked":["Quick Slash","Deflect"],"picked":"Venomology","floor":6.0},{"not_picked":["Acrobatics","Setup","Tactician"],"picked":"SKIP","floor":8.0},{"not_picked":["Acrobatics","Catalyst"],"picked":"Flying Knee","floor":11.0},{"not_picked":["Skewer","Catalyst"],"picked":"Leg Sweep","floor":12.0},{"not_picked":["Deflect","Flying Knee"],"picked":"Endless Agony","floor":13},{"not_picked":["Grand Finale","Phantasmal Killer"],"picked":"Wraith Form v2","floor":16},{"not_picked":["Tactician","Flying Knee","Dagger Spray"],"picked":"SKIP","floor":18},{"not_picked":["Setup","Acrobatics"],"picked":"Bouncing Flask","floor":20},{"not_picked":["Setup","Flechettes","Poisoned Stab"],"picked":"SKIP","floor":22},{"not_picked":["Quick Slash","Doppelganger"],"picked":"Finisher","floor":23},{"not_picked":["Crippling Poison","Cloak And Dagger"],"picked":"Noxious Fumes+1","floor":25},{"not_picked":["Dagger Spray","Doppelganger"],"picked":"Malaise","floor":28},{"not_picked":["Flechettes","Prepared+1","Bouncing Flask"],"picked":"SKIP","floor":29},{"not_picked":["Poisoned Stab+1","Terror"],"picked":"Well Laid Plans+1","floor":30},{"not_picked":["Bouncing Flask","Prepared"],"picked":"Footwork+1","floor":31},{"not_picked":["Dagger Spray","Prepared"],"picked":"Footwork+1","floor":32},{"not_picked":["Phantasmal Killer","Adrenaline"],"picked":"Night Terror","floor":33},{"not_picked":["Crippling Poison","PiercingWail"],"picked":"Backflip+1","floor":35},{"not_picked":["Dark Shackles","Purity"],"picked":"Sadistic Nature+1","floor":36},{"not_picked":["Jack Of All Trades","Finesse"],"picked":"Mayhem+1","floor":36},{"not_picked":["Dash","Noxious Fumes+1"],"picked":"Blade Dance+1","floor":37},{"not_picked":["Well Laid Plans+1","Deadly Poison","Flying Knee"],"picked":"SKIP","floor":39},{"not_picked":["Quick Slash+1","Setup"],"picked":"PiercingWail+1","floor":40},{"not_picked":["Dagger Throw+1","Underhanded Strike"],"picked":"Cloak And Dagger","floor":41},{"not_picked":["Dagger Spray","Bane"],"picked":"Finisher","floor":42},{"not_picked":["All Out Attack+1","Flying Knee","Flechettes"],"picked":"SKIP","floor":44},{"not_picked":["Dodge and Roll","Tactician"],"picked":"Burst","floor":46},{"not_picked":["Bane+1","Footwork+1"],"picked":"Escape Plan","floor":48}],"player_experience":1474388,"relics_obtained":[{"floor":6.0,"key":"Akabeko"},{"floor":8.0,"key":"Ninja Scroll"},{"floor":9.0,"key":"Strawberry"},{"floor":13,"key":"Centennial Puzzle"},{"floor":23,"key":"Letter Opener"},{"floor":26,"key":"HornCleat"},{"floor":28,"key":"Dream Catcher"},{"floor":40,"key":"MawBank"},{"floor":42,"key":"Happy Flower"},{"floor":44,"key":"Gremlin Horn"},{"floor":46,"key":"Molten Egg 2"}],"event_choices":[{"cards_removed":["Strike_G"],"damage_healed":0.0,"max_hp_gain":0.0,"max_hp_loss":0.0,"gold_gain":0.0,"event_name":"Golden Wing","player_choice":"Card Removal","floor":5.0,"gold_loss":0.0,"damage_taken":7.0},{"cards_removed":["Strike_G"],"damage_healed":0,"gold_gain":0,"player_choice":"Purged","damage_taken":0,"max_hp_gain":0,"max_hp_loss":0,"event_name":"Purifier","floor":14,"gold_loss":0},{"cards_removed":["Strike_G"],"damage_healed":0,"gold_gain":0,"player_choice":"Elegance","damage_taken":0,"max_hp_gain":0,"max_hp_loss":0,"event_name":"Back to Basics","floor":21,"gold_loss":0},{"damage_healed":0,"gold_gain":0,"player_choice":"Copied","damage_taken":0,"max_hp_gain":0,"max_hp_loss":0,"event_name":"Duplicator","floor":24,"gold_loss":0,"cards_obtained":["Wraith Form v2"]},{"damage_healed":0,"gold_gain":0,"player_choice":"Memory 3","damage_taken":10,"max_hp_gain":0,"max_hp_loss":0,"event_name":"SensoryStone","floor":36,"gold_loss":0},{"damage_healed":0,"gold_gain":0,"player_choice":"Max HP","damage_taken":0,"max_hp_gain":0,"max_hp_loss":4,"event_name":"Winding Halls","floor":38,"gold_loss":0},{"cards_removed":["Finisher"],"damage_healed":0,"gold_gain":0,"player_choice":"Removed Attack","damage_taken":0,"max_hp_gain":0,"max_hp_loss":0,"event_name":"Falling","floor":47,"gold_loss":0}],"is_beta":false,"boss_relics":[{"not_picked":["Philosopher\u0027s Stone","Astrolabe"],"picked":"Cursed Key"},{"not_picked":["SacredBark","Ring of the Serpent"],"picked":"WristBlade"}],"items_purged_floors":[45],"is_endless":false,"potions_floor_spawned":[2,4,11,13,16,18,20,28,31,33,39,42,46,48],"killed_by":"Awakened One","ascension_level":20}}