{"host":"a71rwr83kjmtknvr","time":1612471936,"event":{"mods":["A Penny For Your Troubles","AchievementEnabler","Act Like it!","Aspiration","BaseMod","Better Altar","Better Match","Better Sensory Stone","Better Skull","Better Third Choice","BetterRewards","Bossed Relics","Colored Map","Colored Powertips","Displayed Cursed Tome","Gensokyo","Halation","Hubris","Infinite Spire","Jedi Mod","Marisa????????","Minty Spire (QoL Compilation)","Permanent Neow","Poor People Problems","RNG Fix","Reliquary","Remilia??????","Replay The Spire","StSLib","SuperFastMode","The Blue Laboratory","The Servant 0.9.4","Uncapped","Unceasing Turn Reminder","Weighted Paths"],"gold_per_floor":[114,114,127,152,152,193,193,232,255,270,270,314,314,336,336,464,464,477,477,486,25,49,92,116,116,116],"floor_reached":25,"language":"ENG","playtime":787,"items_purged":[],"score":411,"play_id":"7eaff06e-e151-48be-9432-6327d4c2c798","local_time":"20210204235216","is_ascension_mode":true,"campfire_choices":[{"data":"Inflame","floor":7,"key":"SMITH"},{"data":"Sword Boomerang","floor":11,"key":"SMITH"},{"data":"Rupture","floor":13,"key":"SMITH"},{"data":"Combust","floor":15,"key":"SMITH"}],"circlet_count":0,"master_deck":["Strike_R","Strike_R","Strike_R","Strike_R","Strike_R","Defend_R","Defend_R","Defend_R","Defend_R","Bash","Inflame+1","Inflame+1","Warcry","Sword Boomerang","Sword Boomerang+1","ReplayTheSpireMod:Muscle Training","Rupture+1","Combust+1","Cleave","Heavy Blade","Inflame","Whirlwind+1"],"relics":["Burning Blood","reliquary:Bookmark","Champion Belt","Juzu Bracelet","hubris:TenFootPole","Golden Idol","Ancient Tea Set","Centennial Puzzle","infinitespire:Satchel","CeramicFish","reliquary:WritOfMandamus","Blue Doll","hubris:IronBody","hubris:Teleporter"],"acts_visited":["Exordium","TheCity"],"potions_floor_usage":[6,16,24,25],"damage_taken":[{"damage":7,"enemies":"Small Slimes","floor":1,"turns":4},{"damage":0,"enemies":"Cultist","floor":3,"turns":3},{"damage":1,"enemies":"Jaw Worm","floor":4,"turns":3},{"damage":26,"enemies":"3 Sentries","floor":6,"turns":6},{"damage":10,"enemies":"Gremlin Nob","floor":8,"turns":3},{"damage":17,"enemies":"Exordium Wildlife","floor":10,"turns":3},{"damage":18,"enemies":"3 Sentries","floor":12,"turns":4},{"damage":11,"enemies":"Lots of Slimes","floor":14,"turns":4},{"damage":6,"enemies":"Slime Boss","floor":16,"turns":5},{"damage":6,"enemies":"Chosen","floor":18,"turns":2},{"damage":1,"enemies":"Spheric Guardian","floor":22,"turns":3},{"damage":32,"enemies":"Gremlin Leader","floor":23,"turns":4},{"damage":46,"enemies":"Shelled Parasite and Fungi","floor":24,"turns":4},{"damage":20,"enemies":"Book of Stabbing","floor":25,"turns":3}],"seed_played":"5391212930358133307","potions_obtained":[{"floor":4,"key":"blueLaboratory:EmptyBottle"},{"floor":8,"key":"Dexterity Potion"},{"floor":10,"key":"blueLaboratory:FrostheartPotion"},{"floor":14,"key":"EssenceOfSteel"},{"floor":22,"key":"jedi:holywater"}],"is_trial":false,"path_per_floor":["M","?","M","M","?","E","R","E","T","M","R","E","R","M","R","B",null,"M","?","?","$","M","E","M","E"],"character_chosen":"IRONCLAD","items_purchased":["Inflame","reliquary:Bookmark","Inflame","Juzu Bracelet","hubris:TenFootPole","Blue Doll","Inflame","hubris:IronBody"],"campfire_rested":0,"item_purchase_floors":[0,0,0,0,0,21,21,21],"current_hp_per_floor":[79,69,75,80,80,60,60,56,56,45,45,33,33,28,28,28,80,80,80,80,80,80,54,14,0,0],"gold":116,"neow_bonus":"","is_daily":false,"chose_seed":false,"campfire_upgraded":4,"win_rate":0.0,"timestamp":1612471936,"path_taken":["M","?","M","M","?","E","R","E","T","M","R","E","R","M","R","BOSS","M","?","?","$","M","E","M","E"],"items_purchased_type":["Card","Relic","Card","Relic","Relic","Relic","Card","Relic"],"build_version":"2020-12-22","purchased_purges":0,"victory":false,"max_hp_per_floor":[80,80,80,80,80,80,80,80,80,80,80,80,80,80,80,80,80,80,80,80,80,80,80,80,80,80],"card_choices":[{"not_picked":["Body Slam","Headbutt","hubris:ReadiedAction"],"picked":"SKIP","floor":1},{"not_picked":["Armaments","Havoc"],"picked":"Warcry","floor":3},{"not_picked":["Cleave","Spot Weakness"],"picked":"Sword Boomerang","floor":4},{"not_picked":["Feel No Pain","Cleave"],"picked":"Sword Boomerang","floor":6},{"not_picked":["Feel No Pain","Searing Blow"],"picked":"ReplayTheSpireMod:Muscle Training","floor":8},{"not_picked":["Clothesline","Reaper"],"picked":"Rupture","floor":10},{"not_picked":["Havoc","Run Through"],"picked":"Combust","floor":12},{"not_picked":["Carnage","Warcry"],"picked":"Cleave","floor":14},{"not_picked":["Metallicize","jedi:fear","Dual Wield+1"],"picked":"SKIP","floor":18},{"not_picked":["Body Slam","ReplayTheSpireMod:Strike From Hell+1"],"picked":"Whirlwind+1","floor":22},{"not_picked":["Disarm+1","Body Slam+1","Flex"],"picked":"SKIP","floor":23},{"not_picked":["Clothesline","Headbutt","Abandon+1"],"picked":"SKIP","floor":24}],"player_experience":775852,"relics_obtained":[{"floor":6,"key":"Ancient Tea Set"},{"floor":8,"key":"Centennial Puzzle"},{"floor":9,"key":"infinitespire:Satchel"},{"floor":12,"key":"CeramicFish"},{"floor":23,"key":"hubris:Teleporter"}],"event_choices":[{"damage_healed":0,"gold_gain":0,"player_choice":"Take Damage","damage_taken":20,"relics_obtained":["Golden Idol"],"max_hp_gain":0,"max_hp_loss":0,"event_name":"Golden Idol","floor":2,"gold_loss":0},{"damage_healed":0,"gold_gain":0,"player_choice":"Grow","damage_taken":0,"max_hp_gain":0,"max_hp_loss":0,"event_name":"Living Wall","floor":5,"gold_loss":0,"cards_upgraded":["Inflame"]},{"damage_healed":0,"gold_gain":0,"player_choice":"Ignored","damage_taken":0,"max_hp_gain":0,"max_hp_loss":0,"event_name":"N\u0027loth","floor":19,"gold_loss":0},{"damage_healed":0,"gold_gain":0,"player_choice":"Read","damage_taken":0,"max_hp_gain":0,"max_hp_loss":0,"event_name":"The Library","floor":20,"gold_loss":0,"cards_obtained":["Heavy Blade"]}],"is_beta":false,"boss_relics":[{"not_picked":["Pandora\u0027s Box","hubris:BlackHole"],"picked":"reliquary:WritOfMandamus"}],"items_purged_floors":[],"is_endless":false,"potions_floor_spawned":[4,8,10,14,22],"killed_by":"Book of Stabbing","ascension_level":1}}