{"host":"dztixnx9b0gu6w9i","time":1612424474,"event":{"mods":["BaseMod","Bestiary","Minty Spire (QoL Compilation)","Relic Stats","Slay the Relics Exporter","SpireBot","ojb\u0027s Better Paths Mod","ojb\u0027s Info Mod"],"gold_per_floor":[117,14,25,43,0,0,28,56,56,85,85,102,113,141,141,212,212,226,246,246,265,265,299,299,326,326,326,376,64,91,91,91,168,168,188,204,204,217,517,517,548,568,591,591,620,645,645,445,445,445,445,445,445,125,157,157],"floor_reached":57,"language":"ENG","playtime":8410,"items_purged":["Parasite","Strike_B"],"score":2918,"play_id":"8a3c56d6-ddfe-4a11-b011-93ae2041227b","local_time":"20210204024114","is_ascension_mode":true,"campfire_choices":[{"data":"Sweeping Beam","floor":6,"key":"SMITH"},{"data":"Doom and Gloom","floor":11,"key":"SMITH"},{"data":"Reboot","floor":15,"key":"SMITH"},{"data":"Electrodynamics","floor":24,"key":"SMITH"},{"data":"Multi-Cast","floor":27,"key":"SMITH"},{"data":"Hologram","floor":32,"key":"SMITH"},{"data":"Hologram","floor":40,"key":"SMITH"},{"data":"Hologram","floor":44,"key":"SMITH"},{"floor":49,"key":"RECALL"},{"data":"Seek","floor":53,"key":"SMITH"}],"circlet_count":0,"master_deck":["AscendersBane","Strike_B","Strike_B","Defend_B","Defend_B","Defend_B","Dualcast","Hologram+1","Gash","Sweeping Beam+1","Ball Lightning","Auto Shields","Ball Lightning","Doom and Gloom+1","Multi-Cast+1","Undo","Reboot+1","Seek+1","Electrodynamics+1","Hologram+1","Compile Driver","Decay","Force Field","Compile Driver","All For One","All For One","Hologram+1","Thunder Strike","Conserve Battery+1","Fusion","Glacier","Fusion","Hologram","Skim+1"],"relics":["Cracked Core","Odd Mushroom","Sundial","Gremlin Horn","Eternal Feather","Oddly Smooth Stone","Snecko Eye","MutagenicStrength","Darkstone Periapt","Bag of Marbles","Pantograph","Lantern","Shuriken","Inserter","Torii","Bottled Lightning","Du-Vu Doll","Turnip","Centennial Puzzle","Chemical X","Toy Ornithopter"],"acts_visited":["Exordium","TheCity","TheBeyond","TheEnding"],"potions_floor_usage":[12,13,19,21,33,41,56,56],"damage_taken":[{"damage":1,"enemies":"Cultist","floor":1,"turns":3},{"damage":9,"enemies":"2 Louse","floor":3,"turns":2},{"damage":0,"enemies":"Jaw Worm","floor":4,"turns":3},{"damage":11,"enemies":"The Mushroom Lair","floor":7,"turns":4},{"damage":10,"enemies":"3 Sentries","floor":8,"turns":4},{"damage":0,"enemies":"Gremlin Nob","floor":10,"turns":3},{"damage":0,"enemies":"3 Louse","floor":12,"turns":2},{"damage":6,"enemies":"Blue Slaver","floor":13,"turns":2},{"damage":19,"enemies":"Lagavulin","floor":14,"turns":7},{"damage":8,"enemies":"Hexaghost","floor":16,"turns":8},{"damage":0,"enemies":"3 Byrds","floor":18,"turns":4},{"damage":0,"enemies":"Spheric Guardian","floor":19,"turns":3},{"damage":12,"enemies":"Shelled Parasite and Fungi","floor":21,"turns":2},{"damage":8,"enemies":"Gremlin Leader","floor":23,"turns":6},{"damage":0,"enemies":"Slavers","floor":25,"turns":1},{"damage":0,"enemies":"Book of Stabbing","floor":30,"turns":4},{"damage":52,"enemies":"Automaton","floor":33,"turns":8},{"damage":0,"enemies":"Orb Walker","floor":35,"turns":3},{"damage":2,"enemies":"3 Shapes","floor":36,"turns":5},{"damage":2,"enemies":"Maw","floor":38,"turns":4},{"damage":28,"enemies":"Giant Head","floor":41,"turns":6},{"damage":0,"enemies":"Transient","floor":42,"turns":6},{"damage":1,"enemies":"Reptomancer","floor":45,"turns":4},{"damage":2,"enemies":"Mind Bloom Boss Battle","floor":46,"turns":3},{"damage":41,"enemies":"Donu and Deca","floor":50,"turns":6},{"damage":44,"enemies":"Awakened One","floor":51,"turns":6},{"damage":18,"enemies":"Shield and Spear","floor":55,"turns":6},{"damage":39,"enemies":"The Heart","floor":56,"turns":7}],"seed_played":"-8539498686958076081","potions_obtained":[{"floor":8,"key":"SkillPotion"},{"floor":10,"key":"Weak Potion"},{"floor":12,"key":"Fire Potion"},{"floor":16,"key":"PotionOfCapacity"},{"floor":18,"key":"Energy Potion"},{"floor":19,"key":"ColorlessPotion"},{"floor":21,"key":"Energy Potion"},{"floor":33,"key":"SkillPotion"},{"floor":38,"key":"SpeedPotion"},{"floor":41,"key":"FocusPotion"}],"is_trial":false,"path_per_floor":["M","$","M","M","?","R","?","E","T","E","R","M","M","E","R","B",null,"M","M","?","M","?","E","R","E","T","R","?","$","E","$","R","B",null,"M","M","?","M","?","R","E","M","T","R","E","?","T","$","R","B","B",null,"R","$","E","B",null],"character_chosen":"DEFECT","items_purchased":["Ball Lightning","All For One","Lantern","Fusion","Centennial Puzzle","Chemical X","Hologram"],"campfire_rested":0,"item_purchase_floors":[2,29,29,48,48,54,54],"current_hp_per_floor":[63,63,54,54,54,54,43,33,33,33,42,42,36,17,29,21,56,56,56,56,44,44,36,51,51,51,66,66,66,66,66,68,16,55,55,53,53,51,51,66,38,38,38,56,55,66,66,66,68,27,8,53,68,68,50,38],"gold":157,"neow_bonus":"TRANSFORM_TWO_CARDS","is_daily":false,"chose_seed":false,"campfire_upgraded":9,"win_rate":0.0,"timestamp":1612424474,"path_taken":["M","?","M","M","?","R","?","E","T","E","R","M","M","E","R","BOSS","M","M","?","M","?","E","R","E","T","R","?","$","E","?","R","BOSS","M","M","?","M","?","R","E","?","T","R","E","?","?","$","R","BOSS","BOSS","R","$","E","BOSS"],"items_purchased_type":["Card","Card","Relic","Card","Relic","Relic","Card"],"build_version":"2020-12-22","purchased_purges":2,"victory":true,"max_hp_per_floor":[71,68,68,68,68,68,68,68,68,68,68,68,68,68,68,68,68,68,68,68,68,68,68,68,68,68,68,68,68,68,68,68,68,68,68,68,68,68,68,68,68,68,68,68,68,68,68,68,68,68,68,68,68,68,68,68],"relic_stats":{"Darkstone Periapt":0,"Inserter":[28],"Gremlin Horn":[22,23],"Torii":9,"counters":[28,122],"Eternal Feather":103,"Centennial Puzzle":[12],"Sundial":[18],"Shuriken":[73],"Pantograph":56,"Snecko Eye":[177,164,165,147],"Turnip":[2],"Chemical X":[3],"obtain_stats":[{"Darkstone Periapt":23,"Lantern":29,"Inserter":34,"Gremlin Horn":9,"Torii":41,"Oddly Smooth Stone":14,"Eternal Feather":10,"Odd Mushroom":7,"Du-Vu Doll":46,"Centennial Puzzle":48,"Sundial":8,"Shuriken":30,"MutagenicStrength":22,"Pantograph":26,"Snecko Eye":17,"Turnip":47,"Bag of Marbles":25,"Bottled Lightning":45,"Chemical X":54,"Cracked Core":0,"Toy Ornithopter":55},{"Darkstone Periapt":14,"Lantern":15,"Inserter":17,"Gremlin Horn":5,"Torii":21,"Oddly Smooth Stone":9,"Eternal Feather":6,"Odd Mushroom":4,"Du-Vu Doll":24,"Centennial Puzzle":24,"Sundial":5,"Shuriken":16,"MutagenicStrength":13,"Pantograph":15,"Snecko Eye":10,"Turnip":24,"Bag of Marbles":15,"Bottled Lightning":23,"Chemical X":26,"Cracked Core":0,"Toy Ornithopter":27},{"Darkstone Periapt":53,"Lantern":54,"Inserter":66,"Gremlin Horn":16,"Torii":84,"Oddly Smooth Stone":30,"Eternal Feather":19,"Odd Mushroom":12,"Du-Vu Doll":97,"Centennial Puzzle":97,"Sundial":16,"Shuriken":58,"MutagenicStrength":47,"Pantograph":54,"Snecko Eye":38,"Turnip":97,"Bag of Marbles":54,"Bottled Lightning":94,"Chemical X":109,"Cracked Core":0,"Toy Ornithopter":115}],"Toy Ornithopter":9},"card_choices":[{"not_picked":["Conserve Battery","Capacitor"],"picked":"Sweeping Beam","floor":1},{"not_picked":["Reinforced Body","Skim"],"picked":"Auto Shields","floor":3},{"not_picked":["Sweeping Beam","Steam"],"picked":"Ball Lightning","floor":4},{"not_picked":["Stack","Sunder"],"picked":"Doom and Gloom","floor":7},{"not_picked":["Redo","Stack","Conserve Battery"],"picked":"SKIP","floor":8},{"not_picked":["Scrape","Lockon"],"picked":"Multi-Cast","floor":10},{"not_picked":["Turbo","Steam"],"picked":"Undo","floor":12},{"not_picked":["Cold Snap","Sweeping Beam"],"picked":"Reboot","floor":13},{"not_picked":["Recycle","Reinforced Body"],"picked":"Seek","floor":14},{"not_picked":["Seek","Rainbow"],"picked":"Electrodynamics","floor":16},{"not_picked":["Heatsinks","Ball Lightning"],"picked":"Hologram","floor":18},{"not_picked":["Blizzard","Steam Power"],"picked":"Compile Driver","floor":19},{"not_picked":["Beam Cell","BootSequence"],"picked":"Force Field","floor":21},{"not_picked":["Leap","Ball Lightning","Hello World"],"picked":"SKIP","floor":23},{"not_picked":["Storm","Skim"],"picked":"Compile Driver","floor":25},{"not_picked":["Undo+1","Beam Cell","Streamline"],"picked":"SKIP","floor":30},{"not_picked":["Amplify","Hyperbeam"],"picked":"All For One","floor":33},{"not_picked":["Rebound","Darkness","Double Energy"],"picked":"SKIP","floor":35},{"not_picked":["Skim","Genetic Algorithm","Double Energy"],"picked":"SKIP","floor":36},{"not_picked":["Skim","Genetic Algorithm","Double Energy"],"picked":"SKIP","floor":36},{"not_picked":["Redo+1","Sweeping Beam"],"picked":"Hologram","floor":38},{"not_picked":["Gash+1","Beam Cell"],"picked":"Thunder Strike","floor":41},{"not_picked":["Turbo","Go for the Eyes"],"picked":"Conserve Battery+1","floor":42},{"not_picked":["Force Field","Cold Snap"],"picked":"Fusion","floor":45},{"not_picked":["Streamline","Doom and Gloom"],"picked":"Glacier","floor":46},{"not_picked":["Beam Cell","Melter+1"],"picked":"Skim+1","floor":55}],"player_experience":8425622,"relics_obtained":[{"floor":7,"key":"Odd Mushroom"},{"floor":8,"key":"Sundial"},{"floor":9,"key":"Gremlin Horn"},{"floor":10,"key":"Eternal Feather"},{"floor":14,"key":"Oddly Smooth Stone"},{"floor":23,"key":"Darkstone Periapt"},{"floor":25,"key":"Bag of Marbles"},{"floor":26,"key":"Pantograph"},{"floor":30,"key":"Shuriken"},{"floor":41,"key":"Torii"},{"floor":45,"key":"Bottled Lightning"},{"floor":46,"key":"Du-Vu Doll"},{"floor":47,"key":"Turnip"},{"floor":55,"key":"Toy Ornithopter"}],"event_choices":[{"damage_healed":0,"gold_gain":0,"player_choice":"Left Gold","damage_taken":0,"max_hp_gain":0,"max_hp_loss":0,"event_name":"World of Goop","floor":5,"gold_loss":43},{"damage_healed":0,"gold_gain":0,"player_choice":"Fought Mushrooms","damage_taken":0,"max_hp_gain":0,"max_hp_loss":0,"event_name":"Mushrooms","floor":7,"gold_loss":0},{"damage_healed":0,"gold_gain":0,"player_choice":"Smashed Altar","damage_taken":0,"max_hp_gain":0,"max_hp_loss":0,"event_name":"Forgotten Altar","floor":20,"gold_loss":0,"cards_obtained":["Decay"]},{"damage_healed":0,"gold_gain":0,"player_choice":"Inject Mutagens","damage_taken":0,"relics_obtained":["MutagenicStrength"],"max_hp_gain":0,"max_hp_loss":0,"event_name":"Drug Dealer","floor":22,"gold_loss":0},{"damage_healed":0,"gold_gain":50,"player_choice":"Stole From Cult","damage_taken":0,"max_hp_gain":0,"max_hp_loss":0,"event_name":"Nest","floor":28,"gold_loss":0},{"cards_removed":["Zap"],"damage_healed":0,"gold_gain":0,"player_choice":"Removed Skill","damage_taken":0,"max_hp_gain":0,"max_hp_loss":0,"event_name":"Falling","floor":37,"gold_loss":0},{"damage_healed":0,"gold_gain":300,"player_choice":"Gold","damage_taken":0,"max_hp_gain":0,"max_hp_loss":0,"event_name":"Wheel of Change","floor":39,"gold_loss":0},{"damage_healed":0,"gold_gain":0,"player_choice":"Fight","damage_taken":0,"max_hp_gain":0,"max_hp_loss":0,"event_name":"MindBloom","floor":46,"gold_loss":0}],"is_beta":false,"boss_relics":[{"not_picked":["Calling Bell","Ectoplasm"],"picked":"Snecko Eye"},{"not_picked":["SacredBark","Pandora\u0027s Box"],"picked":"Inserter"}],"items_purged_floors":[2,54],"is_endless":false,"potions_floor_spawned":[8,10,12,16,18,19,21,33,38,41,45,46],"ascension_level":20}}