{"host":"qxeepl7ydvsgmfdb","time":1612455181,"event":{"mods":["AchievementEnabler","BaseMod","Colored Powertips","Minty Spire (QoL Compilation)","Quick Restart","slay the spire mod where everything is the same but ironclad has a cowboy hat"],"gold_per_floor":[115,62,78,98,11,11,28,28,110,140,215,249,265,37,37,139,139,154,166,166,186,42,42,67,79,149,149,184,184,184,283,283,386,386,400,622,72,123,23,23,53,67,67,84,84,134,153,153,153,153],"floor_reached":51,"language":"ENG","playtime":1824,"items_purged":["Madness","Strike_G"],"score":826,"play_id":"a4d3a47f-5c7b-4b4e-923e-e3c9069e940c","local_time":"20210204111301","is_ascension_mode":false,"campfire_choices":[{"data":"Blade Dance","floor":6.0,"key":"SMITH"},{"data":"Accuracy","floor":15.0,"key":"SMITH"},{"data":"Phantasmal Killer","floor":23.0,"key":"SMITH"},{"floor":27.0,"key":"REST"},{"floor":29.0,"key":"REST"},{"data":"Blade Dance","floor":32.0,"key":"SMITH"},{"data":"Strike_G","floor":40.0,"key":"PURGE"},{"floor":45.0,"key":"REST"},{"floor":49.0,"key":"REST"}],"circlet_count":0,"master_deck":["Strike_G","Strike_G","Strike_G","Defend_G","Defend_G","Defend_G","Defend_G","Defend_G","Survivor","Neutralize","Slice","Blade Dance+1","Poisoned Stab","Footwork+1","Blade Dance","Noxious Fumes","Dagger Spray","Blade Dance+1","Accuracy+1","Slice","Die Die Die","Slice","Phantasmal Killer+1","Blade Dance+1","After Image","Accuracy+1"],"relics":["WristBlade","Paper Crane","Boot","Snake Skull","Black Star","Lee\u0027s Waffle","Question Card","Juzu Bracelet","Toxic Egg 2","Red Mask","MutagenicStrength","Thread and Needle","Singing Bowl","Peace Pipe","Pear","HornCleat","Shuriken","Ice Cream"],"acts_visited":["Exordium","TheCity","TheBeyond"],"potions_floor_usage":[50],"damage_taken":[{"damage":7.0,"enemies":"Cultist","floor":1.0,"turns":5.0},{"damage":1.0,"enemies":"Jaw Worm","floor":3.0,"turns":2.0},{"damage":0.0,"enemies":"2 Louse","floor":4.0,"turns":1.0},{"damage":0.0,"enemies":"Large Slime","floor":7.0,"turns":5.0},{"damage":0.0,"enemies":"Gremlin Nob","floor":10.0,"turns":3.0},{"damage":2.0,"enemies":"Lagavulin","floor":12.0,"turns":5.0},{"damage":0.0,"enemies":"2 Fungi Beasts","floor":13.0,"turns":1.0},{"damage":22.0,"enemies":"The Guardian","floor":16.0,"turns":7.0},{"damage":7.0,"enemies":"Shell Parasite","floor":18.0,"turns":3.0},{"damage":5.0,"enemies":"Chosen","floor":19.0,"turns":4.0},{"damage":17.0,"enemies":"3 Cultists","floor":21.0,"turns":4.0},{"damage":29.0,"enemies":"Book of Stabbing","floor":24.0,"turns":4.0},{"damage":13.0,"enemies":"Snake Plant","floor":25.0,"turns":3.0},{"damage":9.0,"enemies":"Masked Bandits","floor":28.0,"turns":3.0},{"damage":38.0,"enemies":"Automaton","floor":33.0,"turns":6.0},{"damage":6.0,"enemies":"Orb Walker","floor":35.0,"turns":2.0},{"damage":22.0,"enemies":"2 Orb Walkers","floor":38.0,"turns":3.0},{"damage":16.0,"enemies":"Reptomancer","floor":41.0,"turns":5.0},{"damage":6.0,"enemies":"3 Darklings","floor":42.0,"turns":4.0},{"damage":23.0,"enemies":"Spire Growth","floor":44.0,"turns":4.0},{"damage":2.0,"enemies":"Mind Bloom Boss Battle","floor":46.0,"turns":5.0},{"damage":0.0,"enemies":"Transient","floor":47.0,"turns":5.0},{"damage":56,"enemies":"Time Eater","floor":50,"turns":8}],"seed_played":"5387362936505057421","potions_obtained":[{"floor":7.0,"key":"FairyPotion"},{"floor":10.0,"key":"Block Potion"},{"floor":12.0,"key":"GamblersBrew"},{"floor":16.0,"key":"Dexterity Potion"},{"floor":28.0,"key":"Strength Potion"},{"floor":38.0,"key":"Explosive Potion"},{"floor":44.0,"key":"Weak Potion"},{"floor":46.0,"key":"Block Potion"}],"is_trial":false,"path_per_floor":["M","$","M","M","$","R","M","?","T","E","?","E","M","$","R","B",null,"M","M","?","M","$","R","E","M","T","R","?","R","?","?","R","B",null,"M","?","$","?","$","R","E","M","T","M","R","?","M","?","R","B",null],"character_chosen":"THE_SILENT","items_purchased":["Blade Dance","Madness","Accuracy","Slice","Strength Potion","Lee\u0027s Waffle","Thread and Needle","Singing Bowl"],"campfire_rested":4,"item_purchase_floors":[2,5,14,14,14,22,37,37],"current_hp_per_floor":[63,63,62,62,62,62,62,62,62,62,51,49,49,49,49,27,70,63,58,45,28,82,82,53,40,40,64,55,79,79,79,79,41,82,76,76,76,56,56,56,52,48,48,27,57,57,59,59,90,34],"gold":153,"neow_bonus":"BOSS_RELIC","is_daily":false,"chose_seed":false,"campfire_upgraded":4,"win_rate":0.0,"timestamp":1612455181,"path_taken":["M","$","M","M","?","R","M","?","T","E","?","E","M","$","R","BOSS","M","M","?","M","$","R","E","M","T","R","?","R","?","?","R","BOSS","M","?","$","?","?","R","E","M","T","M","R","?","M","?","R","BOSS"],"items_purchased_type":["Card","Card","Card","Card","Potion","Relic","Relic","Relic"],"build_version":"2020-12-22","purchased_purges":2,"victory":true,"max_hp_per_floor":[70,70,70,70,70,70,70,70,70,70,70,70,70,70,70,70,70,70,70,75,75,82,82,82,82,82,82,82,82,82,82,82,82,82,82,82,82,84,84,84,96,98,98,100,100,102,104,104,104,104],"card_choices":[{"not_picked":["Noxious Fumes","Poisoned Stab"],"picked":"Slice","floor":1.0},{"not_picked":["Deflect","Sucker Punch"],"picked":"Poisoned Stab","floor":3.0},{"not_picked":["Leg Sweep","Dash"],"picked":"Footwork","floor":4.0},{"not_picked":["Flying Knee","Venomology"],"picked":"Blade Dance","floor":7.0},{"not_picked":["Backflip","Heel Hook"],"picked":"Noxious Fumes","floor":10.0},{"not_picked":["Flying Knee","Outmaneuver"],"picked":"Dagger Spray","floor":12.0},{"not_picked":["Dodge and Roll","Tactician"],"picked":"Blade Dance","floor":13.0},{"not_picked":["Corpse Explosion","Glass Knife"],"picked":"Die Die Die","floor":16.0},{"not_picked":["Poisoned Stab+1","Acrobatics"],"picked":"Slice","floor":18.0},{"not_picked":["Flechettes","Poisoned Stab"],"picked":"Phantasmal Killer","floor":19.0},{"not_picked":["Caltrops","Outmaneuver"],"picked":"Blade Dance+1","floor":21.0},{"not_picked":["Predator+1","Well Laid Plans","Bouncing Flask"],"picked":"SKIP","floor":24.0},{"not_picked":["Dagger Spray","PiercingWail+1","Tactician","Deadly Poison"],"picked":"SKIP","floor":25.0},{"not_picked":["Burst+1","Glass Knife","Corpse Explosion+1"],"picked":"After Image","floor":33.0},{"not_picked":["Prepared+1","Slice+1","Flying Knee+1","Flechettes+1"],"picked":"SKIP","floor":35.0},{"not_picked":["Poisoned Stab+1","Bane+1","Infinite Blades","Deadly Poison+1"],"picked":"Singing Bowl","floor":38.0},{"not_picked":["Infinite Blades+1","Finisher+1","Acrobatics+1","Bullet Time+1"],"picked":"Singing Bowl","floor":41.0},{"not_picked":["Predator+1","Distraction+1","Riddle With Holes+1","Infinite Blades"],"picked":"Singing Bowl","floor":42.0},{"not_picked":["Sucker Punch","Dagger Spray","Catalyst+1","Flying Knee"],"picked":"Singing Bowl","floor":44.0},{"not_picked":["Bane","Predator+1","PiercingWail+1","Sucker Punch"],"picked":"Singing Bowl","floor":46.0},{"not_picked":["Crippling Poison+1","All Out Attack","Unload","Dagger Throw"],"picked":"Singing Bowl","floor":47.0}],"player_experience":162867,"relics_obtained":[{"floor":9.0,"key":"Paper Crane"},{"floor":10.0,"key":"Boot"},{"floor":12.0,"key":"Snake Skull"},{"floor":24.0,"key":"Question Card"},{"floor":24.0,"key":"Juzu Bracelet"},{"floor":26.0,"key":"Toxic Egg 2"},{"floor":28.0,"key":"Red Mask"},{"floor":38.0,"key":"Peace Pipe"},{"floor":41.0,"key":"Pear"},{"floor":41.0,"key":"HornCleat"},{"floor":43.0,"key":"Shuriken"},{"floor":46.0,"key":"Ice Cream"}],"event_choices":[{"damage_healed":0.0,"max_hp_gain":0.0,"max_hp_loss":0.0,"gold_gain":0.0,"event_name":"Living Wall","player_choice":"Grow","floor":8.0,"gold_loss":0.0,"damage_taken":0.0,"cards_upgraded":["Footwork"]},{"damage_healed":0.0,"max_hp_gain":0.0,"max_hp_loss":0.0,"gold_gain":75.0,"event_name":"World of Goop","player_choice":"Gather Gold","floor":11.0,"gold_loss":0.0,"damage_taken":11.0},{"damage_healed":0.0,"max_hp_gain":5.0,"max_hp_loss":0.0,"gold_gain":0.0,"event_name":"Forgotten Altar","player_choice":"Shed Blood","floor":20.0,"gold_loss":0.0,"damage_taken":18.0},{"damage_healed":0.0,"max_hp_gain":0.0,"max_hp_loss":0.0,"gold_gain":0.0,"event_name":"Masked Bandits","player_choice":"Fought Bandits","floor":28.0,"gold_loss":0.0,"damage_taken":0.0},{"damage_healed":0.0,"max_hp_gain":0.0,"max_hp_loss":0.0,"gold_gain":0.0,"event_name":"Drug Dealer","player_choice":"Inject Mutagens","floor":30.0,"gold_loss":0.0,"damage_taken":0.0,"relics_obtained":["MutagenicStrength"]},{"damage_healed":0.0,"max_hp_gain":0.0,"max_hp_loss":0.0,"gold_gain":99.0,"event_name":"Nest","player_choice":"Stole From Cult","floor":31.0,"gold_loss":0.0,"damage_taken":0.0},{"damage_healed":0.0,"max_hp_gain":0.0,"max_hp_loss":0.0,"gold_gain":222.0,"event_name":"Tomb of Lord Red Mask","player_choice":"Wore Mask","floor":36.0,"gold_loss":0.0,"damage_taken":0.0},{"damage_healed":0.0,"max_hp_gain":0.0,"max_hp_loss":0.0,"gold_gain":0.0,"event_name":"Mysterious Sphere","player_choice":"Fight","floor":38.0,"gold_loss":0.0,"damage_taken":0.0},{"damage_healed":0.0,"max_hp_gain":0.0,"max_hp_loss":0.0,"gold_gain":0.0,"event_name":"MindBloom","player_choice":"Fight","floor":46.0,"gold_loss":0.0,"damage_taken":0.0},{"damage_healed":0.0,"max_hp_gain":0.0,"max_hp_loss":0.0,"gold_gain":0.0,"event_name":"Duplicator","player_choice":"Copied","floor":48.0,"gold_loss":0.0,"damage_taken":0.0,"cards_obtained":["Accuracy"]}],"is_beta":false,"boss_relics":[{"not_picked":["Fusion Hammer","Velvet Choker"],"picked":"Black Star"},{"not_picked":["Sozu","Coffee Dripper","Snecko Eye"]}],"items_purged_floors":[14,39],"is_endless":false,"potions_floor_spawned":[7,10,12,16,19,24,28,38,44,46],"ascension_level":0}}