{"host":"bf5upntvbdompq33","time":1612477269,"event":{"mods":["BaseMod","Colored Map","Colored Powertips","Curses Come First","Minty Spire (QoL Compilation)","StSLib","The Dragon Tamer","The Hierophant","The Marked","The Mystic","The Servant 0.9.4"],"gold_per_floor":[111,61,61,73,90,90,123,135,135,149,149,183,197,207,207,207,207],"floor_reached":16,"language":"ENG","playtime":795,"items_purged":[],"score":154,"play_id":"634f804f-5b61-4d2c-9237-05bcea69086f","local_time":"20210204152109","is_ascension_mode":true,"campfire_choices":[{"data":"Neutralize","floor":6,"key":"SMITH"},{"floor":15,"key":"REST"}],"circlet_count":0,"master_deck":["Strike_G","Strike_G","Strike_G","Defend_G","Defend_G","Defend_G","Defend_G","Defend_G","Survivor","Neutralize+1","Sucker Punch","Distraction","Flying Knee","Blade Dance","Escape Plan","Tactician","Cloak And Dagger","Regret","Adrenaline","Night Terror","Accuracy","Blade Dance","Acrobatics"],"relics":["Ring of the Snake","NeowsBlessing","Mummified Hand","Ninja Scroll","Dream Catcher"],"acts_visited":["Exordium"],"potions_floor_usage":[12,13,16,16],"damage_taken":[{"damage":0,"enemies":"Cultist","floor":1,"turns":1},{"damage":0,"enemies":"Jaw Worm","floor":4,"turns":1},{"damage":0,"enemies":"2 Louse","floor":5,"turns":1},{"damage":20,"enemies":"Lagavulin","floor":7,"turns":6},{"damage":2,"enemies":"Exordium Thugs","floor":8,"turns":6},{"damage":8,"enemies":"Looter","floor":10,"turns":2},{"damage":18,"enemies":"Gremlin Nob","floor":12,"turns":3},{"damage":1,"enemies":"Red Slaver","floor":13,"turns":3},{"damage":2,"enemies":"Exordium Wildlife","floor":14,"turns":3},{"damage":34,"enemies":"The Guardian","floor":16,"turns":5}],"seed_played":"4065310097764190032","potions_obtained":[{"floor":4,"key":"Dexterity Potion"},{"floor":8,"key":"SneckoOil"},{"floor":10,"key":"ColorlessPotion"},{"floor":13,"key":"SteroidPotion"},{"floor":14,"key":"SteroidPotion"}],"is_trial":false,"path_per_floor":["M","?","?","M","M","R","E","M","T","M","?","E","M","M","R","B"],"character_chosen":"THE_SILENT","items_purchased":[],"campfire_rested":1,"item_purchase_floors":[],"current_hp_per_floor":[63,63,63,63,63,63,43,41,41,33,33,15,14,12,33,0,0],"gold":207,"neow_bonus":"THREE_ENEMY_KILL","is_daily":false,"chose_seed":false,"campfire_upgraded":1,"win_rate":0.0,"timestamp":1612477269,"path_taken":["M","?","?","M","M","R","E","M","T","M","?","E","M","M","R","BOSS"],"items_purchased_type":[],"build_version":"2020-12-22","purchased_purges":0,"victory":false,"max_hp_per_floor":[70,70,70,70,70,70,70,70,70,70,70,70,70,70,70,70,70],"card_choices":[{"not_picked":["Caltrops","Flechettes"],"picked":"Sucker Punch","floor":1},{"not_picked":["Calculated Gamble","Prepared"],"picked":"Flying Knee","floor":4},{"not_picked":["Crippling Poison","Concentrate"],"picked":"Blade Dance","floor":5},{"not_picked":["Underhanded Strike","Dodge and Roll"],"picked":"Escape Plan","floor":7},{"not_picked":["Reflex","PiercingWail"],"picked":"Tactician","floor":8},{"not_picked":["Endless Agony","Catalyst"],"picked":"Cloak And Dagger","floor":10},{"not_picked":["Crippling Poison","Reflex"],"picked":"Night Terror","floor":12},{"not_picked":["Backflip","Cloak And Dagger"],"picked":"Accuracy","floor":13},{"not_picked":["Reflex","Sucker Punch"],"picked":"Blade Dance","floor":14},{"not_picked":["Masterful Stab","Dagger Throw"],"picked":"Acrobatics","floor":15}],"player_experience":1399542,"relics_obtained":[{"floor":7,"key":"Mummified Hand"},{"floor":9,"key":"Ninja Scroll"},{"floor":12,"key":"Dream Catcher"}],"event_choices":[{"cards_removed":["Strike_G"],"damage_healed":0,"gold_gain":0,"player_choice":"Card Removal","damage_taken":0,"max_hp_gain":0,"max_hp_loss":0,"event_name":"The Cleric","floor":2,"gold_loss":50},{"damage_healed":0,"gold_gain":0,"cards_transformed":["Strike_G"],"player_choice":"Change","damage_taken":0,"max_hp_gain":0,"max_hp_loss":0,"event_name":"Living Wall","floor":3,"gold_loss":0,"cards_obtained":["Distraction"]},{"damage_healed":0,"gold_gain":0,"player_choice":"2 cards matched","damage_taken":0,"max_hp_gain":0,"max_hp_loss":0,"event_name":"Match and Keep!","floor":11,"gold_loss":0,"cards_obtained":["Regret","Adrenaline"]}],"is_beta":false,"boss_relics":[],"items_purged_floors":[],"is_endless":false,"potions_floor_spawned":[4,8,10,13,14],"killed_by":"The Guardian","ascension_level":7}}