{"host":"ceheqh86fk4eo7wc","time":1612464721,"event":{"mods":["Aspiration","BaseMod","BetterRewards","Conspire","Downfall","Hermit","Hubris","Infinite Spire","Marisa????????","Minty Spire (QoL Compilation)","READ ME - Snecko Mod","Replay The Spire","StSLib","The Administrix","The Animator","The Cursed","The Poker Player","The Servant 0.9.4","slay the spire mod where everything is the same but ironclad has a cowboy hat"],"gold_per_floor":[360,310,385,404,404,404,3,20,20,33,33,73,73,98,98,224,224,224,224],"floor_reached":18,"language":"ENG","playtime":414,"items_purged":[],"score":110,"play_id":"817b85b4-ba87-4d68-80aa-005587a15fe2","local_time":"20210204105201","is_ascension_mode":false,"campfire_choices":[{"floor":6,"key":"REST"},{"data":"Anger","floor":15,"key":"SMITH"}],"circlet_count":0,"master_deck":["Strike_R","Strike_R","Strike_R","Strike_R","Strike_R","Defend_R","Defend_R","Defend_R","Defend_R","Bash","TheCursedMod:Defend_TheCursed","Anger+1","Pommel Strike","Pummel","Clothesline","Injury","Havoc","ReplayTheSpireMod:Stacked","Immolate","animator:Curse_Nutcracker","UpSweep","Replay:Bootleg Shield Generator","Berserk","ReplayTheSpireMod:Black Plague"],"relics":["Burning Blood","hubris:PeanutButter","Toolbox","hubris:CrystalStatue","Golden Idol","Durian","ReplayTheSpireMod:SealedPack"],"acts_visited":["Exordium","TheCity"],"potions_floor_usage":[8,14],"damage_taken":[{"damage":6,"enemies":"2 Louse","floor":1,"turns":2},{"damage":10,"enemies":"Small Slimes","floor":4,"turns":3},{"damage":0,"enemies":"Cultist","floor":8,"turns":2},{"damage":0,"enemies":"Looter","floor":10,"turns":2},{"damage":30,"enemies":"3 Sentries","floor":12,"turns":9},{"damage":4,"enemies":"2 Fungi Beasts","floor":14,"turns":4},{"damage":0,"enemies":"Slime Boss","floor":16,"turns":1},{"damage":0,"enemies":"Spheric Guardian","floor":18,"turns":1}],"seed_played":"-6213097515671523647","potions_obtained":[{"floor":5,"key":"Elixir"},{"floor":5,"key":"GamblersBrew"},{"floor":5,"key":"Fire Potion"},{"floor":8,"key":"Languid Potion"},{"floor":10,"key":"Regen Potion"}],"is_trial":false,"path_per_floor":["M","?","?","M","?","R","$","M","T","M","?","E","?","M","R","B",null,"M"],"character_chosen":"IRONCLAD","items_purchased":["hubris:PeanutButter","Toolbox"],"campfire_rested":1,"item_purchase_floors":[7,7],"current_hp_per_floor":[80,80,69,65,65,80,80,80,80,80,80,61,40,51,51,57,85,85,85],"gold":224,"neow_bonus":"TWO_FIFTY_GOLD","is_daily":false,"chose_seed":false,"campfire_upgraded":1,"win_rate":0.0,"timestamp":1612464721,"path_taken":["M","?","?","M","?","R","$","M","T","?","?","E","?","M","R","BOSS","M"],"items_purchased_type":["Relic","Relic"],"build_version":"2020-12-22","purchased_purges":0,"victory":false,"max_hp_per_floor":[80,80,80,80,80,80,80,80,80,80,80,85,85,85,85,85,85,85,85],"card_choices":[{"not_picked":["Run Through","Pommel Strike"],"picked":"Anger","floor":1},{"not_picked":["Blood for Blood","conspire:ExplosiveBarrier"],"picked":"Pommel Strike","floor":4},{"not_picked":["Blood for Blood","Iron Wave"],"picked":"Pummel","floor":8},{"not_picked":["Abandon","Shrug It Off"],"picked":"Clothesline","floor":10},{"not_picked":["Entrench","Headbutt"],"picked":"Havoc","floor":12},{"not_picked":["hubris:Fate","infinitespire:NeuralNetwork"],"picked":"infinitespire:SealOfDarkness+","floor":13},{"not_picked":["ReplayReversal","Rage"],"picked":"ReplayTheSpireMod:Stacked","floor":14},{"not_picked":["Impervious","Exhume"],"picked":"Immolate","floor":16},{"not_picked":["hermit:Snapshot","Eruption"],"picked":"UpSweep","floor":17},{"not_picked":["Replay:Sssssssssstrike","Trip"],"picked":"Replay:Bootleg Shield Generator","floor":17},{"not_picked":["Demon Form","conspire:Purge"],"picked":"Berserk","floor":17},{"not_picked":["infinitespire:UltimateForm","infinitespire:FutureSight"],"picked":"ReplayTheSpireMod:Black Plague","floor":17}],"player_experience":63853,"relics_obtained":[{"floor":9,"key":"hubris:CrystalStatue"},{"floor":12,"key":"Durian"}],"event_choices":[{"cards_removed":["Slimebound:CorrosiveSpit"],"damage_healed":0,"gold_gain":0,"player_choice":"Card Removal","damage_taken":0,"max_hp_gain":0,"max_hp_loss":0,"event_name":"The Cleric","floor":2,"gold_loss":50},{"damage_healed":0,"gold_gain":75,"player_choice":"Gather Gold","damage_taken":11,"max_hp_gain":0,"max_hp_loss":0,"event_name":"World of Goop","floor":3,"gold_loss":0},{"damage_healed":0,"gold_gain":0,"player_choice":"Got Potions","damage_taken":0,"max_hp_gain":0,"max_hp_loss":0,"event_name":"Lab","floor":5,"gold_loss":0},{"damage_healed":0,"gold_gain":0,"player_choice":"Take Wound","damage_taken":0,"relics_obtained":["Golden Idol"],"max_hp_gain":0,"max_hp_loss":0,"event_name":"Golden Idol","floor":11,"gold_loss":0,"cards_obtained":["Injury"]}],"is_beta":false,"boss_relics":[{"not_picked":["conspire:RoyalGoblet","conspire:SeveredTorchhead"],"picked":"ReplayTheSpireMod:SealedPack"}],"items_purged_floors":[],"is_endless":false,"potions_floor_spawned":[8,10],"killed_by":"Spheric Guardian","ascension_level":0}}