{"host":"utqe55yv0jihe4d6","time":1612408247,"event":{"mods":["2.2 Compatiblity","AchievementEnabler","BaseMod","Block Reminder","Colored Map","Colored Powertips","Minty Spire (QoL Compilation)","Quick Restart","Rare Cards Sparkle","Relic Stats","SuperFastMode"],"gold_per_floor":[110,185,198,4,14,14,44,99,99,118,118,133,167,87,87,166,166,178,178,188,200,200,234,234,264,264,289,305,330,330,430,430,501,501,511,521,521,541,556,589,589,671,695,727,727,416,416,243,243,243,243,243,243,20,51,51],"floor_reached":57,"language":"ENG","playtime":4662,"items_purged":["Defend_P","Strike_P+1","Defend_P+1","Strike_P+1"],"score":3027,"play_id":"f482b53d-4868-4e5d-96b9-b329b5d25a86","local_time":"20210203221047","is_ascension_mode":true,"campfire_choices":[{"data":"Wallop","floor":6.0,"key":"SMITH"},{"floor":11.0,"key":"REST"},{"data":"Vigilance","floor":15.0,"key":"SMITH"},{"floor":24.0,"key":"REST"},{"floor":30.0,"key":"RECALL"},{"floor":32.0,"key":"REST"},{"floor":45.0,"key":"REST"},{"data":"Master of Strategy","floor":47.0,"key":"SMITH"},{"floor":49.0,"key":"REST"},{"floor":53,"key":"REST"}],"circlet_count":0,"master_deck":["AscendersBane","Eruption+1","Vigilance+1","LessonLearned+1","CutThroughFate+1","ThirdEye+1","ReachHeaven+1","Wallop+1","SashWhip+1","Conclude+1","Omniscience+1","MentalFortress+1","Halt+1","DeusExMachina+1","Meditate+1","LessonLearned+1","Vengeance+1","ClearTheMind+1","Sanctity+1","Tantrum+1","Omniscience+1","InnerPeace+1","FlurryOfBlows+1","Protect+1","Vault+1","CurseOfTheBell","Flash of Steel+1","Master of Strategy+1","WaveOfTheHand+1","Wish+1","MentalFortress+1","Vengeance+1","Master of Strategy+1","Wireheading","Wallop+1","LikeWater"],"relics":["PureWater","Membership Card","TeardropLocket","Akabeko","Meat on the Bone","InkBottle","Astrolabe","MutagenicStrength","Oddly Smooth Stone","TungstenRod","Question Card","Vajra","Pocketwatch","Gremlin Horn","Calling Bell","Damaru","Mercury Hourglass","Incense Burner","Anchor","HornCleat","Nunchaku","Smiling Mask","Shuriken","Sling","Happy Flower","White Beast Statue"],"acts_visited":["Exordium","TheCity","TheBeyond","TheEnding"],"potions_floor_usage":[56,56],"damage_taken":[{"damage":0.0,"enemies":"2 Louse","floor":1.0,"turns":2.0},{"damage":1.0,"enemies":"Small Slimes","floor":3.0,"turns":7.0},{"damage":4.0,"enemies":"Jaw Worm","floor":5.0,"turns":5.0},{"damage":33.0,"enemies":"Lagavulin","floor":7.0,"turns":7.0},{"damage":7.0,"enemies":"3 Sentries","floor":8.0,"turns":7.0},{"damage":2.0,"enemies":"Gremlin Gang","floor":10.0,"turns":3.0},{"damage":2.0,"enemies":"Blue Slaver","floor":12.0,"turns":5.0},{"damage":20.0,"enemies":"3 Sentries","floor":13.0,"turns":8.0},{"damage":31.0,"enemies":"The Guardian","floor":16.0,"turns":10.0},{"damage":0.0,"enemies":"Chosen","floor":18.0,"turns":2.0},{"damage":4.0,"enemies":"2 Thieves","floor":20.0,"turns":3.0},{"damage":0.0,"enemies":"Snake Plant","floor":21.0,"turns":2.0},{"damage":26.0,"enemies":"Slavers","floor":23.0,"turns":7.0},{"damage":0.0,"enemies":"Gremlin Leader","floor":25.0,"turns":3.0},{"damage":2.0,"enemies":"Book of Stabbing","floor":27.0,"turns":4.0},{"damage":0.0,"enemies":"Cultist and Chosen","floor":28.0,"turns":3.0},{"damage":18.0,"enemies":"Gremlin Leader","floor":29.0,"turns":5.0},{"damage":0.0,"enemies":"Colosseum Slavers","floor":31.0,"turns":2.0},{"damage":0.0,"enemies":"Colosseum Nobs","floor":31.0,"turns":2.0},{"damage":36.0,"enemies":"Collector","floor":33.0,"turns":8.0},{"damage":0.0,"enemies":"3 Shapes","floor":35.0,"turns":3.0},{"damage":0.0,"enemies":"3 Darklings","floor":36.0,"turns":2.0},{"damage":0.0,"enemies":"4 Shapes","floor":38.0,"turns":4.0},{"damage":20.0,"enemies":"Transient","floor":39.0,"turns":6.0},{"damage":3.0,"enemies":"Nemesis","floor":40.0,"turns":10.0},{"damage":0.0,"enemies":"Reptomancer","floor":42.0,"turns":3.0},{"damage":0.0,"enemies":"Giant Head","floor":44.0,"turns":4.0},{"damage":8.0,"enemies":"Donu and Deca","floor":50.0,"turns":8.0},{"damage":23,"enemies":"Time Eater","floor":51,"turns":12},{"damage":0,"enemies":"Shield and Spear","floor":55,"turns":6},{"damage":36,"enemies":"The Heart","floor":56,"turns":11}],"seed_played":"1311235433077025596","potions_obtained":[{"floor":3.0,"key":"SmokeBomb"},{"floor":8.0,"key":"BottledMiracle"},{"floor":10.0,"key":"EssenceOfSteel"},{"floor":16.0,"key":"SteroidPotion"},{"floor":21.0,"key":"GamblersBrew"},{"floor":25.0,"key":"EssenceOfSteel"},{"floor":33.0,"key":"PowerPotion"},{"floor":35.0,"key":"DuplicationPotion"}],"is_trial":false,"path_per_floor":["M","?","M","$","M","R","E","?","T","M","R","M","E","$","R","B",null,"M","?","M","M","?","E","R","E","T","E","M","E","R","?","R","B",null,"M","M","?","M","M","E","?","E","T","E","R","$","R","$","R","B","B",null,"R","$","E","B",null],"character_chosen":"WATCHER","items_purchased":["Membership Card","ReachHeaven","Halt","FearPotion","Shuriken","Vengeance","Master of Strategy","Sling","GamblersBrew","Wireheading","Wallop","Strength Potion","Happy Flower"],"campfire_rested":6,"item_purchase_floors":[4,4,14,14,46,46,46,48,48,54,54,54,54],"current_hp_per_floor":[61,50,49,49,45,45,12,5,5,15,35,45,37,37,37,18,56,56,56,52,52,52,38,58,58,58,56,56,38,38,38,58,34,60,60,60,51,51,43,40,40,40,40,40,60,60,60,60,68,60,37,60,68,68,68,44],"gold":51,"neow_bonus":"ONE_RANDOM_RARE_CARD","is_daily":false,"chose_seed":false,"campfire_upgraded":3,"win_rate":0.0,"timestamp":1612408247,"path_taken":["M","?","M","$","M","R","E","?","T","M","R","M","E","$","R","BOSS","M","?","?","M","?","E","R","E","T","E","M","E","R","?","R","BOSS","M","M","?","M","M","E","?","E","T","E","R","$","R","$","R","BOSS","BOSS","R","$","E","BOSS"],"items_purchased_type":["Relic","Card","Card","Potion","Relic","Card","Card","Relic","Potion","Card","Card","Potion","Relic"],"build_version":"2020-12-22","purchased_purges":4,"victory":true,"max_hp_per_floor":[68,68,68,68,68,68,68,68,68,68,68,68,68,68,68,68,68,68,68,68,68,68,68,68,68,68,68,68,68,68,68,68,68,68,68,68,68,68,68,68,68,68,68,68,68,68,68,68,68,68,68,68,68,68,68,68],"relic_stats":{"Gremlin Horn":[16,17],"Happy Flower":[5],"counters":[31,164],"Astrolabe":["Meditate","LessonLearned","Vengeance"],"Question Card":16,"Smiling Mask":38,"Mercury Hourglass":[234],"Nunchaku":[9],"Shuriken":[11],"obtain_stats":[{"Gremlin Horn":31,"Vajra":29,"Incense Burner":34,"TeardropLocket":7,"Smiling Mask":44,"Sling":48,"Nunchaku":43,"HornCleat":42,"InkBottle":13,"Happy Flower":54,"Astrolabe":17,"Oddly Smooth Stone":23,"Damaru":34,"Question Card":27,"Akabeko":8,"White Beast Statue":55,"Mercury Hourglass":34,"Calling Bell":34,"Anchor":40,"Shuriken":46,"MutagenicStrength":22,"Membership Card":4,"PureWater":0,"TungstenRod":25,"Meat on the Bone":9,"Pocketwatch":31},{"Gremlin Horn":19,"Vajra":17,"Incense Burner":20,"TeardropLocket":4,"Smiling Mask":27,"Sling":27,"Nunchaku":26,"HornCleat":26,"InkBottle":8,"Happy Flower":29,"Astrolabe":9,"Oddly Smooth Stone":13,"Damaru":20,"Question Card":15,"Akabeko":5,"White Beast Statue":30,"Mercury Hourglass":20,"Calling Bell":20,"Anchor":25,"Shuriken":27,"MutagenicStrength":12,"Membership Card":2,"PureWater":0,"TungstenRod":14,"Meat on the Bone":5,"Pocketwatch":19},{"Gremlin Horn":87,"Vajra":83,"Incense Burner":95,"TeardropLocket":21,"Smiling Mask":127,"Sling":127,"Nunchaku":123,"HornCleat":123,"InkBottle":44,"Happy Flower":147,"Astrolabe":54,"Oddly Smooth Stone":68,"Damaru":95,"Question Card":75,"Akabeko":28,"White Beast Statue":153,"Mercury Hourglass":95,"Calling Bell":95,"Anchor":120,"Shuriken":127,"MutagenicStrength":61,"Membership Card":9,"PureWater":0,"TungstenRod":71,"Meat on the Bone":28,"Pocketwatch":87}],"InkBottle":[58],"TungstenRod":27,"Meat on the Bone":96,"Pocketwatch":[32]},"card_choices":[{"not_picked":["EmptyFist","FollowUp"],"picked":"CutThroughFate","floor":1.0},{"not_picked":["ClearTheMind","Sanctity"],"picked":"ThirdEye","floor":3.0},{"not_picked":["Swivel","EmptyMind"],"picked":"Wallop","floor":5.0},{"not_picked":["ThirdEye","Prostrate"],"picked":"SashWhip","floor":7.0},{"not_picked":["JustLucky","Protect"],"picked":"Conclude","floor":8.0},{"not_picked":["BowlingBash","FearNoEvil"],"picked":"Omniscience","floor":10.0},{"not_picked":["EmptyFist","Worship"],"picked":"MentalFortress","floor":12.0},{"not_picked":["FollowUp","Study","BowlingBash"],"picked":"SKIP","floor":13.0},{"not_picked":["Alpha","DevaForm"],"picked":"DeusExMachina","floor":16.0},{"not_picked":["FlyingSleeves","Nirvana","ReachHeaven"],"picked":"SKIP","floor":18.0},{"not_picked":["CrushJoints","Fasting2"],"picked":"ClearTheMind","floor":20.0},{"not_picked":["CrushJoints","BowlingBash"],"picked":"Sanctity","floor":21.0},{"not_picked":["Evaluate+1","Prostrate"],"picked":"Tantrum","floor":23.0},{"not_picked":["Pray","Consecrate"],"picked":"Omniscience","floor":25.0},{"not_picked":["PathToVictory","SandsOfTime"],"picked":"InnerPeace+1","floor":27.0},{"not_picked":["Worship","WreathOfFlame","ThirdEye+1"],"picked":"FlurryOfBlows","floor":28.0},{"not_picked":["PathToVictory","Perseverance","FollowUp"],"picked":"Protect+1","floor":29.0},{"not_picked":["Omniscience","LessonLearned","Judgement"],"picked":"Vault","floor":33.0},{"not_picked":["FlurryOfBlows","Weave+1","ClearTheMind","Prostrate"],"picked":"SKIP","floor":35.0},{"not_picked":["JustLucky","CrushJoints","ClearTheMind","FollowUp"],"picked":"SKIP","floor":36.0},{"not_picked":["Trip","Panacea","Purity"],"picked":"Flash of Steel","floor":37.0},{"not_picked":["Swift Strike","Panache","Impatience"],"picked":"Master of Strategy","floor":37.0},{"not_picked":["CutThroughFate","Evaluate","Crescendo","PathToVictory"],"picked":"SKIP","floor":38.0},{"not_picked":["SashWhip+1","ThirdEye","FlurryOfBlows+1"],"picked":"WaveOfTheHand","floor":39.0},{"not_picked":["CarveReality","CrushJoints+1","ClearTheMind"],"picked":"Wish","floor":40.0},{"not_picked":["LessonLearned","Fasting2","Consecrate","ForeignInfluence"],"picked":"SKIP","floor":42.0},{"not_picked":["LessonLearned","Fasting2","Consecrate","ForeignInfluence"],"picked":"SKIP","floor":42.0},{"not_picked":["Study+1","WheelKick","Prostrate"],"picked":"MentalFortress+1","floor":44.0},{"not_picked":["Wireheading","Wish","Prostrate"],"picked":"LikeWater","floor":55}],"player_experience":3007872,"relics_obtained":[{"floor":7.0,"key":"TeardropLocket"},{"floor":8.0,"key":"Akabeko"},{"floor":9.0,"key":"Meat on the Bone"},{"floor":13.0,"key":"InkBottle"},{"floor":23.0,"key":"Oddly Smooth Stone"},{"floor":25.0,"key":"TungstenRod"},{"floor":27.0,"key":"Question Card"},{"floor":29.0,"key":"Vajra"},{"floor":31.0,"key":"Pocketwatch"},{"floor":31.0,"key":"Gremlin Horn"},{"floor":34.0,"key":"Damaru"},{"floor":34.0,"key":"Mercury Hourglass"},{"floor":34.0,"key":"Incense Burner"},{"floor":40.0,"key":"Anchor"},{"floor":42.0,"key":"HornCleat"},{"floor":43.0,"key":"Nunchaku"},{"floor":44.0,"key":"Smiling Mask"},{"floor":55,"key":"White Beast Statue"}],"event_choices":[{"damage_healed":0.0,"max_hp_gain":0.0,"max_hp_loss":0.0,"gold_gain":75.0,"event_name":"World of Goop","player_choice":"Gather Gold","floor":2.0,"gold_loss":0.0,"damage_taken":11.0},{"damage_healed":0.0,"max_hp_gain":0.0,"max_hp_loss":0.0,"gold_gain":0.0,"event_name":"Dead Adventurer","player_choice":"Searched \u00271\u0027 times","floor":8.0,"gold_loss":0.0,"damage_taken":0.0},{"damage_healed":0.0,"max_hp_gain":0.0,"max_hp_loss":0.0,"gold_gain":0.0,"event_name":"Upgrade Shrine","player_choice":"Upgraded","floor":19.0,"gold_loss":0.0,"damage_taken":0.0,"cards_upgraded":["DeusExMachina"]},{"damage_healed":0.0,"max_hp_gain":0.0,"max_hp_loss":0.0,"gold_gain":0.0,"event_name":"Drug Dealer","player_choice":"Inject Mutagens","floor":22.0,"gold_loss":0.0,"damage_taken":0.0,"relics_obtained":["MutagenicStrength"]},{"damage_healed":0.0,"max_hp_gain":0.0,"max_hp_loss":0.0,"gold_gain":0.0,"event_name":"Colosseum","player_choice":"Fight","floor":31.0,"gold_loss":0.0,"damage_taken":0.0},{"damage_healed":0.0,"max_hp_gain":0.0,"max_hp_loss":0.0,"gold_gain":0.0,"event_name":"Colosseum","player_choice":"Fought Nobs","floor":31.0,"gold_loss":0.0,"damage_taken":0.0},{"damage_healed":0.0,"max_hp_gain":0.0,"max_hp_loss":0.0,"gold_gain":0.0,"event_name":"SensoryStone","player_choice":"Memory 3","floor":37.0,"gold_loss":0.0,"damage_taken":10.0},{"cards_removed":["Strike_P"],"damage_healed":0.0,"max_hp_gain":0.0,"max_hp_loss":0.0,"gold_gain":0.0,"event_name":"Falling","player_choice":"Removed Attack","floor":41.0,"gold_loss":0.0,"damage_taken":0.0}],"is_beta":false,"boss_relics":[{"not_picked":["Snecko Eye","SlaversCollar"],"picked":"Astrolabe"},{"not_picked":["Runic Dome","Empty Cage"],"picked":"Calling Bell"}],"items_purged_floors":[14,46,48,54],"is_endless":false,"potions_floor_spawned":[3,8,10,16,21,25,28,31,33,35,40,55],"ascension_level":20}}