{"host":"sav7uxregyirlf69","time":1612399497,"event":{"mods":["AchievementEnabler","BaseMod","Colored Map","DeckTracker","Keyboard Shortcuts","Minty Spire (QoL Compilation)","READ ME - Guardian Mod","StSLib","SuperFastMode"],"gold_per_floor":[119,135,154,204,222,222,108,125,125,125,151,165,183,194,194,268,268,284,284,303,145,158,158,158,178,178,178,378,396,396,396],"floor_reached":30,"language":"KOR","playtime":486,"items_purged":["Strike_R","Strike_R"],"score":562,"play_id":"d31f109f-0478-4248-a9a3-93cdac5678cb","local_time":"20210204094457","is_ascension_mode":true,"campfire_choices":[{"data":"Feed","floor":6,"key":"SMITH"},{"floor":10,"key":"REST"},{"data":"Armaments","floor":15,"key":"SMITH"},{"floor":24,"key":"REST"},{"data":"Fire Breathing","floor":27,"key":"SMITH"}],"circlet_count":0,"master_deck":["AscendersBane","Strike_R","Strike_R","Strike_R","Defend_R","Defend_R","Defend_R","Defend_R","Bash","Feed+1","Evolve","Fire Breathing+1","Wild Strike","Carnage","Armaments+1","Offering","Wild Strike+1","Shrug It Off","Injury","Pommel Strike+1"],"relics":["Burning Blood","Du-Vu Doll","Cursed Key","Singing Bowl"],"acts_visited":["Exordium","TheCity"],"potions_floor_usage":[12,16,16,23],"damage_taken":[{"damage":23.0,"enemies":"Jaw Worm","floor":1.0,"turns":6.0},{"damage":23.0,"enemies":"Cultist","floor":2.0,"turns":5.0},{"damage":4.0,"enemies":"2 Louse","floor":3.0,"turns":3.0},{"damage":16,"enemies":"2 Fungi Beasts","floor":5,"turns":4},{"damage":16,"enemies":"Lots of Slimes","floor":8,"turns":4},{"damage":35,"enemies":"3 Sentries","floor":11,"turns":5},{"damage":17,"enemies":"Gremlin Gang","floor":12,"turns":4},{"damage":0,"enemies":"2 Fungi Beasts","floor":13,"turns":2},{"damage":2,"enemies":"3 Louse","floor":14,"turns":2},{"damage":33,"enemies":"Hexaghost","floor":16,"turns":9},{"damage":39,"enemies":"Chosen","floor":18,"turns":4},{"damage":24,"enemies":"2 Thieves","floor":20,"turns":4},{"damage":18,"enemies":"3 Cultists","floor":22,"turns":5},{"damage":6,"enemies":"Slavers","floor":23,"turns":1},{"damage":11,"enemies":"Snecko","floor":25,"turns":3},{"damage":52,"enemies":"Shelled Parasite and Fungi","floor":29,"turns":5},{"damage":24,"enemies":"Centurion and Healer","floor":30,"turns":3}],"seed_played":"7755426358155270472","potions_obtained":[{"floor":1.0,"key":"FearPotion"},{"floor":11,"key":"Dexterity Potion"},{"floor":14,"key":"AttackPotion"},{"floor":20,"key":"SmokeBomb"},{"floor":25,"key":"Strength Potion"}],"is_trial":false,"path_per_floor":["M","M","M","?","M","R","$","M","T","R","E","M","M","M","R","B",null,"M","?","M","$","M","E","R","M","T","R","?","M","M"],"character_chosen":"IRONCLAD","items_purchased":["Carnage","Shrug It Off"],"campfire_rested":2,"item_purchase_floors":[7,21],"current_hp_per_floor":[54,40,45,38,31,31,31,25,25,50,25,18,28,36,36,13,81,48,48,30,30,22,22,54,49,49,49,49,7,0,0],"gold":396,"neow_bonus":"THREE_RARE_CARDS","is_daily":false,"chose_seed":false,"campfire_upgraded":3,"win_rate":0.0,"timestamp":1612399497,"path_taken":["M","M","M","?","M","R","?","M","T","R","E","M","?","M","R","BOSS","M","?","M","$","M","E","R","M","T","R","?","M","M"],"items_purchased_type":["Card","Card"],"build_version":"2020-12-22","purchased_purges":2,"victory":false,"max_hp_per_floor":[71,74,77,77,80,80,80,84,84,84,88,92,96,100,100,104,104,104,104,104,104,108,108,108,108,108,108,108,112,116,116],"card_choices":[{"not_picked":["Double Tap","Fiend Fire"],"picked":"Feed","floor":0.0},{"not_picked":["Whirlwind","Thunderclap"],"picked":"Evolve","floor":1.0},{"not_picked":["True Grit","Carnage"],"picked":"Fire Breathing","floor":2.0},{"not_picked":["Flex","Clash","Iron Wave"],"picked":"SKIP","floor":3.0},{"not_picked":["Hemokinesis","Dual Wield"],"picked":"Wild Strike","floor":5},{"not_picked":["True Grit","Twin Strike","Uppercut"],"picked":"SKIP","floor":8},{"not_picked":["Intimidate","Body Slam","Anger"],"picked":"SKIP","floor":11},{"not_picked":["Dark Embrace","Entrench","Infernal Blade"],"picked":"SKIP","floor":12},{"not_picked":["Iron Wave","Bloodletting","Whirlwind"],"picked":"SKIP","floor":13},{"not_picked":["Twin Strike","Iron Wave"],"picked":"Armaments","floor":14},{"not_picked":["Feed","Exhume"],"picked":"Offering","floor":16},{"not_picked":["Pommel Strike","Flex"],"picked":"Wild Strike+1","floor":18},{"not_picked":["Headbutt","Sever Soul","Metallicize"],"picked":"SKIP","floor":20},{"not_picked":["Clothesline","Sword Boomerang","Warcry"],"picked":"SKIP","floor":22},{"not_picked":["Clash","Clothesline","Bloodletting"],"picked":"SKIP","floor":25},{"not_picked":["Sentinel","Headbutt"],"picked":"Pommel Strike+1","floor":29}],"player_experience":1475322,"relics_obtained":[{"floor":11,"key":"Du-Vu Doll"},{"floor":26,"key":"Singing Bowl"}],"event_choices":[{"damage_healed":0,"gold_gain":50,"player_choice":"Touch","damage_taken":7,"max_hp_gain":0,"max_hp_loss":0,"event_name":"FaceTrader","floor":4,"gold_loss":0},{"damage_healed":0,"gold_gain":0,"player_choice":"Ignored","damage_taken":0,"max_hp_gain":0,"max_hp_loss":0,"event_name":"Vampires","floor":19,"gold_loss":0},{"damage_healed":0,"gold_gain":200,"player_choice":"Gold","damage_taken":0,"max_hp_gain":0,"max_hp_loss":0,"event_name":"Wheel of Change","floor":28,"gold_loss":0}],"is_beta":false,"boss_relics":[{"not_picked":["Empty Cage","SacredBark"],"picked":"Cursed Key"}],"items_purged_floors":[7,21],"is_endless":false,"potions_floor_spawned":[1,11,14,20,25],"killed_by":"Centurion and Healer","ascension_level":20}}