{"host":"w4b7hmige5bnqipq","time":1612466938,"event":{"mods":["2.2 Compatiblity","BaseMod","Colored Map","DeckTracker","Keyboard Shortcuts","Minty Spire (QoL Compilation)","Permanent Neow","Rare Cards Sparkle","SuperFastMode","everything is the same but u backflip on backflip","slay the spire mod where everything is the same but ironclad has a cowboy hat"],"gold_per_floor":[113,132,144,158,158,191,4,36,63,74,74,99,116,134,134,233,233,244,259,142,217,227,256,256,256,256],"floor_reached":25,"language":"KOR","playtime":796,"items_purged":["Strike_B"],"score":392,"play_id":"f6e79567-8fe9-4d18-9ebf-bc4746be9643","local_time":"20210205042858","is_ascension_mode":true,"campfire_choices":[{"data":"Go for the Eyes","floor":15.0,"key":"SMITH"},{"floor":24,"key":"REST"}],"circlet_count":0,"master_deck":["AscendersBane","Strike_B","Strike_B","Strike_B","Defend_B","Defend_B","Defend_B","Defend_B","Zap","Dualcast","Dramatic Entrance","Rebound","Capacitor","Ball Lightning","Go for the Eyes+1","Electrodynamics","Lockon","Auto Shields","Glacier+1","Reboot","Coolheaded","Skim","Creative AI","Compile Driver","Force Field","Defragment","Double Energy"],"relics":["Cracked Core","Anchor","Blood Vial","Art of War","Omamori","Smiling Mask","Cursed Key","Nunchaku"],"acts_visited":["Exordium","TheCity"],"potions_floor_usage":[23,25],"damage_taken":[{"damage":3.0,"enemies":"2 Louse","floor":1.0,"turns":2.0},{"damage":0.0,"enemies":"Cultist","floor":2.0,"turns":4.0},{"damage":10.0,"enemies":"Small Slimes","floor":3.0,"turns":2.0},{"damage":8.0,"enemies":"Blue Slaver","floor":4.0,"turns":3.0},{"damage":25.0,"enemies":"Lagavulin","floor":6.0,"turns":5.0},{"damage":12.0,"enemies":"Gremlin Nob","floor":8.0,"turns":3.0},{"damage":0.0,"enemies":"Lots of Slimes","floor":10.0,"turns":2.0},{"damage":7.0,"enemies":"3 Sentries","floor":12.0,"turns":5.0},{"damage":0.0,"enemies":"3 Louse","floor":13.0,"turns":3.0},{"damage":4.0,"enemies":"Large Slime","floor":14.0,"turns":5.0},{"damage":10.0,"enemies":"The Guardian","floor":16.0,"turns":12.0},{"damage":4.0,"enemies":"Shell Parasite","floor":18.0,"turns":7.0},{"damage":6.0,"enemies":"Spheric Guardian","floor":19.0,"turns":3.0},{"damage":12,"enemies":"3 Cultists","floor":22,"turns":6},{"damage":45,"enemies":"Slavers","floor":23,"turns":4},{"damage":37,"enemies":"Shelled Parasite and Fungi","floor":25,"turns":6}],"seed_played":"-757370129549981481","potions_obtained":[{"floor":4.0,"key":"PotionOfCapacity"},{"floor":6.0,"key":"Dexterity Potion"},{"floor":8.0,"key":"Strength Potion"},{"floor":13.0,"key":"DistilledChaos"},{"floor":18.0,"key":"Regen Potion"},{"floor":23,"key":"BlessingOfTheForge"}],"is_trial":false,"path_per_floor":["M","M","M","M","?","E","$","E","T","M","?","E","M","M","R","B",null,"M","M","$","?","M","E","R","M"],"character_chosen":"DEFECT","items_purchased":["Blood Vial","Lockon","Defragment"],"campfire_rested":1,"item_purchase_floors":[7,7,20],"current_hp_per_floor":[65,65,55,47,75,50,50,40,40,42,42,37,39,37,37,29,64,62,58,58,51,41,10,32,0,0],"gold":256,"neow_bonus":"RANDOM_COLORLESS","is_daily":false,"chose_seed":false,"campfire_upgraded":1,"win_rate":0.0,"timestamp":1612466938,"path_taken":["M","M","M","M","?","E","?","E","T","?","?","E","M","M","R","BOSS","M","M","$","?","?","E","R","M"],"items_purchased_type":["Relic","Card","Card"],"build_version":"2020-12-22","purchased_purges":1,"victory":false,"max_hp_per_floor":[75,75,75,75,75,75,75,75,75,75,75,75,75,75,75,75,75,75,75,75,75,75,75,75,75,75],"card_choices":[{"not_picked":["Purity","Mind Blast"],"picked":"Dramatic Entrance","floor":0.0},{"not_picked":["Scrape","Aggregate"],"picked":"Rebound","floor":1.0},{"not_picked":["Hologram","Rebound"],"picked":"Capacitor","floor":2.0},{"not_picked":["Stack","Sweeping Beam"],"picked":"Ball Lightning","floor":3.0},{"not_picked":["Sweeping Beam","Barrage"],"picked":"Go for the Eyes","floor":4.0},{"not_picked":["Hyperbeam","Skim"],"picked":"Electrodynamics","floor":6.0},{"not_picked":["Leap","Cold Snap"],"picked":"Auto Shields","floor":8.0},{"not_picked":["Coolheaded","Reprogram"],"picked":"Glacier","floor":10.0},{"not_picked":["Rebound","Melter"],"picked":"Reboot","floor":12.0},{"not_picked":["Undo","Beam Cell"],"picked":"Coolheaded","floor":13.0},{"not_picked":["Fusion","Leap"],"picked":"Skim","floor":14.0},{"not_picked":["Reboot","Amplify"],"picked":"Creative AI","floor":16.0},{"not_picked":["Skim+1","Static Discharge"],"picked":"Compile Driver","floor":18.0},{"not_picked":["Barrage","Rebound"],"picked":"Force Field","floor":19.0},{"not_picked":["Compile Driver+1","Steam","Darkness"],"picked":"SKIP","floor":22},{"not_picked":["BootSequence","Machine Learning"],"picked":"Double Energy","floor":23}],"player_experience":700270,"relics_obtained":[{"floor":6.0,"key":"Anchor"},{"floor":8.0,"key":"Art of War"},{"floor":9.0,"key":"Omamori"},{"floor":12.0,"key":"Smiling Mask"},{"floor":23,"key":"Nunchaku"}],"event_choices":[{"damage_healed":28.0,"max_hp_gain":0.0,"max_hp_loss":0.0,"gold_gain":0.0,"event_name":"Wheel of Change","player_choice":"Full Heal","floor":5.0,"gold_loss":0.0,"damage_taken":0.0},{"damage_healed":0.0,"max_hp_gain":0.0,"max_hp_loss":0.0,"gold_gain":0.0,"event_name":"Living Wall","player_choice":"Grow","floor":11.0,"gold_loss":0.0,"damage_taken":0.0,"cards_upgraded":["Glacier"]},{"damage_healed":0,"gold_gain":75,"player_choice":"Touch","damage_taken":7,"max_hp_gain":0,"max_hp_loss":0,"event_name":"FaceTrader","floor":21,"gold_loss":0}],"is_beta":false,"boss_relics":[{"not_picked":["Philosopher\u0027s Stone","Ectoplasm"],"picked":"Cursed Key"}],"items_purged_floors":[20],"is_endless":false,"potions_floor_spawned":[4,6,8,13,18,23],"killed_by":"Shelled Parasite and Fungi","ascension_level":12}}