{"host":"rmt60uil2jppa14k","time":1612474395,"event":{"mods":["AchievementEnabler","BaseMod","Minty Spire (QoL Compilation)","Quick Restart","StSLib"],"gold_per_floor":[112,130,44,44,62,78,78,78,78,78,78,78,78,33,33,134,184,198,198,75,87,106,106,106,116,141,141,154,154,44,57,57,57,57],"floor_reached":33,"language":"ENG","playtime":869,"items_purged":["Decay"],"score":235,"play_id":"f5a7c41b-6000-4f11-9bdf-7725be1beb19","local_time":"20210204213315","is_ascension_mode":false,"campfire_choices":[{"floor":8,"key":"REST"},{"data":"Creative AI","floor":11,"key":"SMITH"},{"floor":13,"key":"REST"},{"data":"Genetic Algorithm","floor":15,"key":"SMITH"},{"floor":23,"key":"REST"},{"floor":29,"key":"REST"},{"floor":32,"key":"REST"}],"circlet_count":0,"master_deck":["Strike_B+1","Strike_B","Strike_B","Strike_B","Defend_B","Defend_B","Defend_B","Defend_B","Zap+1","Dualcast","Ball Lightning","Lockon","Genetic Algorithm+1","Redo","Creative AI+1","Conserve Battery","Turbo+1","Machine Learning","Ball Lightning","Sunder","Stack+1","BootSequence+1","Auto Shields+1","Self Repair","Aggregate+1","Defragment","Sunder","Double Energy+1"],"relics":["Cracked Core","Toxic Egg 2","Letter Opener","Tiny House","MutagenicStrength","Oddly Smooth Stone"],"acts_visited":["Exordium","TheCity"],"potions_floor_usage":[16,21,22,28,28,33,33,33,33],"damage_taken":[{"damage":1,"enemies":"Cultist","floor":1,"turns":3},{"damage":10,"enemies":"Small Slimes","floor":2,"turns":3},{"damage":1,"enemies":"Jaw Worm","floor":5,"turns":3},{"damage":17,"enemies":"Looter","floor":6,"turns":3},{"damage":22,"enemies":"Slime Boss","floor":16,"turns":7},{"damage":14,"enemies":"Spheric Guardian","floor":18,"turns":4},{"damage":3,"enemies":"Shell Parasite","floor":21,"turns":5},{"damage":12,"enemies":"Centurion and Healer","floor":22,"turns":9},{"damage":34,"enemies":"Snake Plant","floor":25,"turns":5},{"damage":12,"enemies":"3 Cultists","floor":28,"turns":5},{"damage":3,"enemies":"Snecko","floor":31,"turns":4},{"damage":84,"enemies":"Automaton","floor":33,"turns":10}],"seed_played":"-1004306898184910291","potions_obtained":[{"floor":5,"key":"SneckoOil"},{"floor":16,"key":"Strength Potion"},{"floor":17,"key":"Block Potion"},{"floor":18,"key":"DuplicationPotion"},{"floor":25,"key":"Fire Potion"},{"floor":31,"key":"EntropicBrew"}],"is_trial":false,"path_per_floor":["M","M","$","$","M","M","?","R","T","T","R","?","R","$","R","B",null,"M","?","$","M","M","R","?","M","T","?","M","R","$","M","R","B"],"character_chosen":"DEFECT","items_purchased":["Genetic Algorithm","Redo","Turbo+1","Stack+1","Defragment","Sunder"],"campfire_rested":5,"item_purchase_floors":[3,3,14,20,30,30],"current_hp_per_floor":[74,64,64,64,63,46,46,68,68,68,68,68,75,75,75,53,80,66,66,66,63,51,75,75,41,41,41,36,60,60,64,80,0,0],"gold":57,"neow_bonus":"UPGRADE_CARD","is_daily":false,"chose_seed":false,"campfire_upgraded":2,"win_rate":0.0,"timestamp":1612474395,"path_taken":["M","M","?","$","M","M","?","R","T","?","R","?","R","?","R","BOSS","M","?","$","M","M","R","?","M","T","?","M","R","$","M","R","BOSS"],"items_purchased_type":["Card","Card","Card","Card","Card","Card"],"build_version":"2020-12-22","purchased_purges":1,"victory":false,"max_hp_per_floor":[75,75,75,75,75,75,75,75,75,75,75,75,75,75,75,75,80,80,80,80,80,80,80,80,80,80,80,80,80,80,80,80,80,80],"card_choices":[{"not_picked":["Rebound","Melter"],"picked":"Ball Lightning","floor":1},{"not_picked":["Skim","Gash"],"picked":"Lockon","floor":2},{"not_picked":["Rebound","Steam"],"picked":"Creative AI","floor":5},{"not_picked":["Cold Snap","Steam"],"picked":"Conserve Battery","floor":6},{"not_picked":["Meteor Strike","Creative AI"],"picked":"Machine Learning","floor":16},{"not_picked":["Coolheaded+1","Conserve Battery+1"],"picked":"Ball Lightning","floor":17},{"not_picked":["Steam+1","Cold Snap+1"],"picked":"Sunder","floor":18},{"not_picked":["Leap+1","Redo+1"],"picked":"BootSequence+1","floor":21},{"not_picked":["Rebound+1","Cold Snap"],"picked":"Auto Shields+1","floor":22},{"not_picked":["Stack+1","Blizzard"],"picked":"Self Repair","floor":25},{"not_picked":["Rebound","Capacitor"],"picked":"Aggregate+1","floor":28},{"not_picked":["Conserve Battery+1","Beam Cell+1"],"picked":"Double Energy+1","floor":31}],"player_experience":133805,"relics_obtained":[{"floor":9,"key":"Toxic Egg 2"},{"floor":10,"key":"Letter Opener"},{"floor":26,"key":"Oddly Smooth Stone"}],"event_choices":[{"damage_healed":0,"gold_gain":0,"player_choice":"Ignored","damage_taken":0,"max_hp_gain":0,"max_hp_loss":0,"event_name":"Liars Game","floor":7,"gold_loss":0},{"damage_healed":0,"gold_gain":0,"player_choice":"Leave","damage_taken":0,"max_hp_gain":0,"max_hp_loss":0,"event_name":"The Cleric","floor":12,"gold_loss":0},{"damage_healed":0,"gold_gain":0,"player_choice":"Smashed Altar","damage_taken":0,"max_hp_gain":0,"max_hp_loss":0,"event_name":"Forgotten Altar","floor":19,"gold_loss":0,"cards_obtained":["Decay"]},{"damage_healed":0,"gold_gain":0,"player_choice":"Inject Mutagens","damage_taken":0,"relics_obtained":["MutagenicStrength"],"max_hp_gain":0,"max_hp_loss":0,"event_name":"Drug Dealer","floor":24,"gold_loss":0},{"damage_healed":0,"gold_gain":0,"player_choice":"Ignored","damage_taken":0,"max_hp_gain":0,"max_hp_loss":0,"event_name":"Beggar","floor":27,"gold_loss":0}],"is_beta":false,"boss_relics":[{"not_picked":["Pandora\u0027s Box","Snecko Eye"],"picked":"Tiny House"}],"items_purged_floors":[20],"is_endless":false,"potions_floor_spawned":[5,16,18,25,31],"killed_by":"Automaton","ascension_level":0}}