{"host":"rtw1tnr74gozsrw1","time":1612400961,"event":{"mods":["BaseMod","Colored Map","Colored Powertips","Highlight Path","Minty Spire (QoL Compilation)","StSLib","The Jungle"],"gold_per_floor":[116,116,116,66,86,86,97,97,176,186,198,215,246,262,262,367,367,385,385,399,324,334,334,334,334],"floor_reached":24,"language":"ENG","playtime":774,"items_purged":[],"score":230,"play_id":"3d4719c7-7046-4673-8394-b5e98f7b6cd1","local_time":"20210204020921","is_ascension_mode":true,"campfire_choices":[{"data":"Zap","floor":6,"key":"SMITH"},{"data":"Dualcast","floor":8,"key":"SMITH"},{"data":"Loop","floor":15,"key":"SMITH"},{"floor":23,"key":"REST"}],"circlet_count":0,"master_deck":["Strike_B","Strike_B","Defend_B","Defend_B","Defend_B","Zap+1","Dualcast+1","Scrape","Loop+1","Go for the Eyes","Loop","Scrape","Steam","Echo Form","Gash","Auto Shields","Creative AI","Beam Cell","Steam","Reinforced Body+1","Go for the Eyes"],"relics":["Cracked Core","NeowsBlessing","Mummified Hand","Prayer Wheel","Sozu"],"acts_visited":["Exordium","TheCity"],"potions_floor_usage":[13,16],"damage_taken":[{"damage":0,"enemies":"Jaw Worm","floor":1,"turns":1},{"damage":0,"enemies":"Small Slimes","floor":5,"turns":1},{"damage":0,"enemies":"2 Louse","floor":7,"turns":1},{"damage":8,"enemies":"Blue Slaver","floor":10,"turns":3},{"damage":3,"enemies":"Large Slime","floor":11,"turns":4},{"damage":1,"enemies":"Exordium Thugs","floor":12,"turns":4},{"damage":7,"enemies":"3 Sentries","floor":13,"turns":5},{"damage":0,"enemies":"Blue Slaver","floor":14,"turns":2},{"damage":5,"enemies":"Slime Boss","floor":16,"turns":5},{"damage":15,"enemies":"Shell Parasite","floor":18,"turns":6},{"damage":4,"enemies":"3 Byrds","floor":20,"turns":5},{"damage":21,"enemies":"Snecko","floor":22,"turns":6},{"damage":36,"enemies":"Slavers","floor":24,"turns":3}],"seed_played":"-3568348109664205856","potions_obtained":[{"floor":1,"key":"FocusPotion"},{"floor":10,"key":"FocusPotion"},{"floor":13,"key":"ColorlessPotion"},{"floor":14,"key":"EssenceOfDarkness"},{"floor":16,"key":"Weak Potion"}],"is_trial":false,"path_per_floor":["M","?","?","?","M","R","M","R","T","M","M","M","E","M","R","B",null,"M","?","M","?","M","R","E"],"character_chosen":"DEFECT","items_purchased":[],"campfire_rested":1,"item_purchase_floors":[],"current_hp_per_floor":[75,75,75,75,75,75,75,75,75,67,64,63,56,56,56,51,75,60,60,56,56,35,57,21,21],"gold":334,"neow_bonus":"THREE_ENEMY_KILL","is_daily":false,"chose_seed":false,"campfire_upgraded":3,"win_rate":0.0,"timestamp":1612400961,"path_taken":["M","?","?","?","M","R","M","R","T","M","?","M","E","M","R","BOSS","M","?","M","?","M","R","E"],"items_purchased_type":[],"build_version":"2020-12-22","purchased_purges":0,"victory":false,"max_hp_per_floor":[75,75,75,75,75,75,75,75,75,75,75,75,75,75,75,75,75,75,75,75,75,75,75,75,75],"card_choices":[{"not_picked":["Compile Driver","Consume"],"picked":"Scrape","floor":1},{"not_picked":["Aggregate","Blizzard"],"picked":"Loop","floor":5},{"not_picked":["Rebound","Darkness"],"picked":"Go for the Eyes","floor":7},{"not_picked":["Reprogram","Barrage"],"picked":"Loop","floor":10},{"not_picked":["Lockon","Conserve Battery"],"picked":"Scrape","floor":11},{"not_picked":["Reprogram","Coolheaded"],"picked":"Steam","floor":12},{"not_picked":["Doom and Gloom","Barrage"],"picked":"Echo Form","floor":13},{"not_picked":["Conserve Battery","Streamline"],"picked":"Gash","floor":14},{"not_picked":["Self Repair","Fusion"],"picked":"Auto Shields","floor":14},{"not_picked":["Rainbow","Seek"],"picked":"Creative AI","floor":16},{"not_picked":["Hello World","Chaos","Heatsinks"],"picked":"SKIP","floor":18},{"not_picked":["Chaos","Coolheaded","Sweeping Beam+1"],"picked":"SKIP","floor":18},{"not_picked":["Sweeping Beam","Genetic Algorithm"],"picked":"Steam","floor":20},{"not_picked":["Ball Lightning","Darkness"],"picked":"Reinforced Body+1","floor":20},{"not_picked":["Leap","Turbo+1"],"picked":"Go for the Eyes","floor":22},{"not_picked":["Lockon","Fusion","Static Discharge+1"],"picked":"SKIP","floor":22}],"player_experience":97489,"relics_obtained":[{"floor":9,"key":"Mummified Hand"},{"floor":13,"key":"Prayer Wheel"}],"event_choices":[{"cards_removed":["Strike_B"],"damage_healed":0,"gold_gain":0,"player_choice":"Forget","damage_taken":0,"max_hp_gain":0,"max_hp_loss":0,"event_name":"Living Wall","floor":2,"gold_loss":0},{"damage_healed":0,"gold_gain":0,"player_choice":"Ignored","damage_taken":0,"max_hp_gain":0,"max_hp_loss":0,"event_name":"Liars Game","floor":3,"gold_loss":0},{"cards_removed":["Strike_B"],"damage_healed":0,"gold_gain":0,"player_choice":"Card Removal","damage_taken":0,"max_hp_gain":0,"max_hp_loss":0,"event_name":"The Cleric","floor":4,"gold_loss":50},{"damage_healed":0,"gold_gain":0,"player_choice":"Read","damage_taken":0,"max_hp_gain":0,"max_hp_loss":0,"event_name":"The Library","floor":19,"gold_loss":0,"cards_obtained":["Beam Cell"]},{"cards_removed":["Defend_B"],"damage_healed":0,"gold_gain":0,"player_choice":"Gave Gold","damage_taken":0,"max_hp_gain":0,"max_hp_loss":0,"event_name":"Beggar","floor":21,"gold_loss":75}],"is_beta":false,"boss_relics":[{"not_picked":["SacredBark","Calling Bell"],"picked":"Sozu"}],"items_purged_floors":[],"is_endless":false,"potions_floor_spawned":[1,10,13,14,16,18],"killed_by":"Slavers","ascension_level":3}}