{"host":"4ih4fq53sefgqhvb","time":1612422942,"event":{"mods":["AchievementEnabler","Aspiration","Bard","BaseMod","BetterRewards","Colored Map","Colored Powertips","Conspire","Downfall","Googly Eyes","Hermit","Highlight Path","Hubris","Infinite Spire","Jedi Mod","Jorbs\u0027s Wanderer Trilogy","Marisa????????","Mimic Mod","Minty Spire (QoL Compilation)","Quick Restart","Relic Stats","Replay The Spire","Shop Mod","StSLib","The Animator","The Cursed","The Disciple","The Jungle","The Runesmith","The Servant 0.9.4"],"gold_per_floor":[99,116,135,149,149,181,181,192,92,107,145,45,45,3,19,122,122,222,235,247,259,274,287,287,287,287,287,40,40,140,153,166,269,269,269,287,12,12,54,73,73,73,73,86,86,102,136,153,163,163,163,163],"floor_reached":50,"language":"ENG","playtime":3809,"items_purged":[],"score":578,"play_id":"7cb80be4-ed64-4fb6-bc1e-75315a31c03c","local_time":"20210203231542","is_ascension_mode":false,"campfire_choices":[{"floor":1,"key":"RECALL"},{"floor":9,"key":"REST"},{"floor":12,"key":"REST"},{"floor":25,"key":"REST"},{"data":"ReplayTheSpireMod:Black Plague","floor":29,"key":"SMITH"},{"data":"champ:EnchantCrown","floor":35,"key":"SMITH"},{"data":"champ:UltimateStance","floor":42,"key":"SMITH"},{"data":"champ:StrikeOfGenius","floor":45,"key":"SMITH"}],"circlet_count":0,"master_deck":["champ:Strike","champ:Strike","champ:Strike","champ:Strike","champ:Defend","champ:Defend","champ:Defend","champ:Defend","champ:Execute","champ:Taunt","champ:FocusedDefense","champ:TornadoPunch","ReplayTheSpireMod:Black Plague+1","champ:Parry","champ:Duel","champ:PreciseThrust","champ:TornadoPunch","champ:BringItOn","champ:DefensiveShout","champ:DefensiveShout","champ:Haymaker","champ:EnchantCrown+1","champ:DefensiveShout","champ:Circumvent","champ:RageSigil","champ:FlashCut","champ:FlashCut+1","champ:EnGarde","champ:SetATrap","champ:ArenaPreparation+1","champ:CrownThrow","champ:StrikeOfGenius+1","champ:PreciseThrust+1","champ:ShieldWall+1","champ:Lariat","champ:ShieldWall","champ:UltimateStance+1","champ:CrownThrow","champ:SwordSigil+1","champ:LastStand","champ:DefensiveStyle+1","champ:ShieldThrow","champ:ShieldWall","champ:PreemptiveStrike"],"relics":["champ:ChampionCrown","Anchor","Kunai","downfall:HeartBlessingBlue","infinitespire:BottledMercury","downfall:HeartBlessingGreen","infinitespire:Cupcake","downfall:HeartBlessingRed","Gremlin Horn","hubris:Icosahedron","Blood Vial","hubris:GrandSneckoEye","Sling","infinitespire:WardingShard","Akabeko","Ice Cream"],"acts_visited":["Exordium","TheCity","TheBeyond"],"potions_floor_usage":[6,8,16,21,22,37,44,47,50,50],"damage_taken":[{"damage":18,"enemies":"Cultist","floor":2,"turns":6},{"damage":10,"enemies":"Small Slimes","floor":3,"turns":3},{"damage":20,"enemies":"Jaw Worm","floor":4,"turns":4},{"damage":42,"enemies":"Gremlin Nob","floor":6,"turns":4},{"damage":0,"enemies":"Red Slaver","floor":8,"turns":4},{"damage":20,"enemies":"Blue Slaver","floor":10,"turns":4},{"damage":0,"enemies":"downfall:FleeingMerchant","floor":14,"turns":4},{"damage":0,"enemies":"Large Slime","floor":15,"turns":5},{"damage":5,"enemies":"IC_STATUS_ARCHETYPE","floor":16,"turns":8},{"damage":10,"enemies":"conspire:FuzzyDice","floor":19,"turns":6},{"damage":35,"enemies":"Cultist and Chosen","floor":20,"turns":5},{"damage":12,"enemies":"Sentry and Sphere","floor":21,"turns":4},{"damage":7,"enemies":"Snecko","floor":22,"turns":4},{"damage":23,"enemies":"Centurion and Healer","floor":23,"turns":6},{"damage":0,"enemies":"downfall:FleeingMerchant","floor":28,"turns":4},{"damage":5,"enemies":"Chosen and Byrds","floor":31,"turns":6},{"damage":0,"enemies":"Snecko","floor":32,"turns":3},{"damage":18,"enemies":"DF_ARCHETYPE_CLAW","floor":33,"turns":8},{"damage":0,"enemies":"3 Shapes","floor":36,"turns":2},{"damage":15,"enemies":"downfall:FleeingMerchant","floor":37,"turns":4},{"damage":45,"enemies":"downfall:FleeingMerchant","floor":39,"turns":2},{"damage":60,"enemies":"3 Darklings","floor":40,"turns":4},{"damage":0,"enemies":"Jaw Worm Horde","floor":44,"turns":3},{"damage":30,"enemies":"Writhing Mass","floor":46,"turns":3},{"damage":75,"enemies":"Nemesis","floor":47,"turns":4},{"damage":0,"enemies":"Sphere and 2 Shapes","floor":48,"turns":3},{"damage":10,"enemies":"3 Darklings","floor":49,"turns":4},{"damage":62,"enemies":"WA_ARCHETYPE_DIVINITY","floor":50,"turns":7}],"seed_played":"979411065735283542","potions_obtained":[{"floor":4,"key":"DistilledChaos"},{"floor":6,"key":"SpeedPotion"},{"floor":10,"key":"EssenceOfSteel"},{"floor":16,"key":"hexamod:SoulburnPotion"},{"floor":20,"key":"SkillPotion"},{"floor":26,"key":"CultistPotion"},{"floor":32,"key":"Block Potion"},{"floor":36,"key":"sneckomod:MuddlingPotion"},{"floor":40,"key":"EssenceOfSteel"},{"floor":44,"key":"hexamod:SoulburnPotion"}],"is_trial":false,"path_per_floor":["R_BF","M","M","M","?","E","T","M","R","M","?","R","?","$","M","B",null,"R_BF","M","M","M","M","M","T","R","?","?","$","R","?","M","M","B",null,"R","M","$","?","$","M","T","R","?","M","R","M","E","M","M","B"],"character_chosen":"THE_CHAMP","items_purchased":["champ:DefensiveShout","champ:SetATrap","Blood Vial","champ:Lariat","champ:ShieldWall","Sling","champ:CrownThrow","infinitespire:WardingShard"],"campfire_rested":3,"item_purchase_floors":[14,28,28,37,37,37,39,39],"current_hp_per_floor":[90,82,82,82,60,35,35,35,75,72,47,77,100,100,100,100,100,100,100,85,73,71,58,58,88,88,88,88,88,88,85,87,81,100,100,100,100,100,100,90,90,90,90,92,92,94,51,53,55,0,0,0],"gold":163,"neow_bonus":"RANDOM_COMMON_RELIC","is_daily":false,"chose_seed":false,"campfire_upgraded":4,"win_rate":0.0,"timestamp":1612422942,"path_taken":["R_BF","M","M","?","?","E","T","M","R","M","?","R","?","$","M","BOSS","R_BF","M","M","M","M","M","T","R","?","?","?","R","?","?","M","BOSS","R","M","$","?","$","?","T","R","?","?","R","M","E","M","M","BOSS"],"items_purchased_type":["Card","Card","Relic","Card","Card","Relic","Card","Relic"],"build_version":"2020-12-22","purchased_purges":0,"victory":false,"max_hp_per_floor":[90,90,90,90,90,90,90,90,100,100,100,100,100,100,100,100,100,100,100,100,100,100,100,100,100,100,100,100,100,100,100,100,100,100,100,100,100,100,100,100,100,100,100,100,100,100,100,100,100,100,100,100],"relic_stats":{"Blood Vial":18,"Gremlin Horn":[14,14],"counters":[28,124],"Kunai":[26],"obtain_stats":[{"Ice Cream":47,"infinitespire:BottledMercury":11,"downfall:HeartBlessingRed":18,"Gremlin Horn":24,"champ:ChampionCrown":0,"downfall:HeartBlessingGreen":12,"Sling":37,"Akabeko":41,"Blood Vial":28,"Anchor":0,"hubris:Icosahedron":27,"infinitespire:WardingShard":39,"downfall:HeartBlessingBlue":9,"hubris:GrandSneckoEye":34,"Kunai":6,"infinitespire:Cupcake":17},{"Ice Cream":25,"infinitespire:BottledMercury":6,"downfall:HeartBlessingRed":9,"Gremlin Horn":14,"champ:ChampionCrown":0,"downfall:HeartBlessingGreen":6,"Sling":20,"Akabeko":22,"Blood Vial":15,"Anchor":0,"hubris:Icosahedron":14,"infinitespire:WardingShard":21,"downfall:HeartBlessingBlue":5,"hubris:GrandSneckoEye":18,"Kunai":4,"infinitespire:Cupcake":9},{"Ice Cream":110,"infinitespire:BottledMercury":25,"downfall:HeartBlessingRed":42,"Gremlin Horn":67,"champ:ChampionCrown":0,"downfall:HeartBlessingGreen":25,"Sling":94,"Akabeko":100,"Blood Vial":71,"Anchor":0,"hubris:Icosahedron":67,"infinitespire:WardingShard":96,"downfall:HeartBlessingBlue":21,"hubris:GrandSneckoEye":88,"Kunai":17,"infinitespire:Cupcake":42}]},"card_choices":[{"not_picked":["champ:Encircle","champ:DefensiveStyle"],"picked":"champ:FocusedDefense","floor":2},{"not_picked":["champ:StanceDance","champ:CrownThrow"],"picked":"champ:BerserkerStyle","floor":3},{"not_picked":["champ:RapidStrikes","champ:FancyFootwork"],"picked":"champ:TornadoPunch","floor":4},{"not_picked":["Replay:Fractal Strike","ReplayTheSpireMod:Chaos Vortex"],"picked":"ReplayTheSpireMod:Black Plague","floor":5},{"not_picked":["champ:StanceDance","champ:UltimateStance"],"picked":"champ:Parry","floor":6},{"not_picked":["champ:Shatter","champ:BladeFlurry"],"picked":"champ:Duel","floor":8},{"not_picked":["champ:PerfectedStrike","champ:FaceSlap"],"picked":"champ:PreciseThrust","floor":10},{"not_picked":["champ:BladeFlurry","champ:EndlessRage"],"picked":"champ:TornadoPunch","floor":11},{"not_picked":["champ:PreciseThrust","champ:Backstep"],"picked":"champ:BringItOn","floor":11},{"not_picked":["champ:IronFortress","champ:BladeFlurry"],"picked":"champ:DefensiveShout","floor":14},{"not_picked":["champ:DeathBlow","champ:BladeFlurry"],"picked":"champ:Haymaker","floor":15},{"not_picked":["champ:StrikeOfGenius","champ:CheapShot"],"picked":"champ:EnchantCrown","floor":16},{"not_picked":["champ:Duel","champ:BladeFlurry"],"picked":"champ:DefensiveShout","floor":19},{"not_picked":["champ:PreciseThrust","champ:PerfectedStrike"],"picked":"champ:Circumvent","floor":20},{"not_picked":["champ:EnchantSword","champ:CalledShot"],"picked":"champ:RageSigil","floor":21},{"not_picked":["champ:AdrenalArmor","champ:PreciseThrust"],"picked":"champ:FlashCut","floor":22},{"not_picked":["champ:ShieldSigil","champ:PerfectedStrike"],"picked":"champ:FlashCut+1","floor":23},{"not_picked":["champ:GladiatorForm","champ:ViciousMockery+1"],"picked":"champ:EnGarde","floor":28},{"not_picked":["champ:PreciseThrust","champ:RageSigil"],"picked":"champ:ArenaPreparation+1","floor":31},{"not_picked":["champ:PreciseThrust","champ:Backstep"],"picked":"champ:CrownThrow","floor":32},{"not_picked":["champ:HeavySlash","champ:VampiricStrike"],"picked":"champ:StrikeOfGenius","floor":33},{"not_picked":["champ:BladeFlurry+1","champ:GutPunch"],"picked":"champ:PreciseThrust+1","floor":36},{"not_picked":["champ:DancingMaster","champ:VampiricStrike"],"picked":"champ:ShieldWall+1","floor":37},{"not_picked":["champ:BringItOn","champ:Backstep+1"],"picked":"champ:UltimateStance","floor":39},{"not_picked":["champ:Parry","champ:Circumvent+1"],"picked":"champ:SwordSigil+1","floor":40},{"not_picked":["champ:Haymaker","champ:BladeFlurry+1"],"picked":"champ:LastStand","floor":44},{"not_picked":["champ:AdrenalArmor+1","champ:GutPunch+1"],"picked":"champ:DefensiveStyle+1","floor":46},{"not_picked":["champ:FaceSlap","champ:FalseCounter"],"picked":"champ:ShieldThrow","floor":47},{"not_picked":["champ:GladiatorStyle+1","champ:FanOfKnives"],"picked":"champ:ShieldWall","floor":48},{"not_picked":["champ:AdrenalArmor","champ:EndlessRage"],"picked":"champ:PreemptiveStrike","floor":49}],"player_experience":974638,"relics_obtained":[{"floor":6,"key":"Kunai"},{"floor":11,"key":"infinitespire:BottledMercury"},{"floor":24,"key":"Gremlin Horn"},{"floor":41,"key":"Akabeko"},{"floor":47,"key":"Ice Cream"}],"event_choices":[{"cards_removed":["champ:BerserkerStyle"],"damage_healed":23,"gold_gain":0,"player_choice":"Offered Uncommon","damage_taken":0,"max_hp_gain":0,"max_hp_loss":0,"event_name":"Bonfire Elementals","floor":13,"gold_loss":0},{"damage_healed":0,"gold_gain":200,"player_choice":"Gold","damage_taken":0,"max_hp_gain":0,"max_hp_loss":0,"event_name":"Wheel of Change","floor":18,"gold_loss":0}],"is_beta":false,"boss_relics":[{"not_picked":["Abe\u0027s Treasure","aspiration:PoetsPen_weak"],"picked":"infinitespire:Cupcake"},{"not_picked":["hubris:TerracottaHorce","aspiration:SilentSkillbook"],"picked":"hubris:GrandSneckoEye"}],"items_purged_floors":[],"is_endless":false,"potions_floor_spawned":[4,6,10,16,20,32,36,40,44,46],"killed_by":"WA_ARCHETYPE_DIVINITY","ascension_level":0}}