{"host":"sc0o2qwpf9j16a4i","time":1612445153,"event":{"mods":["AchievementEnabler","BaseMod","BetterRewards","Block Reminder","Colored Map","Colored Powertips","Custom Start","Highlight Path","Minty Spire (QoL Compilation)","Relic Stats"],"gold_per_floor":[115,115,115,190,33,33,56,87,169,25,25,63,12,31,31,150,150,165,185,185,200,200,234,250,291,291,291,325,450,468,502,502,626,626,649,24,24,39,59,94,115,135,188,241,241,241,107,127,127,127],"floor_reached":51,"language":"ENG","playtime":1468,"items_purged":[],"score":1198,"play_id":"6fc1fe1a-c265-4eb8-818b-e808d41966e0","local_time":"20210204152553","daily_mods":["SealedDeck","Hoarder","Binary"],"is_ascension_mode":false,"campfire_choices":[{"data":"Armaments","floor":6,"key":"SMITH"},{"data":"Armaments","floor":11,"key":"SMITH"},{"data":"Armaments","floor":15,"key":"SMITH"},{"floor":27,"key":"REST"},{"data":"Havoc","floor":32,"key":"PURGE"},{"floor":46,"key":"REST"},{"floor":49,"key":"REST"}],"circlet_count":0,"master_deck":["Sword Boomerang","Sword Boomerang","Sword Boomerang","Sentinel","Sentinel","Sentinel","Sword Boomerang","Sword Boomerang","Sword Boomerang","Armaments+1","Armaments+1","Armaments+1","True Grit","True Grit","True Grit","Wild Strike","Wild Strike+1","Wild Strike","Flex","Flex","Flex","Flex+1","Flex","Thunderclap","Thunderclap","Thunderclap","Inflame","Inflame","Inflame","Pommel Strike","Pommel Strike","Pommel Strike","Havoc","Havoc","Infernal Blade","Infernal Blade","Infernal Blade","Cleave","Cleave","Cleave","Immolate","Immolate","Immolate","Heavy Blade","Heavy Blade","Heavy Blade","Feel No Pain","Feel No Pain","Feel No Pain","Flame Barrier","Flame Barrier","Flame Barrier","Shrug It Off+1","Shrug It Off+1","Shrug It Off+1","Demon Form","Demon Form","Demon Form","True Grit","True Grit","Juggernaut+1","Juggernaut+1","Juggernaut+1","Demon Form+1","Demon Form+1","Demon Form+1","Shrug It Off+1","Shrug It Off+1","Shrug It Off+1","Feel No Pain+1","Feel No Pain+1","Feel No Pain+1","Shrug It Off","Shrug It Off","Shrug It Off","Heavy Blade+1","Heavy Blade+1","Heavy Blade+1","Disarm","Disarm","Disarm","Metallicize+1","Metallicize+1","Metallicize+1","Shrug It Off+1","Shrug It Off+1","Shrug It Off+1","Dark Embrace+1","Dark Embrace+1","Dark Embrace+1","Infernal Blade+1","Infernal Blade+1","Infernal Blade+1","Barricade+1","Barricade+1","Barricade+1"],"relics":["Burning Blood","Golden Idol","Lee\u0027s Waffle","Bronze Scales","Bottled Lightning","ClockworkSouvenir","Anchor","Fusion Hammer","Bag of Preparation","Art of War","Self Forming Clay","Red Mask","Peace Pipe","Frozen Egg 2","White Beast Statue","Philosopher\u0027s Stone","Mercury Hourglass","Kunai","Pen Nib","Juzu Bracelet","CeramicFish","Blue Candle"],"acts_visited":["Exordium","TheCity","TheBeyond"],"potions_floor_usage":[8,25,28,28,31,31,33,39,40,41,44,48,50,50],"damage_taken":[{"damage":11,"enemies":"Jaw Worm","floor":1,"turns":2},{"damage":0,"enemies":"Small Slimes","floor":7,"turns":1},{"damage":8,"enemies":"Lagavulin","floor":8,"turns":6},{"damage":2,"enemies":"3 Sentries","floor":12,"turns":4},{"damage":0,"enemies":"2 Louse","floor":14,"turns":1},{"damage":0,"enemies":"Slime Boss","floor":16,"turns":4},{"damage":0,"enemies":"Chosen","floor":18,"turns":2},{"damage":0,"enemies":"3 Byrds","floor":19,"turns":2},{"damage":0,"enemies":"3 Cultists","floor":21,"turns":2},{"damage":3,"enemies":"Gremlin Leader","floor":23,"turns":4},{"damage":3,"enemies":"Snecko","floor":24,"turns":3},{"damage":0,"enemies":"Slavers","floor":25,"turns":2},{"damage":5,"enemies":"Masked Bandits","floor":28,"turns":3},{"damage":7,"enemies":"Colosseum Slavers","floor":29,"turns":2},{"damage":4,"enemies":"Colosseum Nobs","floor":29,"turns":3},{"damage":0,"enemies":"Snake Plant","floor":30,"turns":2},{"damage":3,"enemies":"Gremlin Leader","floor":31,"turns":6},{"damage":21,"enemies":"Automaton","floor":33,"turns":7},{"damage":0,"enemies":"3 Shapes","floor":35,"turns":4},{"damage":0,"enemies":"3 Darklings","floor":38,"turns":3},{"damage":0,"enemies":"Maw","floor":39,"turns":6},{"damage":40,"enemies":"Reptomancer","floor":40,"turns":5},{"damage":8,"enemies":"Spire Growth","floor":41,"turns":5},{"damage":0,"enemies":"Transient","floor":42,"turns":5},{"damage":31,"enemies":"Giant Head","floor":44,"turns":9},{"damage":0,"enemies":"Jaw Worm Horde","floor":48,"turns":2},{"damage":0,"enemies":"Time Eater","floor":50,"turns":9}],"seed_played":"-9101862123492047172","potions_obtained":[{"floor":7,"key":"SkillPotion"},{"floor":12,"key":"SkillPotion"},{"floor":14,"key":"SkillPotion"},{"floor":21,"key":"Swift Potion"},{"floor":23,"key":"Strength Potion"},{"floor":25,"key":"BlessingOfTheForge"},{"floor":28,"key":"Fire Potion"},{"floor":29,"key":"PowerPotion"},{"floor":33,"key":"SkillPotion"},{"floor":35,"key":"Dexterity Potion"},{"floor":38,"key":"DistilledChaos"},{"floor":39,"key":"Fire Potion"},{"floor":40,"key":"DistilledChaos"},{"floor":41,"key":"GamblersBrew"},{"floor":44,"key":"Fire Potion"},{"floor":48,"key":"GamblersBrew"}],"is_trial":true,"path_per_floor":["M","?","?","?","$","R","M","E","T","$","R","E","$","M","R","B",null,"M","M","?","M","?","E","M","E","T","R","?","?","M","E","R","B",null,"M","$","?","M","M","E","M","M","T","E","?","R","$","M","R","B",null],"character_chosen":"IRONCLAD","items_purchased":["Lee\u0027s Waffle","ClockworkSouvenir","Cleave","Feel No Pain+1","Mercury Hourglass","Shrug It Off","Kunai","Barricade+1"],"campfire_rested":3,"item_purchase_floors":[5,10,13,36,36,36,36,47],"current_hp_per_floor":[75,55,39,28,87,87,87,85,85,85,85,87,87,87,87,87,87,87,87,87,87,87,87,87,87,87,87,87,87,87,87,87,72,87,87,87,87,87,87,53,51,57,57,32,32,58,58,64,87,87],"gold":127,"neow_bonus":"","is_daily":false,"chose_seed":false,"campfire_upgraded":3,"win_rate":0.0,"timestamp":1612445153,"path_taken":["M","?","?","?","$","R","M","E","T","?","R","E","$","M","R","BOSS","M","?","?","M","?","E","M","E","T","R","?","?","?","E","R","BOSS","M","$","?","M","?","E","M","M","T","E","?","R","$","M","R","BOSS"],"items_purchased_type":["Relic","Relic","Card","Card","Relic","Card","Relic","Card"],"build_version":"2020-12-22","purchased_purges":0,"victory":true,"max_hp_per_floor":[80,80,80,80,87,87,87,87,87,87,87,87,87,87,87,87,87,87,87,87,87,87,87,87,87,87,87,87,87,87,87,87,87,87,87,87,87,87,87,87,87,87,87,87,87,87,87,87,87,87],"relic_stats":{"Lee\u0027s Waffle":59,"counters":[27,104],"Golden Idol":208,"Self Forming Clay":[42],"CeramicFish":18,"Blue Candle":[0],"Pen Nib":[3],"Bag of Preparation":[34],"Juzu Bracelet":0,"Burning Blood":77,"Mercury Hourglass":[150],"Peace Pipe":1,"Bronze Scales":[248],"Art of War":[16],"Kunai":[1],"obtain_stats":[{"Lee\u0027s Waffle":5,"Golden Idol":2,"Self Forming Clay":26,"CeramicFish":44,"Blue Candle":45,"Pen Nib":40,"Bag of Preparation":23,"Juzu Bracelet":43,"Frozen Egg 2":29,"Burning Blood":0,"White Beast Statue":31,"ClockworkSouvenir":10,"Mercury Hourglass":36,"Peace Pipe":29,"Anchor":12,"Bronze Scales":8,"Philosopher\u0027s Stone":34,"Fusion Hammer":17,"Art of War":25,"Red Mask":28,"Bottled Lightning":9,"Kunai":36},{"Lee\u0027s Waffle":1,"Golden Idol":1,"Self Forming Clay":12,"CeramicFish":25,"Blue Candle":25,"Pen Nib":22,"Bag of Preparation":10,"Juzu Bracelet":24,"Frozen Egg 2":15,"Burning Blood":0,"White Beast Statue":17,"ClockworkSouvenir":3,"Mercury Hourglass":19,"Peace Pipe":15,"Anchor":4,"Bronze Scales":3,"Philosopher\u0027s Stone":18,"Fusion Hammer":6,"Art of War":12,"Red Mask":13,"Bottled Lightning":3,"Kunai":19},{"Lee\u0027s Waffle":2,"Golden Idol":2,"Self Forming Clay":33,"CeramicFish":93,"Blue Candle":93,"Pen Nib":74,"Bag of Preparation":28,"Juzu Bracelet":84,"Frozen Egg 2":41,"Burning Blood":0,"White Beast Statue":49,"ClockworkSouvenir":9,"Mercury Hourglass":60,"Peace Pipe":41,"Anchor":13,"Bronze Scales":9,"Philosopher\u0027s Stone":56,"Fusion Hammer":18,"Art of War":33,"Red Mask":36,"Bottled Lightning":9,"Kunai":60}]},"card_choices":[{"not_picked":["Sentinel"],"picked":"Pommel Strike","floor":1},{"not_picked":["Headbutt"],"picked":"Havoc","floor":7},{"not_picked":["Rage"],"picked":"Infernal Blade","floor":8},{"not_picked":["Dropkick","Cleave"],"picked":"SKIP","floor":12},{"not_picked":["Sword Boomerang","Warcry"],"picked":"SKIP","floor":14},{"not_picked":["Barricade"],"picked":"Immolate","floor":16},{"not_picked":["Body Slam"],"picked":"Heavy Blade","floor":18},{"not_picked":["Sever Soul+1","Pummel+1"],"picked":"SKIP","floor":19},{"not_picked":["Searing Blow"],"picked":"Feel No Pain","floor":21},{"not_picked":["Seeing Red+1"],"picked":"Flame Barrier","floor":23},{"not_picked":["Headbutt+1"],"picked":"Shrug It Off+1","floor":24},{"not_picked":["Spot Weakness+1"],"picked":"Demon Form","floor":25},{"not_picked":["Body Slam+1"],"picked":"True Grit","floor":28},{"not_picked":["Warcry","Rampage"],"picked":"SKIP","floor":30},{"not_picked":["Flame Barrier"],"picked":"Juggernaut+1","floor":31},{"not_picked":["Bludgeon"],"picked":"Demon Form+1","floor":33},{"not_picked":["Iron Wave+1"],"picked":"Shrug It Off+1","floor":35},{"not_picked":["Sword Boomerang+1"],"picked":"Heavy Blade+1","floor":38},{"not_picked":["Iron Wave+1"],"picked":"Disarm","floor":39},{"not_picked":["Pommel Strike"],"picked":"Metallicize+1","floor":40},{"not_picked":["Clothesline+1"],"picked":"Shrug It Off+1","floor":41},{"not_picked":["Twin Strike"],"picked":"Dark Embrace+1","floor":42},{"not_picked":["Spot Weakness+1"],"picked":"Infernal Blade+1","floor":44},{"not_picked":["Iron Wave","Rupture+1"],"picked":"SKIP","floor":48}],"player_experience":1181435,"relics_obtained":[{"floor":8,"key":"Bronze Scales"},{"floor":9,"key":"Bottled Lightning"},{"floor":12,"key":"Anchor"},{"floor":23,"key":"Bag of Preparation"},{"floor":25,"key":"Art of War"},{"floor":26,"key":"Self Forming Clay"},{"floor":28,"key":"Red Mask"},{"floor":29,"key":"Peace Pipe"},{"floor":29,"key":"Frozen Egg 2"},{"floor":31,"key":"White Beast Statue"},{"floor":40,"key":"Pen Nib"},{"floor":43,"key":"Juzu Bracelet"},{"floor":44,"key":"CeramicFish"}],"event_choices":[{"damage_healed":0,"gold_gain":0,"player_choice":"Take Damage","damage_taken":20,"relics_obtained":["Golden Idol"],"max_hp_gain":0,"max_hp_loss":0,"event_name":"Golden Idol","floor":2,"gold_loss":0},{"damage_healed":0,"gold_gain":0,"player_choice":"Entered Light","damage_taken":16,"max_hp_gain":0,"max_hp_loss":0,"event_name":"Shining Light","floor":3,"gold_loss":0,"cards_upgraded":["Flex","Wild Strike"]},{"damage_healed":0,"gold_gain":75,"player_choice":"Gather Gold","damage_taken":11,"max_hp_gain":0,"max_hp_loss":0,"event_name":"World of Goop","floor":4,"gold_loss":0},{"damage_healed":0,"gold_gain":0,"player_choice":"Ignored","damage_taken":0,"max_hp_gain":0,"max_hp_loss":0,"event_name":"Vampires","floor":20,"gold_loss":0},{"cards_removed":["Flex"],"damage_healed":0,"gold_gain":0,"player_choice":"Elegance","damage_taken":0,"max_hp_gain":0,"max_hp_loss":0,"event_name":"Back to Basics","floor":22,"gold_loss":0},{"damage_healed":0,"gold_gain":0,"player_choice":"Fought Bandits","damage_taken":0,"max_hp_gain":0,"max_hp_loss":0,"event_name":"Masked Bandits","floor":28,"gold_loss":0},{"damage_healed":0,"gold_gain":0,"player_choice":"Fight","damage_taken":0,"max_hp_gain":0,"max_hp_loss":0,"event_name":"Colosseum","floor":29,"gold_loss":0},{"damage_healed":0,"gold_gain":0,"player_choice":"Fought Nobs","damage_taken":0,"max_hp_gain":0,"max_hp_loss":0,"event_name":"Colosseum","floor":29,"gold_loss":0},{"damage_healed":0,"gold_gain":0,"player_choice":"Ignored","damage_taken":0,"max_hp_gain":0,"max_hp_loss":0,"event_name":"SecretPortal","floor":37,"gold_loss":0},{"cards_removed":["True Grit"],"damage_healed":0,"gold_gain":0,"player_choice":"Gave Card","damage_taken":0,"relics_obtained":["Blue Candle"],"max_hp_gain":0,"max_hp_loss":0,"event_name":"WeMeetAgain","floor":45,"gold_loss":0}],"is_beta":false,"boss_relics":[{"not_picked":["Cursed Key","Coffee Dripper"],"picked":"Fusion Hammer"},{"not_picked":["Runic Dome","Calling Bell"],"picked":"Philosopher\u0027s Stone"}],"items_purged_floors":[],"is_endless":false,"potions_floor_spawned":[7,12,14,21,23,25,28,29,30,33,35,38,39,40,41,42,44,48],"ascension_level":0}}