{"host":"vhw5fdvi8l2afono","time":1612419485,"event":{"mods":["100% Spire Juice","Act Like it!","BaseMod","Gensokyo","Minty Spire (QoL Compilation)","Reimu£®≤©¿ˆ¡È√Œ£©","Shop Mod","StSLib","Waifu the Spire","[IsaacMod]“‘»ˆº‚À˛","°æ“≈ŒÔø®≈∆°øREMEMod"],"gold_per_floor":[116,66,86,96,96,96,107,107,132,132,161,161,188,215,215,320,320,338,178,188,206,11,11,43,43,343,354,369,369,380,396,396,496,496,508,527,527,405,424,424,441,468,494,511,511,536,536,561,561,561,561,561,169,198,198,198],"floor_reached":55,"language":"ZHS","playtime":3238,"items_purged":["Strike_Lin:ReiMu","Strike_Lin:ReiMu","Strike_Lin:ReiMu"],"score":862,"play_id":"c6560b19-45cf-4c1a-abc4-9b6dcde8d6fb","local_time":"20210204141805","is_ascension_mode":false,"campfire_choices":[{"data":"Revelation:ReiMu","floor":6.0,"key":"SMITH"},{"data":"Crusade:ReiMu","floor":10.0,"key":"SMITH"},{"data":"ShadowOfCrow2:ReiMu","floor":12.0,"key":"SMITH"},{"data":"AirManeuver:ReiMu","floor":15.0,"key":"SMITH"},{"data":"YinYang:ReiMu","floor":23.0,"key":"SMITH"},{"data":"KyokaiOfKami:ReiMu","floor":25.0,"key":"SMITH"},{"data":"InherentArray:ReiMu","floor":32.0,"key":"SMITH"},{"floor":40,"key":"RECALL"},{"floor":47,"key":"REST"},{"floor":49,"key":"REST"},{"floor":52,"key":"REST"}],"circlet_count":0,"master_deck":["Defend_Lin:ReiMu+1","Defend_Lin:ReiMu","Defend_Lin:ReiMu+1","NB:ReiMu","Stagnation:ReiMu","Crusade:ReiMu+1","Revelation:ReiMu+1","AirManeuver:ReiMu+1","SubAcupoint:ReiMu","ShadowOfCrow2:ReiMu+1","KyokaiOfKami:ReiMu+1","YinYang:ReiMu+1","Purity","RainPray2:ReiMu","AirStrike:ReiMu+1","InherentArray:ReiMu+1","BlastKick2:ReiMu+1","SealNeedle:ReiMu+1","KamiRite:ReiMu","PassingAway:ReiMu+1","REME_Flogging"],"relics":["FlyPower:ReiMu","REME_ComplimentaryCards","HushsDoor","HowToJump","CaptainsWheel","Oddly Smooth Stone","Singing Bowl","BodyOfKamiR:ReiMu","Leech","Runic Pyramid","SteamSale","SatanicBible","Old Coin","Molten Egg 2","Fusion Hammer","Blood Vial","SkyOrb:ReiMu","Bag of Marbles","TentaclePot:ReiMu","Anchor","War Paint","Orichalcum"],"acts_visited":["Exordium","Gensokyo:Gensokyoer","TheBeyond","TheEnding"],"potions_floor_usage":[44,55,55],"damage_taken":[{"damage":0.0,"enemies":"Jaw Worm","floor":1.0,"turns":3.0},{"damage":0.0,"enemies":"2 Louse","floor":3.0,"turns":2.0},{"damage":0.0,"enemies":"Small Slimes","floor":4.0,"turns":4.0},{"damage":4.0,"enemies":"3 Louse","floor":7.0,"turns":4.0},{"damage":4.0,"enemies":"Gremlin Nob","floor":11.0,"turns":4.0},{"damage":10.0,"enemies":"3 Sentries","floor":13.0,"turns":7.0},{"damage":0.0,"enemies":"Slime Boss","floor":16.0,"turns":9.0},{"damage":6.0,"enemies":"Gensokyo:3_Dogs","floor":18.0,"turns":5.0},{"damage":1.0,"enemies":"Gensokyo:AngelMirror","floor":20.0,"turns":2.0},{"damage":2.0,"enemies":"Gensokyo:Monolith_and_Dog","floor":21.0,"turns":5.0},{"damage":8.0,"enemies":"Gensokyo:Tenshi","floor":24.0,"turns":8.0},{"damage":4.0,"enemies":"Gensokyo:Mirror_and_Dog","floor":27.0,"turns":4.0},{"damage":14.0,"enemies":"Gensokyo:3_Gloops","floor":28.0,"turns":5.0},{"damage":2.0,"enemies":"Gensokyo:Wraith","floor":30.0,"turns":4.0},{"damage":2.0,"enemies":"Gensokyo:Swordslinger","floor":31.0,"turns":6.0},{"damage":8.0,"enemies":"Gensokyo:Eiki","floor":33.0,"turns":9.0},{"damage":0.0,"enemies":"3 Shapes","floor":35.0,"turns":5.0},{"damage":0.0,"enemies":"Orb Walker","floor":36.0,"turns":2.0},{"damage":0,"enemies":"4 Shapes","floor":39,"turns":5},{"damage":0,"enemies":"Sphere and 2 Shapes","floor":41,"turns":4},{"damage":35,"enemies":"Reptomancer","floor":42,"turns":4},{"damage":0,"enemies":"Maw","floor":44,"turns":5},{"damage":4,"enemies":"Giant Head","floor":46,"turns":7},{"damage":0,"enemies":"Nemesis","floor":48,"turns":7},{"damage":27,"enemies":"Awakened One","floor":50,"turns":9},{"damage":10,"enemies":"Shield and Spear","floor":54,"turns":6},{"damage":97,"enemies":"Delirium","floor":55,"turns":10}],"seed_played":"-880954374537648736","potions_obtained":[{"floor":1.0,"key":"Fire Potion"},{"floor":3.0,"key":"FearPotion"},{"floor":7.0,"key":"PinkPotion:ReiMu"},{"floor":13.0,"key":"SteroidPotion"},{"floor":18.0,"key":"Block Potion"},{"floor":33.0,"key":"LiquidMemories"},{"floor":39,"key":"DuplicationPotion"}],"is_trial":false,"path_per_floor":["M","?","M","M","?","R","M","?","T","R","E","R","E","T","R","B",null,"M","$","M","M","COS","R","E","R","T","M","M","?","M","M","R","B",null,"M","M","?","$","M","R","M","E","T","M","?","E","R","E","R","B",null,"R","$","E","B"],"character_chosen":"REIMU","items_purchased":["YinYang:ReiMu","Purity","Blood Vial","TentaclePot:ReiMu","Anchor","War Paint","PinkPotion:ReiMu","REME_Flogging"],"campfire_rested":3,"item_purchase_floors":[17,19,38,53,53,53,53,53],"current_hp_per_floor":[47,47,47,47,40,40,36,57,57,57,55,55,47,47,47,53,65,64,64,66,70,70,70,64,64,64,65,55,55,56,61,61,59,75,77,79,75,75,83,83,87,56,56,62,62,68,91,91,91,67,91,91,91,86,0,0],"gold":198,"neow_bonus":"ONE_RARE_RELIC","is_daily":false,"chose_seed":false,"campfire_upgraded":7,"win_rate":0.0,"timestamp":1612419485,"path_taken":["M","?","M","M","?","R","M","?","T","R","E","R","E","?","R","BOSS","M","?","M","M","COS","R","E","R","T","M","M","?","?","M","R","BOSS","M","M","?","$","M","R","M","E","T","M","?","E","R","E","R","BOSS","R","$","E","BOSS"],"items_purchased_type":["Card","Card","Relic","Relic","Relic","Relic","Potion","Card"],"build_version":"2020-12-22","purchased_purges":3,"victory":false,"max_hp_per_floor":[65,65,65,65,65,65,65,65,65,65,67,67,69,69,69,69,65,67,67,69,71,71,71,71,71,71,73,73,73,73,75,75,75,75,77,79,85,85,87,87,87,89,89,89,89,91,91,91,91,91,91,91,91,93,93,93],"card_choices":[{"not_picked":["SealNeedle:ReiMu","Crusade:ReiMu"],"picked":"Revelation:ReiMu","floor":1.0},{"not_picked":["EmergencyTakeOff:ReiMu","PhosphorusFlame:ReiMu"],"picked":"AirManeuver:ReiMu","floor":3.0},{"not_picked":["BarrageOfMoneybags:ReiMu","Enchanting:ReiMu"],"picked":"SubAcupoint:ReiMu","floor":4.0},{"not_picked":["Revelation:ReiMu","OrbThrow:ReiMu"],"picked":"ShadowOfCrow2:ReiMu","floor":7.0},{"not_picked":["LovePray:ReiMu","Amulet:ReiMu","OrbThrow:ReiMu"],"picked":"Singing Bowl","floor":11.0},{"not_picked":["UpKicking:ReiMu","WonderfulDomain:ReiMu","AlertArray:ReiMu"],"picked":"Singing Bowl","floor":13.0},{"not_picked":["RunawayExorcism:ReiMu","HakureiPhantom:ReiMu"],"picked":"KyokaiOfKami:ReiMu","floor":16.0},{"not_picked":["SubcavityInstant:ReiMu+1","SubAcupoint:ReiMu+1","SpiritualOutbreak2:ReiMu"],"picked":"Singing Bowl","floor":18.0},{"not_picked":["SafetyPray:ReiMu","SpreadBorder2:ReiMu","CareerPray:ReiMu+1"],"picked":"Singing Bowl","floor":20.0},{"not_picked":["SpreadBorder2:ReiMu+1","Mountainwind:ReiMu+1","Meditation:ReiMu"],"picked":"Singing Bowl","floor":21.0},{"not_picked":["Amulet:ReiMu","SubAcupoint:ReiMu+1"],"picked":"RainPray2:ReiMu","floor":24.0},{"not_picked":["SpringWay:ReiMu+1","NineCharacters:ReiMu","PassingAway:ReiMu"],"picked":"Singing Bowl","floor":27.0},{"not_picked":["SubAcupoint:ReiMu+1","Conquer:ReiMu+1"],"picked":"AirStrike:ReiMu+1","floor":28.0},{"not_picked":["CleanRite:ReiMu","AirStrike:ReiMu+1"],"picked":"InherentArray:ReiMu","floor":30.0},{"not_picked":["SafetyPray:ReiMu","UpKicking:ReiMu+1","Meditation:ReiMu+1"],"picked":"Singing Bowl","floor":31.0},{"not_picked":["SubcavityFantasy:ReiMu","CardOfSanctity:ReiMu"],"picked":"BlastKick2:ReiMu+1","floor":33.0},{"not_picked":["KamiSacrifice:ReiMu","SpringWay:ReiMu+1","Amulet:ReiMu+1"],"picked":"Singing Bowl","floor":35.0},{"not_picked":["PassingAway:ReiMu","SubcavityInstant:ReiMu+1","Enchanting:ReiMu+1"],"picked":"Singing Bowl","floor":36.0},{"not_picked":["REME_EyeOfCthun+1","BloodyBrimstone+1","Enlightenment"],"picked":"Singing Bowl","floor":37},{"not_picked":["REME_BodyOfCthun","Thinking Ahead","Blind"],"picked":"Singing Bowl","floor":37},{"not_picked":["Bandage Up","Purity","Discovery"],"picked":"Singing Bowl","floor":37},{"not_picked":["SafetyPray:ReiMu+1","Conquer:ReiMu+1","ManaGlint:ReiMu+1"],"picked":"Singing Bowl","floor":39},{"not_picked":["SubcavityInstant:ReiMu","FantasyBorder:ReiMu+1"],"picked":"SealNeedle:ReiMu+1","floor":41},{"not_picked":["FantasyMoon:ReiMu+1","LearningPray:ReiMu+1","AirStrike:ReiMu+1"],"picked":"Singing Bowl","floor":42},{"not_picked":["Amulet:ReiMu","UpKicking:ReiMu+1"],"picked":"KamiRite:ReiMu","floor":44},{"not_picked":["SpreadBorder2:ReiMu+1","CardOfSanctity:ReiMu","Enchanting:ReiMu"],"picked":"Singing Bowl","floor":46},{"not_picked":["Amulet:ReiMu+1","Gathering:ReiMu+1"],"picked":"PassingAway:ReiMu+1","floor":48},{"not_picked":["SubAcupoint:ReiMu+1","Enchanting:ReiMu+1","SpringWay:ReiMu+1"],"picked":"Singing Bowl","floor":54}],"player_experience":242578,"relics_obtained":[{"floor":9.0,"key":"Oddly Smooth Stone"},{"floor":11.0,"key":"Singing Bowl"},{"floor":13.0,"key":"BodyOfKamiR:ReiMu"},{"floor":14.0,"key":"Leech"},{"floor":24.0,"key":"SatanicBible"},{"floor":26.0,"key":"Old Coin"},{"floor":46,"key":"SkyOrb:ReiMu"},{"floor":48,"key":"Bag of Marbles"},{"floor":54,"key":"Orichalcum"}],"event_choices":[{"cards_removed":["Strike_Lin:ReiMu"],"damage_healed":0.0,"max_hp_gain":0.0,"max_hp_loss":0.0,"gold_gain":0.0,"event_name":"The Cleric","player_choice":"Card Removal","floor":2.0,"gold_loss":50.0,"damage_taken":0.0},{"cards_removed":["Defend_Lin:ReiMu"],"damage_healed":0.0,"max_hp_gain":0.0,"max_hp_loss":0.0,"gold_gain":0.0,"event_name":"Golden Wing","player_choice":"Card Removal","floor":5.0,"gold_loss":0.0,"damage_taken":7.0},{"damage_healed":21.0,"max_hp_gain":0.0,"max_hp_loss":0.0,"gold_gain":0.0,"event_name":"Big Fish","player_choice":"Banana","floor":8.0,"gold_loss":0.0,"damage_taken":0.0},{"damage_healed":0,"gold_gain":0,"player_choice":"Memory 3","damage_taken":10,"max_hp_gain":0,"max_hp_loss":0,"event_name":"SensoryStone","floor":37,"gold_loss":0}],"is_beta":false,"boss_relics":[{"not_picked":["REME_DemonsWealth","SacredBark"],"picked":"Runic Pyramid"},{"not_picked":[]},{"not_picked":["REME_ChargedStone","Calling Bell"],"picked":"Fusion Hammer"},{"not_picked":[]}],"items_purged_floors":[19,38,53],"is_endless":false,"potions_floor_spawned":[1,3,7,13,18,27,28,33,39,42,54],"killed_by":"Delirium","ascension_level":0}}