{"host":"jwbw4f4imxd0v0b0","time":1612403779,"event":{"mods":["BaseMod","Colored Map","Highlight Path","Minty Spire (QoL Compilation)","Relic Stats","StSLib"],"gold_per_floor":[110,110,110,110,4,4,44,62,62,110,129,142,169,201,201,201,201],"floor_reached":16,"language":"ENG","playtime":679,"items_purged":[],"score":274,"play_id":"3d25fac1-cb8f-4fe0-897e-8ef964a054de","local_time":"20210203195619","is_ascension_mode":true,"campfire_choices":[{"data":"Doom and Gloom","floor":6,"key":"SMITH"},{"data":"Genetic Algorithm","floor":15,"key":"SMITH"}],"circlet_count":0,"master_deck":["AscendersBane","Strike_B","Strike_B","Strike_B","Strike_B","Defend_B","Defend_B","Defend_B","Defend_B","Zap+1","Dualcast","Coolheaded","Doom and Gloom+1","Turbo","White Noise","Cold Snap","Conserve Battery","Genetic Algorithm+1","Ball Lightning"],"relics":["Cracked Core","FossilizedHelix","Golden Idol","Boot","CeramicFish","Ginger"],"acts_visited":["Exordium"],"potions_floor_usage":[12],"damage_taken":[{"damage":0,"enemies":"Cultist","floor":1,"turns":4},{"damage":0,"enemies":"Gremlin Nob","floor":7,"turns":3},{"damage":0,"enemies":"Jaw Worm","floor":8,"turns":3},{"damage":12,"enemies":"3 Sentries","floor":10,"turns":5},{"damage":0,"enemies":"Small Slimes","floor":11,"turns":3},{"damage":0,"enemies":"3 Louse","floor":12,"turns":1},{"damage":0,"enemies":"Blue Slaver","floor":13,"turns":3},{"damage":0,"enemies":"2 Fungi Beasts","floor":14,"turns":3},{"damage":54,"enemies":"The Guardian","floor":16,"turns":10}],"seed_played":"5884918410217913929","potions_obtained":[{"floor":7,"key":"SteroidPotion"},{"floor":11,"key":"PotionOfCapacity"},{"floor":12,"key":"Energy Potion"}],"is_trial":false,"path_per_floor":["M","?","?","?","$","R","E","M","T","E","M","M","M","M","R","B"],"character_chosen":"DEFECT","items_purchased":["Doom and Gloom","Turbo"],"campfire_rested":0,"item_purchase_floors":[5,5],"current_hp_per_floor":[64,58,63,63,63,63,63,63,63,51,51,51,51,51,51,0,0],"gold":201,"neow_bonus":"ONE_RARE_RELIC","is_daily":false,"chose_seed":false,"campfire_upgraded":2,"win_rate":0.0,"timestamp":1612403779,"path_taken":["M","?","?","?","$","R","E","M","T","E","?","M","M","M","R","BOSS"],"items_purchased_type":["Card","Card"],"build_version":"2020-12-22","purchased_purges":0,"victory":false,"max_hp_per_floor":[64,58,63,63,63,63,63,63,63,63,63,63,63,63,63,63,63],"relic_stats":{"counters":[9,35],"Golden Idol":36,"CeramicFish":27,"Ginger":[3],"Boot":[2],"obtain_stats":[{"Golden Idol":2,"CeramicFish":9,"Ginger":10,"Cracked Core":0,"Boot":7,"FossilizedHelix":0},{"Golden Idol":1,"CeramicFish":3,"Ginger":4,"Cracked Core":0,"Boot":2,"FossilizedHelix":0},{"Golden Idol":4,"CeramicFish":10,"Ginger":15,"Cracked Core":0,"Boot":7,"FossilizedHelix":0}]},"card_choices":[{"not_picked":["Beam Cell","Compile Driver"],"picked":"Coolheaded","floor":1},{"not_picked":["Sweeping Beam","Force Field"],"picked":"White Noise","floor":7},{"not_picked":["Chill","Streamline"],"picked":"Cold Snap","floor":8},{"not_picked":["Steam","Machine Learning"],"picked":"Conserve Battery","floor":10},{"not_picked":["Scrape","Consume","Turbo"],"picked":"SKIP","floor":11},{"not_picked":["Sweeping Beam","Melter","Heatsinks"],"picked":"SKIP","floor":12},{"not_picked":["Sweeping Beam","Seek"],"picked":"Genetic Algorithm","floor":13},{"not_picked":["Coolheaded","Conserve Battery"],"picked":"Ball Lightning","floor":14}],"player_experience":1199756,"relics_obtained":[{"floor":7,"key":"Boot"},{"floor":9,"key":"CeramicFish"},{"floor":10,"key":"Ginger"}],"event_choices":[{"damage_healed":0,"gold_gain":0,"player_choice":"Lose Max HP","damage_taken":0,"relics_obtained":["Golden Idol"],"max_hp_gain":0,"max_hp_loss":6,"event_name":"Golden Idol","floor":2,"gold_loss":0},{"damage_healed":0,"gold_gain":0,"player_choice":"Donut","damage_taken":0,"max_hp_gain":5,"max_hp_loss":0,"event_name":"Big Fish","floor":3,"gold_loss":0},{"damage_healed":0,"gold_gain":0,"player_choice":"Upgraded","damage_taken":0,"max_hp_gain":0,"max_hp_loss":0,"event_name":"Upgrade Shrine","floor":4,"gold_loss":0,"cards_upgraded":["Zap"]}],"is_beta":false,"boss_relics":[],"items_purged_floors":[],"is_endless":false,"potions_floor_spawned":[7,11,12,14],"killed_by":"The Guardian","ascension_level":20}}