{"host":"ordk2y2ebcetabk6","time":1612463083,"event":{"mods":["AlwaysNeverKeys","BaseMod","Better Debug","Colored Map","Colored Powertips","Dark Map","Highlight Path","Minty Spire (QoL Compilation)","Morshu Shopkeeper","Permanent Neow","Rare Cards Sparkle","Spire Arcade","StSLib","The Adventurer"],"gold_per_floor":[115,115,115,115,134,173,173,196,223,257,273,289,289,464,464,584,584,600,515,533,458,494,494,517,517,588,588,613,628,140,163,163,292,292,308,28,250,274,274,310,310,328,378,378,378,378,396,144,144,144],"floor_reached":51,"language":"ENG","playtime":1612,"items_purged":["Doubt","adventurer:Strike","adventurer:Strike","adventurer:Stockpile+1"],"score":783,"play_id":"d0f8c444-9479-444c-8841-0729b0f5daaf","local_time":"20210204112443","is_ascension_mode":false,"campfire_choices":[{"data":"adventurer:RingTheBell","floor":7,"key":"SMITH"},{"data":"adventurer:Dystopia","floor":13,"key":"SMITH"},{"data":"adventurer:Stockpile","floor":15,"key":"SMITH"},{"data":"adventurer:CautionHighVoltage","floor":23,"key":"SMITH"},{"data":"adventurer:Dive","floor":25,"key":"SMITH"},{"data":"adventurer:RingTheBell","floor":27,"key":"SMITH"},{"floor":32,"key":"REST"},{"data":"adventurer:DazzlingForm","floor":41,"key":"SMITH"},{"floor":46,"key":"REST"},{"data":"adventurer:TetrisAttack","floor":49,"key":"SMITH"}],"circlet_count":0,"master_deck":["adventurer:Strike+1","adventurer:Defend+1","adventurer:Defend+1","adventurer:Defend+1","adventurer:Defend+1","adventurer:FlurryFire+1","adventurer:JourneyBegins+1","adventurer:ScavengedAmmo+1","adventurer:Workout+1","adventurer:RingTheBell+1","adventurer:DungeonEntrance+1","adventurer:Dystopia+1","adventurer:Dive+1","adventurer:CautionHighVoltage+1","adventurer:DumpTrash+1","adventurer:RingTheBell+1","adventurer:ScavengedAmmo+1","adventurer:ExplorersPack+1","adventurer:PermanentParty+1","adventurer:HackAwayVines+1","adventurer:Chorus+1","adventurer:DazzlingForm+1","adventurer:TetrisAttack+1","Mayhem"],"relics":["adventurer:TodoItem","Golden Idol","Centennial Puzzle","Oddly Smooth Stone","Whetstone","Busted Crown","Singing Bowl","Red Mask","Art of War","Bottled Lightning","TungstenRod","Runic Pyramid","Membership Card","Mark of the Bloom","Mango","MealTicket","Darkstone Periapt"],"acts_visited":["Exordium","TheCity","TheBeyond"],"potions_floor_usage":[33,50,50,50],"damage_taken":[{"damage":1,"enemies":"Cultist","floor":1,"turns":3},{"damage":0,"enemies":"Small Slimes","floor":5,"turns":2},{"damage":30,"enemies":"Lagavulin","floor":6,"turns":8},{"damage":0,"enemies":"2 Louse","floor":8,"turns":2},{"damage":10,"enemies":"Gremlin Nob","floor":10,"turns":3},{"damage":7,"enemies":"Lots of Slimes","floor":11,"turns":2},{"damage":16,"enemies":"Large Slime","floor":12,"turns":4},{"damage":3,"enemies":"Hexaghost","floor":16,"turns":9},{"damage":0,"enemies":"3 Byrds","floor":18,"turns":1},{"damage":20,"enemies":"Spheric Guardian","floor":20,"turns":4},{"damage":27,"enemies":"Masked Bandits","floor":22,"turns":4},{"damage":26,"enemies":"Centurion and Healer","floor":28,"turns":7},{"damage":10,"enemies":"Sentry and Sphere","floor":29,"turns":3},{"damage":3,"enemies":"Snecko","floor":31,"turns":4},{"damage":42,"enemies":"Automaton","floor":33,"turns":9},{"damage":7,"enemies":"Orb Walker","floor":35,"turns":4},{"damage":4,"enemies":"3 Shapes","floor":38,"turns":4},{"damage":8,"enemies":"Reptomancer","floor":40,"turns":5},{"damage":10,"enemies":"Writhing Mass","floor":42,"turns":5},{"damage":0,"enemies":"Maw","floor":47,"turns":6},{"damage":67,"enemies":"Time Eater","floor":50,"turns":8}],"seed_played":"-8416358311204745206","potions_obtained":[{"floor":1,"key":"LiquidBronze"},{"floor":8,"key":"Regen Potion"},{"floor":10,"key":"PowerPotion"},{"floor":35,"key":"Block Potion"}],"is_trial":false,"path_per_floor":["M","?","?","?","M","E","R","M","T","E","M","M","R","?","R","B",null,"M","?","M","$","?","R","T","R","T","R","M","M","$","M","R","B",null,"M","$","?","M","?","E","R","M","T","?","?","R","M","$","R","B",null],"character_chosen":"THE_ADVENTURER","items_purchased":["adventurer:ScavengedAmmo","TungstenRod","Membership Card","adventurer:HackAwayVines","adventurer:Chorus","adventurer:TetrisAttack","Mayhem","DistilledChaos"],"campfire_rested":2,"item_purchase_floors":[30,30,36,36,36,48,48,48],"current_hp_per_floor":[79,74,79,79,79,49,49,49,49,39,32,20,20,20,20,17,83,83,83,63,63,44,44,44,44,44,44,26,18,18,15,45,18,101,102,102,102,106,106,98,98,88,88,88,88,88,88,88,88,21],"gold":144,"neow_bonus":"UPGRADE_CARD","is_daily":false,"chose_seed":false,"campfire_upgraded":8,"win_rate":0.0,"timestamp":1612463083,"path_taken":["M","?","?","?","M","E","R","M","T","E","?","M","R","?","R","BOSS","M","?","M","$","?","R","?","R","T","R","M","M","?","?","R","BOSS","M","$","?","M","?","E","R","M","T","?","?","R","?","$","R","BOSS"],"items_purchased_type":["Card","Relic","Relic","Card","Card","Card","Card","Potion"],"build_version":"2020-12-22","purchased_purges":4,"victory":true,"max_hp_per_floor":[80,74,79,79,79,79,79,79,79,79,79,83,83,83,83,83,83,83,83,83,83,91,91,91,91,91,91,99,101,101,101,101,101,101,109,109,109,117,117,131,131,133,133,135,135,135,143,143,143,143],"card_choices":[{"not_picked":["adventurer:DungeonEntrance","adventurer:ShotAndShiv"],"picked":"adventurer:ScavengedAmmo","floor":1},{"not_picked":["adventurer:DualBullets","adventurer:StopThat"],"picked":"adventurer:Workout","floor":5},{"not_picked":["adventurer:Stockpile","adventurer:ShootingStars"],"picked":"adventurer:RingTheBell","floor":6},{"not_picked":["adventurer:FutureProofing","adventurer:PartyPopper"],"picked":"adventurer:DungeonEntrance","floor":8},{"not_picked":["adventurer:CardboardBullets","adventurer:ImperfectDisguise"],"picked":"adventurer:Dystopia","floor":10},{"not_picked":["adventurer:MinMaxing","adventurer:CardboardBullets"],"picked":"adventurer:Dive","floor":11},{"not_picked":["adventurer:GatherMetals","adventurer:ToDoList"],"picked":"adventurer:Stockpile","floor":12},{"not_picked":["adventurer:Butcher","adventurer:PermanentParty"],"picked":"adventurer:CautionHighVoltage","floor":16},{"not_picked":[],"picked":"adventurer:DumpTrash","floor":18},{"not_picked":[],"picked":"adventurer:RingTheBell","floor":20},{"not_picked":["adventurer:FutureProofing"],"picked":"Singing Bowl","floor":22},{"not_picked":["adventurer:Stockpile"],"picked":"Singing Bowl","floor":28},{"not_picked":["adventurer:CardboardBullets+1"],"picked":"Singing Bowl","floor":29},{"not_picked":[],"picked":"adventurer:ExplorersPack","floor":31},{"not_picked":[],"picked":"adventurer:PermanentParty","floor":33},{"not_picked":["adventurer:ShotAndShiv+1"],"picked":"Singing Bowl","floor":35},{"not_picked":["adventurer:Stockpile+1"],"picked":"Singing Bowl","floor":38},{"not_picked":[],"picked":"adventurer:DazzlingForm","floor":40},{"not_picked":["adventurer:Broadside+1"],"picked":"Singing Bowl","floor":42},{"not_picked":["Dramatic Entrance"],"picked":"Singing Bowl","floor":44},{"not_picked":["adventurer:ExplorersPack+1"],"picked":"Singing Bowl","floor":47}],"player_experience":935560,"relics_obtained":[{"floor":6,"key":"Centennial Puzzle"},{"floor":9,"key":"Oddly Smooth Stone"},{"floor":10,"key":"Whetstone"},{"floor":22,"key":"Red Mask"},{"floor":24,"key":"Art of War"},{"floor":26,"key":"Bottled Lightning"},{"floor":40,"key":"Mango"},{"floor":43,"key":"MealTicket"}],"event_choices":[{"damage_healed":0,"gold_gain":0,"player_choice":"Lose Max HP","damage_taken":0,"relics_obtained":["Golden Idol"],"max_hp_gain":0,"max_hp_loss":6,"event_name":"Golden Idol","floor":2,"gold_loss":0},{"damage_healed":0,"gold_gain":0,"player_choice":"Donut","damage_taken":0,"max_hp_gain":5,"max_hp_loss":0,"event_name":"Big Fish","floor":3,"gold_loss":0},{"cards_removed":["adventurer:Strike"],"damage_healed":0,"gold_gain":0,"player_choice":"Offered Basic","damage_taken":0,"max_hp_gain":0,"max_hp_loss":0,"event_name":"Bonfire Elementals","floor":4,"gold_loss":0},{"damage_healed":0,"gold_gain":175,"player_choice":"AGREE","damage_taken":0,"max_hp_gain":0,"max_hp_loss":0,"event_name":"Liars Game","floor":14,"gold_loss":0,"cards_obtained":["Doubt"]},{"damage_healed":0,"gold_gain":0,"player_choice":"Obtained Relic","damage_taken":0,"relics_obtained":["Singing Bowl"],"max_hp_gain":0,"max_hp_loss":0,"event_name":"Addict","floor":19,"gold_loss":85},{"damage_healed":0,"gold_gain":0,"player_choice":"Fought Bandits","damage_taken":0,"max_hp_gain":0,"max_hp_loss":0,"event_name":"Masked Bandits","floor":22,"gold_loss":0},{"damage_healed":0,"gold_gain":222,"player_choice":"Wore Mask","damage_taken":0,"max_hp_gain":0,"max_hp_loss":0,"event_name":"Tomb of Lord Red Mask","floor":37,"gold_loss":0},{"damage_healed":0,"gold_gain":0,"player_choice":"Upgrade","damage_taken":0,"relics_obtained":["Mark of the Bloom"],"max_hp_gain":0,"max_hp_loss":0,"event_name":"MindBloom","floor":39,"gold_loss":0,"cards_upgraded":["adventurer:Defend","adventurer:Defend","adventurer:Defend","adventurer:Defend","adventurer:FlurryFire","adventurer:Workout","adventurer:DungeonEntrance","adventurer:DumpTrash","adventurer:ScavengedAmmo","adventurer:ExplorersPack","adventurer:PermanentParty","adventurer:HackAwayVines","adventurer:Chorus"]},{"damage_healed":0,"gold_gain":0,"player_choice":"Memory 1","damage_taken":0,"max_hp_gain":0,"max_hp_loss":0,"event_name":"SensoryStone","floor":44,"gold_loss":0},{"damage_healed":0,"gold_gain":0,"player_choice":"Gave Potion","damage_taken":0,"relics_obtained":["Darkstone Periapt"],"max_hp_gain":0,"max_hp_loss":0,"event_name":"WeMeetAgain","floor":45,"gold_loss":0}],"is_beta":false,"boss_relics":[{"not_picked":["Runic Dome","Tiny House"],"picked":"Busted Crown"},{"not_picked":["Coffee Dripper","Fusion Hammer"],"picked":"Runic Pyramid"}],"items_purged_floors":[21,30,36,48],"is_endless":false,"potions_floor_spawned":[1,8,10,11,16,20,22,28,31,35,42],"ascension_level":0}}