{"host":"fxrgx7wt2cpkbhka","time":1612420954,"event":{"mods":["AchievementEnabler","BaseMod","Colored Powertips","Minty Spire (QoL Compilation)","Permanent Neow","Quick Restart","Slay-I","StSLib","Waifu the Spire"],"gold_per_floor":[118,118,132,132,148,148,148,148,148,175,175,190,265,278,278,354,354,373,373,155,174,174,202,202,232,255,282,282,282,295,313,313,386,386,397,422,441,441,456,456,489,505,574,605,605,605,625,625,625,625,625,625,367,397,397,397],"floor_reached":55,"language":"ENG","playtime":2146,"items_purged":[],"score":1268,"play_id":"97e0599f-c9c3-4c37-8391-da650f54e8af","local_time":"20210203224234","is_ascension_mode":true,"campfire_choices":[{"data":"Double Tap","floor":6,"key":"SMITH"},{"data":"Inflame","floor":8,"key":"SMITH"},{"floor":11,"key":"REST"},{"data":"Reaper","floor":15,"key":"SMITH"},{"data":"Reaper","floor":24,"key":"SMITH"},{"data":"Limit Break","floor":29,"key":"SMITH"},{"data":"Iron Wave","floor":32,"key":"SMITH"},{"data":"Metallicize","floor":40,"key":"SMITH"},{"floor":49,"key":"RECALL"},{"floor":52,"key":"REST"}],"circlet_count":0,"master_deck":["AscendersBane","Defend_R","Defend_R+1","Bash","Double Tap+1","Inflame+1","Reaper+1","Iron Wave+1","Limit Break+1","CurseOfTheBell","Cleave","Bite","Bite","Bite","Bite","Spot Weakness","Clash+1","Reaper+1","Metallicize+1","Good Instincts+1","Offering+1","Spot Weakness","Iron Wave+1","Clash","Spot Weakness","Metallicize","Clash","Metallicize"],"relics":["Burning Blood","Question Card","Matryoshka","Mummified Hand","Calling Bell","Bag of Marbles","Shuriken","StoneCalendar","Medical Kit","Paper Frog","Champion Belt","Anchor","Toy Ornithopter","Regal Pillow","Nunchaku","Astrolabe","Prayer Wheel","Self Forming Clay","Ornamental Fan","Happy Flower","HornCleat","Bottled Tornado"],"acts_visited":["Exordium","TheCity","TheBeyond","TheEnding"],"potions_floor_usage":[3,21,23,23,33],"damage_taken":[{"damage":13,"enemies":"2 Louse","floor":1,"turns":4},{"damage":18,"enemies":"Jaw Worm","floor":3,"turns":4},{"damage":6,"enemies":"Cultist","floor":5,"turns":4},{"damage":32,"enemies":"Lagavulin","floor":10,"turns":6},{"damage":16,"enemies":"Blue Slaver","floor":12,"turns":4},{"damage":0,"enemies":"Large Slime","floor":14,"turns":5},{"damage":40,"enemies":"Slime Boss","floor":16,"turns":11},{"damage":40,"enemies":"Shell Parasite","floor":18,"turns":7},{"damage":19,"enemies":"Chosen","floor":21,"turns":6},{"damage":37,"enemies":"Gremlin Leader","floor":23,"turns":7},{"damage":68,"enemies":"Slavers","floor":25,"turns":7},{"damage":4,"enemies":"Centurion and Healer","floor":30,"turns":4},{"damage":45,"enemies":"Snake Plant","floor":31,"turns":5},{"damage":74,"enemies":"Automaton","floor":33,"turns":7},{"damage":2,"enemies":"3 Shapes","floor":35,"turns":5},{"damage":40,"enemies":"Mind Bloom Boss Battle","floor":36,"turns":6},{"damage":20,"enemies":"Orb Walker","floor":37,"turns":3},{"damage":6,"enemies":"Transient","floor":39,"turns":5},{"damage":71,"enemies":"Reptomancer","floor":41,"turns":7},{"damage":6,"enemies":"Jaw Worm Horde","floor":42,"turns":1},{"damage":55,"enemies":"Nemesis","floor":44,"turns":7},{"damage":20,"enemies":"Maw","floor":47,"turns":7},{"damage":130,"enemies":"Awakened One","floor":50,"turns":10},{"damage":111,"enemies":"Shield and Spear","floor":54,"turns":7},{"damage":51,"enemies":"The Heart","floor":55,"turns":3}],"seed_played":"-1201878536715580877","potions_obtained":[{"floor":1,"key":"Regen Potion"},{"floor":14,"key":"SteroidPotion"},{"floor":16,"key":"Swift Potion"},{"floor":21,"key":"Explosive Potion"},{"floor":23,"key":"FairyPotion"},{"floor":31,"key":"Strength Potion"},{"floor":35,"key":"FairyPotion"},{"floor":39,"key":"FairyPotion"},{"floor":54,"key":"SmokeBomb"}],"is_trial":false,"path_per_floor":["M","?","M","T","M","R","?","R","T","E","R","M","?","M","R","B",null,"M","?","$","M","?","E","R","E","T","T","?","R","M","M","R","B",null,"M","?","M","T","M","R","E","M","T","E","?","?","M","?","R","B",null,"R","$","E","B"],"character_chosen":"IRONCLAD","items_purchased":["Spot Weakness","Medical Kit","HornCleat"],"campfire_rested":2,"item_purchase_floors":[20,20,53],"current_hp_per_floor":[65,70,67,67,67,67,50,50,50,24,49,46,35,48,48,26,70,49,49,49,50,40,37,37,24,24,24,45,45,55,41,41,27,55,64,59,61,61,64,64,51,53,53,40,40,40,45,45,45,27,55,64,64,47,0,0],"gold":397,"neow_bonus":"ONE_RANDOM_RARE_CARD","is_daily":false,"chose_seed":false,"campfire_upgraded":7,"win_rate":0.0,"timestamp":1612420954,"path_taken":["M","?","M","?","?","R","?","R","T","E","R","M","?","M","R","BOSS","M","?","$","M","?","E","R","E","T","?","?","R","?","?","R","BOSS","M","?","M","?","?","R","E","M","T","E","?","?","?","?","R","BOSS","R","$","E","BOSS"],"items_purchased_type":["Card","Relic","Relic"],"build_version":"2020-12-22","purchased_purges":0,"victory":false,"max_hp_per_floor":[80,85,85,85,85,85,85,85,85,85,85,85,85,85,85,85,85,85,59,59,59,64,64,64,64,64,64,64,64,64,64,64,64,64,64,64,64,64,64,64,64,64,64,64,64,64,64,64,64,64,64,64,64,64,64,64],"card_choices":[{"not_picked":["Dark Embrace","True Grit","Sword Boomerang"],"picked":"SKIP","floor":1},{"not_picked":["Rage","Rupture"],"picked":"Inflame","floor":3},{"not_picked":["Sentinel","Anger","True Grit","Thunderclap"],"picked":"SKIP","floor":5},{"not_picked":["Warcry","Sword Boomerang","Fire Breathing"],"picked":"Reaper","floor":10},{"not_picked":["Havoc","Bludgeon","Carnage","Anger"],"picked":"SKIP","floor":12},{"not_picked":["Heavy Blade","Thunderclap","Ghostly Armor"],"picked":"Iron Wave","floor":14},{"not_picked":["Immolate","Juggernaut","Corruption"],"picked":"Limit Break","floor":16},{"not_picked":["Dark Embrace","Havoc","Impervious"],"picked":"Cleave","floor":18},{"not_picked":["Sever Soul","Pommel Strike","Uppercut"],"picked":"Clash+1","floor":21},{"not_picked":["Infernal Blade","Clash+1","Flame Barrier"],"picked":"Reaper","floor":23},{"not_picked":["Heavy Blade","Entrench","Infernal Blade","Carnage"],"picked":"SKIP","floor":25},{"not_picked":["Carnage","Flame Barrier","Shockwave","Headbutt"],"picked":"SKIP","floor":30},{"not_picked":["Spot Weakness","Burning Pact","Shrug It Off"],"picked":"Metallicize","floor":31},{"not_picked":["Heavy Blade","Sever Soul","Sword Boomerang"],"picked":"Spot Weakness","floor":35},{"not_picked":["Sever Soul","Heavy Blade","Perfected Strike"],"picked":"Iron Wave+1","floor":36},{"not_picked":["Thunderclap+1","Anger","Headbutt+1"],"picked":"Clash","floor":37},{"not_picked":["Wild Strike","Havoc+1","Pommel Strike","Burning Pact"],"picked":"SKIP","floor":37},{"not_picked":["Dark Embrace","Bludgeon","Rupture"],"picked":"Spot Weakness","floor":39},{"not_picked":["Body Slam","Battle Trance","Blood for Blood","Anger"],"picked":"SKIP","floor":39},{"not_picked":["Flex","Thunderclap","Seeing Red"],"picked":"Metallicize","floor":41},{"not_picked":["Iron Wave","Feel No Pain+1","Thunderclap"],"picked":"Clash","floor":42},{"not_picked":["Rage","Intimidate","Dropkick+1"],"picked":"Metallicize","floor":42},{"not_picked":["Immolate","Hemokinesis+1","Perfected Strike","Flex+1"],"picked":"SKIP","floor":44},{"not_picked":["Seeing Red","Iron Wave+1","Clash","Body Slam"],"picked":"SKIP","floor":47},{"not_picked":["Cleave","Rage","Seeing Red","Havoc"],"picked":"SKIP","floor":47},{"not_picked":["Berserk","Double Tap","Exhume","Power Through"],"picked":"SKIP","floor":54}],"player_experience":742510,"relics_obtained":[{"floor":4,"key":"Question Card"},{"floor":9,"key":"Matryoshka"},{"floor":10,"key":"Mummified Hand"},{"floor":17,"key":"Bag of Marbles"},{"floor":17,"key":"Shuriken"},{"floor":17,"key":"StoneCalendar"},{"floor":23,"key":"Paper Frog"},{"floor":25,"key":"Champion Belt"},{"floor":26,"key":"Anchor"},{"floor":26,"key":"Toy Ornithopter"},{"floor":27,"key":"Regal Pillow"},{"floor":27,"key":"Nunchaku"},{"floor":36,"key":"Prayer Wheel"},{"floor":38,"key":"Self Forming Clay"},{"floor":41,"key":"Ornamental Fan"},{"floor":44,"key":"Happy Flower"},{"floor":54,"key":"Bottled Tornado"}],"event_choices":[{"damage_healed":0,"gold_gain":0,"player_choice":"Donut","damage_taken":0,"max_hp_gain":5,"max_hp_loss":0,"event_name":"Big Fish","floor":2,"gold_loss":0},{"damage_healed":0,"gold_gain":0,"player_choice":"Entered Light","damage_taken":17,"max_hp_gain":0,"max_hp_loss":0,"event_name":"Shining Light","floor":7,"gold_loss":0,"cards_upgraded":["Strike_R","Defend_R"]},{"damage_healed":0,"gold_gain":75,"player_choice":"Gather Gold","damage_taken":11,"max_hp_gain":0,"max_hp_loss":0,"event_name":"World of Goop","floor":13,"gold_loss":0},{"damage_healed":0,"gold_gain":0,"player_choice":"Became a vampire","damage_taken":0,"max_hp_gain":0,"max_hp_loss":26,"event_name":"Vampires","floor":19,"gold_loss":0,"cards_obtained":["Bite","Bite","Bite","Bite","Bite"]},{"damage_healed":0,"gold_gain":0,"player_choice":"Shed Blood","damage_taken":15,"max_hp_gain":5,"max_hp_loss":0,"event_name":"Forgotten Altar","floor":22,"gold_loss":0},{"damage_healed":21,"gold_gain":0,"player_choice":"Heal","damage_taken":0,"max_hp_gain":0,"max_hp_loss":0,"event_name":"The Library","floor":28,"gold_loss":0},{"damage_healed":0,"gold_gain":0,"player_choice":"Fight","damage_taken":0,"max_hp_gain":0,"max_hp_loss":0,"event_name":"MindBloom","floor":36,"gold_loss":0},{"cards_removed":["Dropkick"],"damage_healed":0,"gold_gain":0,"player_choice":"Removed Attack","damage_taken":0,"max_hp_gain":0,"max_hp_loss":0,"event_name":"Falling","floor":45,"gold_loss":0},{"damage_healed":0,"gold_gain":0,"player_choice":"Bought 0 Potions","damage_taken":0,"max_hp_gain":0,"max_hp_loss":0,"event_name":"The Woman in Blue","floor":46,"gold_loss":0},{"damage_healed":0,"gold_gain":0,"player_choice":"Ignored","damage_taken":0,"max_hp_gain":0,"max_hp_loss":0,"event_name":"Mysterious Sphere","floor":48,"gold_loss":0}],"is_beta":false,"boss_relics":[{"not_picked":["Cursed Key","Coffee Dripper"],"picked":"Calling Bell"},{"not_picked":["Runic Dome","SlaversCollar"],"picked":"Astrolabe"}],"items_purged_floors":[],"is_endless":false,"potions_floor_spawned":[1,14,16,21,23,31,35,39,42,47,54],"killed_by":"The Heart","ascension_level":13}}