{"host":"l8n3qytufxtuz5eu","time":1612481946,"event":{"mods":["BaseMod","Colored Map","Minty Spire (QoL Compilation)","Relic Stats"],"gold_per_floor":[159,193,193,193,193,224,224,149,149,149,4,59,99,158,158,158,158],"floor_reached":16,"language":"ENG","playtime":654,"items_purged":["Strike_R"],"score":162,"play_id":"dbb0a451-c595-4bb5-8b72-6a79f59038a5","local_time":"20210204153906","is_ascension_mode":true,"campfire_choices":[{"data":"Armaments","floor":7.0,"key":"SMITH"},{"data":"Battle Trance","floor":15.0,"key":"SMITH"}],"circlet_count":0,"master_deck":["AscendersBane","Strike_R","Strike_R","Strike_R","Strike_R","Defend_R","Defend_R","Defend_R","Defend_R","Bash","HandOfGreed","Battle Trance+1","Armaments+1","Limit Break","Clothesline","Warcry","Bludgeon"],"relics":["Burning Blood","Golden Idol","Tiny Chest","Mummified Hand","Shuriken","Bag of Preparation","Membership Card","Ancient Tea Set"],"acts_visited":["Exordium"],"potions_floor_usage":[],"damage_taken":[{"damage":4.0,"enemies":"Small Slimes","floor":1.0,"turns":6.0},{"damage":2.0,"enemies":"Jaw Worm","floor":2.0,"turns":4.0},{"damage":25.0,"enemies":"Lagavulin","floor":6.0,"turns":5.0},{"damage":6.0,"enemies":"2 Louse","floor":12.0,"turns":8.0},{"damage":3.0,"enemies":"Blue Slaver","floor":13.0,"turns":3.0},{"damage":8.0,"enemies":"Gremlin Nob","floor":14.0,"turns":3.0},{"damage":28,"enemies":"Hexaghost","floor":16,"turns":9}],"seed_played":"-4748726802569380986","potions_obtained":[{"floor":2.0,"key":"AttackPotion"}],"is_trial":false,"path_per_floor":["M","M","?","?","?","E","R","$","T","T","$","M","M","E","R","B"],"character_chosen":"IRONCLAD","items_purchased":["Membership Card"],"campfire_rested":0,"item_purchase_floors":[11],"current_hp_per_floor":[53,57,57,62,44,25,25,25,25,25,25,25,28,26,26,0,0],"gold":158,"neow_bonus":"RANDOM_COLORLESS_2","is_daily":false,"chose_seed":false,"campfire_upgraded":2,"win_rate":0.0,"timestamp":1612481946,"path_taken":["M","M","?","?","?","E","R","$","T","?","$","?","M","E","R","BOSS"],"items_purchased_type":["Relic"],"build_version":"2020-12-22","purchased_purges":1,"victory":false,"max_hp_per_floor":[80,80,74,79,79,79,79,79,79,79,79,79,79,79,79,79,79],"relic_stats":{"counters":[7,38],"Golden Idol":20,"Mummified Hand":[0],"Shuriken":[1],"Tiny Chest":0,"Bag of Preparation":[8],"obtain_stats":[{"Golden Idol":3,"Mummified Hand":6,"Shuriken":9,"Tiny Chest":5,"Bag of Preparation":10,"Membership Card":11,"Ancient Tea Set":14,"Burning Blood":0},{"Golden Idol":2,"Mummified Hand":3,"Shuriken":3,"Tiny Chest":2,"Bag of Preparation":3,"Membership Card":3,"Ancient Tea Set":6,"Burning Blood":0},{"Golden Idol":10,"Mummified Hand":15,"Shuriken":15,"Tiny Chest":10,"Bag of Preparation":15,"Membership Card":15,"Ancient Tea Set":29,"Burning Blood":0}],"Burning Blood":36},"card_choices":[{"not_picked":["Secret Technique","Mayhem"],"picked":"HandOfGreed","floor":0.0},{"not_picked":["Reckless Charge","Intimidate"],"picked":"Battle Trance","floor":1.0},{"not_picked":["Perfected Strike","Infernal Blade"],"picked":"Armaments","floor":2.0},{"not_picked":["Blood for Blood","Clash"],"picked":"Limit Break","floor":6.0},{"not_picked":["Sever Soul","Clash"],"picked":"Clothesline","floor":12.0},{"not_picked":["Clash","Feel No Pain"],"picked":"Warcry","floor":13.0},{"not_picked":["Pommel Strike","Thunderclap"],"picked":"Bludgeon","floor":14.0}],"player_experience":1461500,"relics_obtained":[{"floor":6.0,"key":"Mummified Hand"},{"floor":9.0,"key":"Shuriken"},{"floor":10.0,"key":"Bag of Preparation"},{"floor":14.0,"key":"Ancient Tea Set"}],"event_choices":[{"damage_healed":0.0,"max_hp_gain":0.0,"max_hp_loss":6.0,"gold_gain":0.0,"event_name":"Golden Idol","player_choice":"Lose Max HP","floor":3.0,"gold_loss":0.0,"damage_taken":0.0,"relics_obtained":["Golden Idol"]},{"damage_healed":0.0,"max_hp_gain":5.0,"max_hp_loss":0.0,"gold_gain":0.0,"event_name":"Big Fish","player_choice":"Donut","floor":4.0,"gold_loss":0.0,"damage_taken":0.0},{"damage_healed":0.0,"max_hp_gain":0.0,"max_hp_loss":0.0,"gold_gain":0.0,"event_name":"Scrap Ooze","player_choice":"Success","floor":5.0,"gold_loss":0.0,"damage_taken":18.0,"relics_obtained":["Tiny Chest"]}],"is_beta":false,"boss_relics":[],"items_purged_floors":[8],"is_endless":false,"potions_floor_spawned":[2],"killed_by":"Hexaghost","ascension_level":10}}