{"host":"ibtxpp7hbhk6t4eo","time":1612436960,"event":{"mods":["BaseMod","Downfall","Minty Spire (QoL Compilation)","Red Circlet Mod","Relic Filter Mod","StSLib","Waifu the Spire","noobMod","【功能Mod】聪明的最终Boss"],"gold_per_floor":[118,118,118,118,118,118,150,182,207,241,241,266,282,316,316,412,412,426,341,23,41,76,104,134,159,159,59,70,95,95,5,5,104,104,119,132,161,179,191,224,257,289,289,289,303,87,121,131,131,131,131,131,56,84,84],"floor_reached":56,"language":"ZHS","playtime":1428,"items_purged":["champ:Strike","champ:Strike","champ:Defend","champ:Defend+1"],"score":2102,"play_id":"c04e820c-32b1-4b34-8ec5-1105b47c9943","local_time":"20210204190920","daily_mods":["Vintage","Heirloom","Time Dilation","Flight","downfall:ChampStances","DeadlyEvents","Elite Swarm"],"is_ascension_mode":false,"campfire_choices":[{"floor":6,"key":"RECALL"},{"data":"champ:Taunt","floor":11,"key":"SMITH"},{"data":"champ:UltimateStance","floor":15,"key":"SMITH"},{"data":"1","floor":32,"key":"LIFT"},{"data":"2","floor":49,"key":"LIFT"},{"data":"3","floor":52,"key":"LIFT"}],"circlet_count":0,"master_deck":["champ:Strike","champ:Defend","champ:Defend","champ:Execute","champ:Taunt+1","champ:TripleStrike+1","champ:IgnorePain","champ:TripleStrike","champ:UltimateStance+1","champ:SteelEdge+1","champ:EnchantSword","champ:SteelEdge"],"relics":["champ:ChampionCrownUpgraded","champ:ChampStancesModRelic","ice","CaptainsWheel","Strawberry","Bag of Preparation","Mercury Hourglass","champ:SignatureFinisher","Guardian:PocketSentry","Kunai","Omamori","Orichalcum","Meat on the Bone","Du-Vu Doll","champ:FightingForDummies","Bottled Flame","Mummified Hand","Gremlin Horn","Sundial","Girya","Matryoshka","Lantern","Regal Pillow","Thread and Needle","Lizard Tail","Sozu","champ:DeflectingBracers","Singing Bowl","Bronze Scales","Slimebound:StickyStick","Whetstone","Potion Belt","Bird Faced Urn","champ:DuelingGlove","Shuriken","Eternal Feather","Anchor","Membership Card","Ice Cream","White Beast Statue","Mango"],"acts_visited":["Exordium","TheCity","TheBeyond","TheEnding"],"potions_floor_usage":[2],"damage_taken":[{"damage":41,"enemies":"Jaw Worm","floor":1,"turns":4},{"damage":176,"enemies":"3 Sentries","floor":7,"turns":17},{"damage":144,"enemies":"Lagavulin","floor":8,"turns":18},{"damage":0,"enemies":"3 Sentries","floor":10,"turns":2},{"damage":31,"enemies":"Lagavulin","floor":12,"turns":1},{"damage":0,"enemies":"Cultist","floor":13,"turns":1},{"damage":21,"enemies":"Gremlin Nob","floor":14,"turns":1},{"damage":47,"enemies":"The Guardian","floor":16,"turns":1},{"damage":0,"enemies":"Shell Parasite","floor":18,"turns":1},{"damage":15,"enemies":"2 Thieves","floor":21,"turns":1},{"damage":0,"enemies":"Book of Stabbing","floor":22,"turns":1},{"damage":41,"enemies":"Slavers","floor":23,"turns":1},{"damage":0,"enemies":"Book of Stabbing","floor":24,"turns":1},{"damage":33,"enemies":"Slavers","floor":25,"turns":1},{"damage":27,"enemies":"3 Cultists","floor":28,"turns":1},{"damage":0,"enemies":"Gremlin Leader","floor":29,"turns":1},{"damage":10,"enemies":"Automaton","floor":33,"turns":2},{"damage":31,"enemies":"3 Darklings","floor":35,"turns":1},{"damage":0,"enemies":"Orb Walker","floor":36,"turns":1},{"damage":0,"enemies":"Giant Head","floor":37,"turns":2},{"damage":61,"enemies":"Transient","floor":38,"turns":3},{"damage":30,"enemies":"4 Shapes","floor":39,"turns":3},{"damage":0,"enemies":"Nemesis","floor":40,"turns":1},{"damage":5,"enemies":"Reptomancer","floor":41,"turns":1},{"damage":25,"enemies":"Giant Head","floor":42,"turns":2},{"damage":15,"enemies":"3 Darklings","floor":45,"turns":2},{"damage":0,"enemies":"Reptomancer","floor":47,"turns":1},{"damage":25,"enemies":"Jaw Worm Horde","floor":48,"turns":1},{"damage":18,"enemies":"Time Eater","floor":50,"turns":2},{"damage":40,"enemies":"Shield and Spear","floor":54,"turns":2},{"damage":52,"enemies":"The Heart","floor":55,"turns":2}],"seed_played":"-4880945050757121386","potions_obtained":[{"floor":2,"key":"Weak Potion"},{"floor":2,"key":"Fruit Juice"},{"floor":2,"key":"SneckoOil"},{"floor":8,"key":"champ:OpenerPotion"}],"is_trial":true,"path_per_floor":["M","?","$","?","T","R","E","E","T","E","R","E","M","E","R","B",null,"M","?","$","M","E","E","E","E","T","$","M","E","$","?","R","B",null,"M","M","E","M","M","E","E","E","T","?","M","$","E","M","R","B",null,"R","$","E","B",null],"character_chosen":"THE_CHAMP","items_purchased":["Bottled Flame","Membership Card"],"campfire_rested":0,"item_purchase_floors":[20,46],"current_hp_per_floor":[86,91,91,73,73,73,53,118,118,118,118,118,118,118,118,118,118,118,118,118,118,118,118,118,118,118,118,118,118,118,118,118,108,118,118,118,129,147,147,149,151,158,158,150,150,150,152,152,152,160,164,164,164,178,257],"gold":84,"neow_bonus":"","is_daily":false,"chose_seed":false,"campfire_upgraded":2,"win_rate":0.0,"timestamp":1612436960,"path_taken":["M","?","?","?","?","R","E","E","T","E","R","?","?","E","R","BOSS","M","?","?","?","?","E","E","E","T","$","?","?","$","?","R","BOSS","M","?","?","M","?","E","E","E","T","?","?","$","E","M","R","BOSS","R","$","E","BOSS"],"items_purchased_type":["Relic","Relic"],"build_version":"2020-12-22","purchased_purges":4,"victory":true,"max_hp_per_floor":[97,102,102,102,102,102,109,118,118,118,118,118,118,118,118,118,118,118,118,118,118,118,118,118,118,118,118,118,118,118,118,118,118,118,118,118,129,147,147,149,151,158,158,150,150,150,152,152,152,164,164,164,164,178,257],"card_choices":[{"not_picked":["champ:GladiatorForm","champ:EnchantCrown"],"picked":"champ:TripleStrike","floor":7},{"not_picked":["champ:LastStand","champ:EnchantShield"],"picked":"champ:IgnorePain","floor":8},{"not_picked":["champ:Devastate","champ:IgnorePain"],"picked":"champ:TripleStrike","floor":10},{"not_picked":["champ:IgnorePain","champ:EnchantShield"],"picked":"champ:UltimateStance","floor":12},{"not_picked":["champ:EnchantShield","champ:LastStand","champ:Devastate"],"picked":"SKIP","floor":14},{"not_picked":["champ:GladiatorForm","champ:IgnorePain"],"picked":"champ:SteelEdge","floor":16},{"not_picked":["champ:Devastate","champ:DancingMaster","champ:MurderStrike"],"picked":"SKIP","floor":22},{"not_picked":["champ:DancingMaster","champ:Devastate","champ:HeavySlash"],"picked":"SKIP","floor":23},{"not_picked":["champ:SwordThrow","champ:ShieldThrow","champ:TripleStrike"],"picked":"SKIP","floor":24},{"not_picked":["champ:CheapShot","champ:IgnorePain","champ:Devastate"],"picked":"SKIP","floor":25},{"not_picked":["champ:MurderStrike","champ:HoldFirm","champ:HeavySlash"],"picked":"SKIP","floor":29},{"not_picked":["champ:ShieldThrow","champ:MurderStrike"],"picked":"champ:EnchantSword","floor":33},{"not_picked":["champ:LastStand","champ:VampiricStrike","champ:DancingMaster"],"picked":"Singing Bowl","floor":37},{"not_picked":["champ:LastStand","champ:HoldFirm","champ:SwordThrow"],"picked":"Singing Bowl","floor":40},{"not_picked":["champ:VampiricStrike","champ:HeavySlash","champ:SwordThrow"],"picked":"Singing Bowl","floor":41},{"not_picked":["champ:GladiatorForm","champ:HoldFirm","champ:TripleStrike"],"picked":"Singing Bowl","floor":42},{"not_picked":["champ:Devastate","champ:TripleStrike","champ:IgnorePain"],"picked":"Singing Bowl","floor":47},{"not_picked":["champ:VampiricStrike","champ:LastStand"],"picked":"champ:SteelEdge","floor":54}],"player_experience":121010,"relics_obtained":[{"floor":1,"key":"Strawberry"},{"floor":7,"key":"Mercury Hourglass"},{"floor":8,"key":"champ:SignatureFinisher"},{"floor":9,"key":"Guardian:PocketSentry"},{"floor":10,"key":"Kunai"},{"floor":12,"key":"Omamori"},{"floor":13,"key":"Orichalcum"},{"floor":14,"key":"Meat on the Bone"},{"floor":18,"key":"Du-Vu Doll"},{"floor":21,"key":"Mummified Hand"},{"floor":22,"key":"Gremlin Horn"},{"floor":23,"key":"Sundial"},{"floor":24,"key":"Girya"},{"floor":25,"key":"Matryoshka"},{"floor":26,"key":"Lantern"},{"floor":26,"key":"Regal Pillow"},{"floor":28,"key":"Thread and Needle"},{"floor":29,"key":"Lizard Tail"},{"floor":35,"key":"champ:DeflectingBracers"},{"floor":36,"key":"Singing Bowl"},{"floor":37,"key":"Bronze Scales"},{"floor":38,"key":"Slimebound:StickyStick"},{"floor":39,"key":"Whetstone"},{"floor":40,"key":"Potion Belt"},{"floor":41,"key":"Bird Faced Urn"},{"floor":42,"key":"champ:DuelingGlove"},{"floor":43,"key":"Shuriken"},{"floor":43,"key":"Eternal Feather"},{"floor":45,"key":"Anchor"},{"floor":47,"key":"Ice Cream"},{"floor":48,"key":"White Beast Statue"},{"floor":54,"key":"Mango"}],"event_choices":[{"damage_healed":0,"gold_gain":0,"player_choice":"Got Potions","damage_taken":0,"max_hp_gain":0,"max_hp_loss":0,"event_name":"Lab","floor":2,"gold_loss":0},{"damage_healed":0,"gold_gain":0,"player_choice":"Success","damage_taken":18,"relics_obtained":["Bag of Preparation"],"max_hp_gain":0,"max_hp_loss":0,"event_name":"Scrap Ooze","floor":4,"gold_loss":0},{"damage_healed":0,"gold_gain":0,"player_choice":"Obtained Relic","damage_taken":0,"relics_obtained":["champ:FightingForDummies"],"max_hp_gain":0,"max_hp_loss":0,"event_name":"Addict","floor":19,"gold_loss":85},{"cards_removed":["champ:Strike"],"damage_healed":0,"gold_gain":0,"player_choice":"Upgrade and Remove","damage_taken":0,"max_hp_gain":0,"max_hp_loss":0,"event_name":"Designer","floor":31,"gold_loss":90,"cards_upgraded":["champ:Defend"]},{"damage_healed":0,"gold_gain":0,"player_choice":"Max HP","damage_taken":0,"max_hp_gain":0,"max_hp_loss":8,"event_name":"Winding Halls","floor":44,"gold_loss":0}],"is_beta":false,"boss_relics":[{"not_picked":["Calling Bell","Coffee Dripper"],"picked":"champ:ChampionCrownUpgraded"},{"not_picked":["SlaversCollar","SacredBark"],"picked":"Sozu"}],"items_purged_floors":[20,27,46,53],"is_endless":false,"potions_floor_spawned":[7,8,14,21,23,24,28,29,33,36,37,39,40,45,48,54],"ascension_level":0}}