{"host":"gk336il5jfnqajsw","time":1612479518,"event":{"mods":["2.2 Compatiblity","AchievementEnabler","BaseMod","Colored Powertips","Minty Spire (QoL Compilation)","Relic Stats","StSLib"],"gold_per_floor":[110,123,133,133,154,154,189,189,213,238,250,44,44,69,69,200,200,215,231,231,250,250,250,105,105,105,105,131,131,149,248,248,346,346,363,363,378,378,28,28,28,39,62,72,83,83,102,102,102,102,102],"floor_reached":50,"language":"ENG","playtime":2024,"items_purged":["Strike_P","Defend_P","Writhe"],"score":512,"play_id":"80509971-5717-46e7-8ec8-65449b76f985","local_time":"20210204155838","is_ascension_mode":false,"campfire_choices":[{"data":"Eruption","floor":6.0,"key":"SMITH"},{"data":"CarveReality","floor":8.0,"key":"SMITH"},{"data":"Worship","floor":13.0,"key":"SMITH"},{"floor":15.0,"key":"REST"},{"data":"MasterReality","floor":23.0,"key":"SMITH"},{"data":"Prostrate","floor":25.0,"key":"SMITH"},{"data":"Ghostly","floor":27.0,"key":"SMITH"},{"data":"Ghostly","floor":32.0,"key":"SMITH"},{"data":"SashWhip","floor":40,"key":"SMITH"},{"data":"Evaluate","floor":49,"key":"SMITH"}],"circlet_count":0,"master_deck":["Strike_P+1","Strike_P+1","Strike_P+1","Defend_P+1","Defend_P+1","Eruption+1","Vigilance+1","CutThroughFate+1","CarveReality+1","Worship+1","CarveReality+1","Prostrate+1","Ghostly+1","Ghostly+1","Ghostly+1","Ghostly+1","Ghostly+1","Prostrate+1","DeusExMachina+1","FlyingSleeves+1","SashWhip+1","SashWhip+1","BattleHymn+1","FollowUp+1","Evaluate+1"],"relics":["PureWater","Bloody Idol","Bag of Marbles","MawBank","DollysMirror","Philosopher\u0027s Stone","Lantern","Whetstone","Oddly Smooth Stone","Empty Cage","Mark of the Bloom","Akabeko","Pen Nib"],"acts_visited":["Exordium","TheCity","TheBeyond"],"potions_floor_usage":[],"damage_taken":[{"damage":0.0,"enemies":"2 Louse","floor":1.0,"turns":1.0},{"damage":2.0,"enemies":"Cultist","floor":2.0,"turns":5.0},{"damage":0.0,"enemies":"Small Slimes","floor":3.0,"turns":2.0},{"damage":0.0,"enemies":"Looter","floor":5.0,"turns":1.0},{"damage":13.0,"enemies":"3 Sentries","floor":7.0,"turns":4.0},{"damage":5.0,"enemies":"3 Louse","floor":10.0,"turns":2.0},{"damage":0.0,"enemies":"Large Slime","floor":14.0,"turns":2.0},{"damage":24.0,"enemies":"The Guardian","floor":16.0,"turns":6.0},{"damage":20.0,"enemies":"3 Byrds","floor":18.0,"turns":4.0},{"damage":0.0,"enemies":"2 Thieves","floor":19.0,"turns":1.0},{"damage":23.0,"enemies":"3 Cultists","floor":21.0,"turns":5.0},{"damage":0.0,"enemies":"Slavers","floor":28.0,"turns":5.0},{"damage":0.0,"enemies":"Centurion and Healer","floor":30.0,"turns":3.0},{"damage":34.0,"enemies":"Champ","floor":33.0,"turns":8.0},{"damage":0,"enemies":"3 Shapes","floor":35,"turns":4},{"damage":1,"enemies":"Orb Walker","floor":37,"turns":3},{"damage":4,"enemies":"Sphere and 2 Shapes","floor":42,"turns":4},{"damage":0,"enemies":"Writhing Mass","floor":44,"turns":4},{"damage":2,"enemies":"3 Darklings","floor":45,"turns":4},{"damage":0,"enemies":"Transient","floor":47,"turns":5},{"damage":36,"enemies":"Time Eater","floor":50,"turns":5}],"seed_played":"-1448711324951658101","potions_obtained":[{"floor":3.0,"key":"PowerPotion"},{"floor":5.0,"key":"Fire Potion"},{"floor":7.0,"key":"SkillPotion"},{"floor":14.0,"key":"Swift Potion"},{"floor":21.0,"key":"GamblersBrew"},{"floor":28.0,"key":"Explosive Potion"},{"floor":33.0,"key":"SpeedPotion"},{"floor":44,"key":"SpeedPotion"},{"floor":47,"key":"SteroidPotion"}],"is_trial":false,"path_per_floor":["M","M","M","?","M","R","E","R","T","M","?","$","R","M","R","B",null,"M","M","?","M","?","R","$","R","T","R","E","?","M","?","R","B",null,"M","?","M","?","$","R","?","M","T","M","M","?","M","?","R","B"],"character_chosen":"WATCHER","items_purchased":["DollysMirror","Prostrate","Weave","Akabeko"],"campfire_rested":1,"item_purchase_floors":[12,24,39,39],"current_hp_per_floor":[72,70,70,52,52,52,39,39,39,34,34,34,34,34,55,31,72,52,52,52,34,34,34,34,34,34,34,36,36,36,36,36,7,36,36,36,35,35,35,35,35,31,31,31,29,29,29,29,29,0,0],"gold":102,"neow_bonus":"ONE_RANDOM_RARE_CARD","is_daily":false,"chose_seed":false,"campfire_upgraded":9,"win_rate":0.0,"timestamp":1612479518,"path_taken":["M","M","M","?","M","R","E","R","T","M","?","$","R","M","R","BOSS","M","M","?","M","?","R","$","R","T","R","E","?","M","?","R","BOSS","M","?","M","?","?","R","?","?","T","M","M","?","?","?","R","BOSS"],"items_purchased_type":["Relic","Card","Card","Relic"],"build_version":"2020-12-22","purchased_purges":3,"victory":false,"max_hp_per_floor":[72,72,72,72,72,72,72,72,72,72,72,72,72,72,72,72,72,72,72,72,72,36,36,36,36,36,36,36,36,36,36,36,36,36,36,36,36,36,36,36,36,36,36,36,36,36,36,36,36,36,36],"relic_stats":{"Mark of the Bloom":39,"counters":[21,78],"Bloody Idol":12,"Pen Nib":[5],"Whetstone":["Strike_P","Strike_P"],"MawBank":36,"obtain_stats":[{"Lantern":26,"Mark of the Bloom":36,"Golden Idol":4,"Oddly Smooth Stone":29,"Pen Nib":43,"Whetstone":28,"MawBank":9,"Empty Cage":34,"Akabeko":39,"DollysMirror":12,"Bloody Idol":20,"Philosopher\u0027s Stone":17,"Bag of Marbles":7,"PureWater":0},{"Lantern":11,"Mark of the Bloom":15,"Golden Idol":3,"Oddly Smooth Stone":12,"Pen Nib":17,"Whetstone":12,"MawBank":5,"Empty Cage":14,"Akabeko":16,"DollysMirror":6,"Bloody Idol":10,"Philosopher\u0027s Stone":8,"Bag of Marbles":5,"PureWater":0},{"Lantern":33,"Mark of the Bloom":53,"Golden Idol":8,"Oddly Smooth Stone":38,"Pen Nib":60,"Whetstone":38,"MawBank":13,"Empty Cage":49,"Akabeko":56,"DollysMirror":15,"Bloody Idol":28,"Philosopher\u0027s Stone":23,"Bag of Marbles":13,"PureWater":0}]},"card_choices":[{"not_picked":["Crescendo","Perseverance"],"picked":"CutThroughFate","floor":1.0},{"not_picked":["SandsOfTime","EmptyFist","PathToVictory"],"picked":"SKIP","floor":2.0},{"not_picked":["Crescendo","Sanctity"],"picked":"CarveReality","floor":3.0},{"not_picked":["EmptyBody","EmptyFist","Halt"],"picked":"SKIP","floor":5.0},{"not_picked":["FlyingSleeves","EmptyFist","BowlingBash"],"picked":"SKIP","floor":7.0},{"not_picked":["FlurryOfBlows","BattleHymn"],"picked":"Worship","floor":10.0},{"not_picked":["Halt","FearNoEvil","FlurryOfBlows"],"picked":"SKIP","floor":14.0},{"not_picked":["DeusExMachina","Alpha"],"picked":"MasterReality","floor":16.0},{"not_picked":["Adaptation","Pray","Collect"],"picked":"SKIP","floor":18.0},{"not_picked":["FlurryOfBlows","WreathOfFlame"],"picked":"Prostrate+1","floor":19.0},{"not_picked":["Protect+1","FlyingSleeves","CrushJoints"],"picked":"SKIP","floor":21.0},{"not_picked":["Crescendo+1","EmptyBody","ThirdEye+1"],"picked":"SKIP","floor":28.0},{"not_picked":["Establishment","SignatureMove","Vengeance"],"picked":"SKIP","floor":30.0},{"not_picked":["Vault","Establishment"],"picked":"DeusExMachina","floor":33.0},{"not_picked":["Prostrate+1","Halt"],"picked":"FlyingSleeves+1","floor":35},{"not_picked":["CutThroughFate","JustLucky+1"],"picked":"SashWhip","floor":37},{"not_picked":["Devotion","BowlingBash","BattleHymn"],"picked":"SKIP","floor":42},{"not_picked":["BowlingBash+1","Crescendo+1"],"picked":"BattleHymn+1","floor":44},{"not_picked":["PathToVictory+1","ClearTheMind+1"],"picked":"FollowUp+1","floor":45},{"not_picked":["BowlingBash+1","Perseverance+1","Crescendo"],"picked":"SKIP","floor":47}],"player_experience":572419,"relics_obtained":[{"floor":7.0,"key":"Bag of Marbles"},{"floor":9.0,"key":"MawBank"},{"floor":26.0,"key":"Lantern"},{"floor":28.0,"key":"Whetstone"},{"floor":43,"key":"Pen Nib"}],"event_choices":[{"damage_healed":0.0,"max_hp_gain":0.0,"max_hp_loss":0.0,"gold_gain":0.0,"event_name":"Golden Idol","player_choice":"Take Damage","floor":4.0,"gold_loss":0.0,"damage_taken":18.0,"relics_obtained":["Golden Idol"]},{"cards_removed":["Devotion"],"damage_healed":0.0,"max_hp_gain":0.0,"max_hp_loss":0.0,"gold_gain":0.0,"event_name":"Purifier","player_choice":"Purged","floor":11.0,"gold_loss":0.0,"damage_taken":0.0},{"damage_healed":0.0,"max_hp_gain":0.0,"max_hp_loss":0.0,"gold_gain":0.0,"event_name":"Forgotten Altar","player_choice":"Gave Idol","floor":20.0,"relics_lost":["Golden Idol"],"gold_loss":0.0,"damage_taken":0.0,"relics_obtained":["Bloody Idol"]},{"damage_healed":0.0,"max_hp_gain":0.0,"max_hp_loss":36.0,"gold_gain":0.0,"event_name":"Ghosts","player_choice":"Became a Ghost","floor":22.0,"gold_loss":0.0,"damage_taken":0.0,"cards_obtained":["Ghostly","Ghostly","Ghostly","Ghostly","Ghostly"]},{"damage_healed":0.0,"max_hp_gain":0.0,"max_hp_loss":0.0,"gold_gain":0.0,"event_name":"The Mausoleum","player_choice":"Opened","floor":29.0,"gold_loss":0.0,"damage_taken":0.0,"relics_obtained":["Oddly Smooth Stone"]},{"damage_healed":0.0,"max_hp_gain":0.0,"max_hp_loss":0.0,"gold_gain":99.0,"event_name":"Nest","player_choice":"Stole From Cult","floor":31.0,"gold_loss":0.0,"damage_taken":0.0},{"damage_healed":0,"gold_gain":0,"player_choice":"Upgrade","damage_taken":0,"relics_obtained":["Mark of the Bloom"],"max_hp_gain":0,"max_hp_loss":0,"event_name":"MindBloom","floor":36,"gold_loss":0,"cards_upgraded":["Strike_P","Defend_P","Defend_P","Vigilance","CutThroughFate","Ghostly","Ghostly","Ghostly","DeusExMachina"]},{"damage_healed":9,"gold_gain":0,"player_choice":"Writhe","damage_taken":0,"max_hp_gain":0,"max_hp_loss":0,"event_name":"Winding Halls","floor":38,"gold_loss":0,"cards_obtained":["Writhe"]},{"damage_healed":0,"gold_gain":0,"player_choice":"Copied","damage_taken":0,"max_hp_gain":0,"max_hp_loss":0,"event_name":"Duplicator","floor":41,"gold_loss":0,"cards_obtained":["SashWhip"]},{"damage_healed":0,"gold_gain":0,"cards_transformed":["Weave"],"player_choice":"Transformed","damage_taken":0,"max_hp_gain":0,"max_hp_loss":0,"event_name":"Transmorgrifier","floor":46,"gold_loss":0,"cards_obtained":["Evaluate"]},{"damage_healed":0,"gold_gain":0,"player_choice":"Memory 1","damage_taken":0,"max_hp_gain":0,"max_hp_loss":0,"event_name":"SensoryStone","floor":48,"gold_loss":0}],"is_beta":false,"boss_relics":[{"not_picked":["Busted Crown","Sozu"],"picked":"Philosopher\u0027s Stone"},{"not_picked":["Astrolabe","Calling Bell"],"picked":"Empty Cage"}],"items_purged_floors":[12,24,39],"is_endless":false,"potions_floor_spawned":[3,5,7,14,21,28,33,44,47],"killed_by":"Time Eater","ascension_level":0}}