{"host":"37ccm3d17clopct7","time":1612449282,"event":{"mods":["BaseMod","Hermit","Lobotomy","Minty Spire (QoL Compilation)","StSLib","The Bug Knight","The Cursed","The Hierophant","The Jungle","The Runesmith"],"gold_per_floor":[110,110,120,45,67,90,90,128,128,128,145,145,182,198,198,306,306,319,319,134,149,149,188,188,188,188,519,541,557,587,610,610,712,712,729,744,47,66,66,104,104,126,126,1,1,1,14,14,14,14,14],"floor_reached":50,"language":"KOR","playtime":2558,"items_purged":["hierophant:Defend_Hierophant","hierophant:Strike_Hierophant","hierophant:Strike_Hierophant"],"score":1217,"play_id":"85d08f25-bf1a-49db-962f-9f57b8f1154f","local_time":"20210204233442","is_ascension_mode":false,"campfire_choices":[{"data":"hierophant:Punish","floor":7.0,"key":"SMITH"},{"data":"hierophant:Smite","floor":12.0,"key":"SMITH"},{"floor":15.0,"key":"REST"},{"data":"hierophant:Doomsaying","floor":24.0,"key":"SMITH"},{"floor":32.0,"key":"REST"},{"data":"hierophant:Defend_Hierophant","floor":41,"key":"PURGE"},{"floor":45,"key":"REST"},{"floor":49,"key":"REST"}],"circlet_count":0,"master_deck":["hierophant:Punish+1","hierophant:ChurchCoffers+1","hierophant:HolyVerse","hierophant:OrnateBuckler","hierophant:PassingBell","hierophant:Smite+1","hierophant:TollTheBells","hierophant:MorningPrayer","hierophant:Doomsaying+1","hierophant:Invocation","hierophant:Rebuild","hierophant:Zeal+1","hierophant:Exaltation+1","Panacea","hierophant:RepressedViolence","hierophant:FaithHealing+1","CurseOfTheBell","hierophant:Smite","hierophant:ThreeLashes+1","hierophant:MirrorShield+1","hierophant:Community+1"],"relics":["Empty Cage","TungstenRod","Mercury Hourglass","Letter Opener","Black Star","theJungle:Creamberry","Matryoshka","Orichalcum","PreservedInsect","Bottled Lightning","Anchor","Old Coin","Lizard Tail","CaptainsWheel","Calling Bell","Happy Flower","Eternal Feather","Peace Pipe","Strawberry","Calipers","Runesmith:Nanobots","Boot","Blood Vial","White Beast Statue"],"acts_visited":["Exordium","theJungle:Jungle","TheBeyond"],"potions_floor_usage":[36,42,50,50,50,50],"damage_taken":[{"damage":5.0,"enemies":"Jaw Worm","floor":1.0,"turns":5.0},{"damage":0.0,"enemies":"Cultist","floor":3.0,"turns":2.0},{"damage":0.0,"enemies":"Small Slimes","floor":5.0,"turns":2.0},{"damage":0.0,"enemies":"Blue Slaver","floor":6.0,"turns":2.0},{"damage":10.0,"enemies":"Gremlin Nob","floor":8.0,"turns":3.0},{"damage":10.0,"enemies":"Large Slime","floor":11.0,"turns":3.0},{"damage":0.0,"enemies":"3 Sentries","floor":13.0,"turns":2.0},{"damage":0.0,"enemies":"Red Slaver","floor":14.0,"turns":2.0},{"damage":22.0,"enemies":"Slime Boss","floor":16.0,"turns":4.0},{"damage":7.0,"enemies":"theJungle:Flameango_and_Byrd","floor":18.0,"turns":3.0},{"damage":2.0,"enemies":"theJungle:MUSHROOMGANG","floor":21.0,"turns":3.0},{"damage":3.0,"enemies":"theJungle:MamaSnecko","floor":23.0,"turns":6.0},{"damage":10.0,"enemies":"theJungle:Cassacara","floor":27.0,"turns":4.0},{"damage":8.0,"enemies":"theJungle:Snecko_Cultist_And_Trap","floor":28.0,"turns":6.0},{"damage":23.0,"enemies":"theJungle:JungleHuntersEncounter","floor":29.0,"turns":4.0},{"damage":2.0,"enemies":"theJungle:MamaSnecko","floor":30.0,"turns":4.0},{"damage":25.0,"enemies":"theJungle:SlimyTreeVines","floor":31.0,"turns":8.0},{"damage":10.0,"enemies":"theJungle:TotemBoss","floor":33.0,"turns":17.0},{"damage":0,"enemies":"3 Shapes","floor":35,"turns":3},{"damage":10,"enemies":"Orb Walker","floor":36,"turns":4},{"damage":0,"enemies":"3 Darklings","floor":38,"turns":4},{"damage":0,"enemies":"HollowMod:StalkingDevout","floor":40,"turns":4},{"damage":57,"enemies":"Transient","floor":42,"turns":5},{"damage":0,"enemies":"Spire Growth","floor":47,"turns":2},{"damage":187,"enemies":"Time Eater","floor":50,"turns":16}],"seed_played":"-8524447250960348036","potions_obtained":[{"floor":5.0,"key":"BlessingOfTheForge"},{"floor":11.0,"key":"EssenceOfSteel"},{"floor":13.0,"key":"Dexterity Potion"},{"floor":14.0,"key":"GamblersBrew"},{"floor":18.0,"key":"LiquidBronze"},{"floor":21.0,"key":"BlessingOfTheForge"},{"floor":28.0,"key":"Weak Potion"},{"floor":29.0,"key":"Explosive Potion"},{"floor":40,"key":"SneckoOil"},{"floor":42,"key":"EntropicBrew"},{"floor":47,"key":"SkillPotion"}],"is_trial":false,"path_per_floor":["M","?","M","$","M","M","R","E","T","?","M","R","E","M","R","B",null,"M","?","?","M","?","E","R","?","T","E","M","M","E","M","R","B",null,"M","M","$","M","?","E","R","M","T","$","R","?","M","$","R","B"],"character_chosen":"HIEROPHANT","items_purchased":["hierophant:Smite","FairyPotion","Strawberry","Calipers"],"campfire_rested":4,"item_purchase_floors":[37,37,37,37],"current_hp_per_floor":[70,70,70,70,70,70,70,60,60,60,50,50,50,50,72,50,75,68,68,68,66,75,72,72,72,72,62,54,31,29,10,32,22,75,75,65,72,72,72,72,82,25,25,25,61,61,63,63,82,0,0],"gold":14,"neow_bonus":"BOSS_RELIC","is_daily":false,"chose_seed":false,"campfire_upgraded":3,"win_rate":0.0,"timestamp":1612449282,"path_taken":["M","?","M","$","M","M","R","E","T","?","M","R","E","M","R","BOSS","M","?","?","M","?","E","R","?","T","E","M","M","E","M","R","BOSS","M","M","?","M","?","E","R","M","T","?","R","?","?","$","R","BOSS"],"items_purchased_type":["Card","Potion","Relic","Relic"],"build_version":"2020-12-22","purchased_purges":3,"victory":false,"max_hp_per_floor":[75,75,75,75,75,75,75,75,75,75,75,75,75,75,75,75,75,75,75,75,75,75,75,75,75,75,75,75,75,75,75,75,75,75,75,75,82,82,82,82,82,82,82,82,82,82,82,82,82,82,82],"card_choices":[{"not_picked":["hierophant:HammerAndAnvil","hierophant:Patience"],"picked":"hierophant:HolyVerse","floor":1.0},{"not_picked":["hierophant:HolyVerse","hierophant:FlamingChariot"],"picked":"hierophant:OrnateBuckler","floor":3.0},{"not_picked":["hierophant:Remorse","hierophant:Embezzle"],"picked":"hierophant:PassingBell","floor":5.0},{"not_picked":["hierophant:AuricBeam","hierophant:MorningPrayer"],"picked":"hierophant:Smite","floor":6.0},{"not_picked":["hierophant:Encroach","hierophant:DivineIntervention"],"picked":"hierophant:TollTheBells","floor":8.0},{"not_picked":["hierophant:Alms","hierophant:Charity"],"picked":"hierophant:MorningPrayer","floor":11.0},{"not_picked":["hierophant:Sermon","hierophant:DisplayOfPower","hierophant:Charity"],"picked":"SKIP","floor":13.0},{"not_picked":["hierophant:Mercenaries","hierophant:DisplayOfPower"],"picked":"hierophant:Doomsaying","floor":14.0},{"not_picked":["hierophant:Kindle","hierophant:WrathOfGod"],"picked":"hierophant:Invocation","floor":16.0},{"not_picked":["hierophant:HolyVerse","hierophant:OrnateJavelin"],"picked":"hierophant:Rebuild","floor":18.0},{"not_picked":["hierophant:SealAway+1","hierophant:RepressedViolence"],"picked":"hierophant:Zeal+1","floor":21.0},{"not_picked":["hierophant:RustyCrate","hierophant:RecallFunds+1"],"picked":"hierophant:Exaltation+1","floor":23.0},{"not_picked":["hierophant:SealAway+1","hierophant:PassingBell+1","hierophant:BulkyChest+1"],"picked":"SKIP","floor":27.0},{"not_picked":["hierophant:RustyCrate+1","hierophant:DisplayOfPower"],"picked":"hierophant:RepressedViolence","floor":28.0},{"not_picked":["hierophant:Purify+1","hierophant:ThreeLashes","hierophant:Zeal+1"],"picked":"SKIP","floor":29.0},{"not_picked":["hierophant:AuricForm+1","hierophant:Sermon"],"picked":"hierophant:FaithHealing+1","floor":30.0},{"not_picked":["hierophant:RustyCrate","hierophant:Racketeering+1","hierophant:FlamingChariot+1"],"picked":"SKIP","floor":31.0},{"not_picked":["hierophant:HammerAndAnvil+1","hierophant:Encroach+1"],"picked":"hierophant:Doomsaying+1","floor":35},{"not_picked":["hierophant:Zeal+1","hierophant:DisplayOfPower+1","hierophant:Mercenaries+1"],"picked":"SKIP","floor":36},{"not_picked":["hierophant:FaithHealing+1","hierophant:Sermon+1"],"picked":"hierophant:ThreeLashes+1","floor":38},{"not_picked":["hierophant:RustyCrate","hierophant:TollTheBells+1"],"picked":"hierophant:MirrorShield+1","floor":40},{"not_picked":["hierophant:Racketeering+1","hierophant:HammerAndAnvil+1","hierophant:Shelter+1"],"picked":"SKIP","floor":42},{"not_picked":["hierophant:Empathy+1","hierophant:AuricBeam+1"],"picked":"hierophant:Community+1","floor":47}],"player_experience":114318,"relics_obtained":[{"floor":8.0,"key":"TungstenRod"},{"floor":9.0,"key":"Mercury Hourglass"},{"floor":13.0,"key":"Letter Opener"},{"floor":23.0,"key":"Matryoshka"},{"floor":23.0,"key":"Orichalcum"},{"floor":26.0,"key":"PreservedInsect"},{"floor":26.0,"key":"Bottled Lightning"},{"floor":27.0,"key":"Anchor"},{"floor":27.0,"key":"Old Coin"},{"floor":30.0,"key":"Lizard Tail"},{"floor":30.0,"key":"CaptainsWheel"},{"floor":34,"key":"Happy Flower"},{"floor":34,"key":"Eternal Feather"},{"floor":34,"key":"Peace Pipe"},{"floor":40,"key":"Runesmith:Nanobots"},{"floor":40,"key":"Boot"},{"floor":43,"key":"Blood Vial"},{"floor":43,"key":"White Beast Statue"}],"event_choices":[{"damage_healed":0.0,"max_hp_gain":0.0,"max_hp_loss":0.0,"gold_gain":0.0,"event_name":"Living Wall","player_choice":"Grow","floor":2.0,"gold_loss":0.0,"damage_taken":0.0,"cards_upgraded":["hierophant:ChurchCoffers"]},{"cards_removed":["hierophant:Strike_Hierophant"],"damage_healed":0.0,"max_hp_gain":0.0,"max_hp_loss":0.0,"gold_gain":0.0,"event_name":"Purifier","player_choice":"Purged","floor":10.0,"gold_loss":0.0,"damage_taken":0.0},{"damage_healed":0.0,"max_hp_gain":0.0,"max_hp_loss":0.0,"gold_gain":0.0,"event_name":"Match and Keep!","player_choice":"1 cards matched","floor":25.0,"gold_loss":0.0,"damage_taken":0.0,"cards_obtained":["Panacea"]},{"cards_removed":["hierophant:Doomsaying"],"damage_healed":0,"gold_gain":0,"player_choice":"Removed Skill","damage_taken":0,"max_hp_gain":0,"max_hp_loss":0,"event_name":"Falling","floor":39,"gold_loss":0},{"cards_removed":["hierophant:Defend_Hierophant"],"damage_healed":0,"gold_gain":0,"player_choice":"Purged","damage_taken":0,"max_hp_gain":0,"max_hp_loss":0,"event_name":"Purifier","floor":46,"gold_loss":0}],"is_beta":false,"boss_relics":[{"not_picked":["SacredBark","Philosopher\u0027s Stone"],"picked":"Black Star"},{"not_picked":["Tiny House","Cursed Key"],"picked":"Calling Bell"}],"items_purged_floors":[4,37,44],"is_endless":false,"potions_floor_spawned":[5,11,13,14,18,21,28,29,40,42,47],"killed_by":"Time Eater","ascension_level":0}}