{"host":"8is2j71l4wmybkoi","time":1612440740,"event":{"mods":["AchievementEnabler","BaseMod","Colored Map","Minty Spire (QoL Compilation)","Rare Cards Sparkle","StSLib","SuperFastMode"],"gold_per_floor":[210,135,68,83,94,94,129,149,217,249,249,267,267,321,321,420,420,438,438,461,486,156,156,156,156],"floor_reached":24,"language":"KOR","playtime":1116,"items_purged":["Multi-Cast"],"score":422,"play_id":"1c76d492-8353-46d5-8749-9ed10d9ca9e2","local_time":"20210204211220","is_ascension_mode":true,"campfire_choices":[{"data":"Defragment","floor":6.0,"key":"SMITH"},{"data":"Zap","floor":13.0,"key":"SMITH"},{"data":"Dualcast","floor":15.0,"key":"SMITH"},{"data":"Defragment","floor":23,"key":"SMITH"}],"circlet_count":0,"master_deck":["AscendersBane","Zap+1","Dualcast+1","Chill","Defragment+1","Rebound","Ball Lightning","Sunder","FTL","Reinforced Body","Genetic Algorithm","Hologram","Fission","Leap","Thunder Strike","Lockon","Consume","Capacitor","White Noise","Beam Cell","Defragment+1"],"relics":["Cracked Core","Incense Burner","Question Card","Art of War","Golden Idol","Torii","Pandora\u0027s Box","Matryoshka"],"acts_visited":["Exordium","TheCity"],"potions_floor_usage":[21],"damage_taken":[{"damage":4.0,"enemies":"Small Slimes","floor":1.0,"turns":3.0},{"damage":2.0,"enemies":"2 Louse","floor":4.0,"turns":3.0},{"damage":0.0,"enemies":"Cultist","floor":5.0,"turns":3.0},{"damage":23.0,"enemies":"3 Sentries","floor":7.0,"turns":6.0},{"damage":12.0,"enemies":"Exordium Thugs","floor":8.0,"turns":3.0},{"damage":0.0,"enemies":"Lagavulin","floor":10.0,"turns":4.0},{"damage":0.0,"enemies":"3 Louse","floor":12.0,"turns":3.0},{"damage":3.0,"enemies":"3 Sentries","floor":14.0,"turns":5.0},{"damage":7.0,"enemies":"Hexaghost","floor":16.0,"turns":10.0},{"damage":7.0,"enemies":"Chosen","floor":18.0,"turns":3.0},{"damage":0.0,"enemies":"3 Byrds","floor":20.0,"turns":4.0},{"damage":9,"enemies":"Centurion and Healer","floor":21,"turns":6},{"damage":54,"enemies":"Gremlin Leader","floor":24,"turns":7}],"seed_played":"5186546187172814441","potions_obtained":[{"floor":7.0,"key":"DuplicationPotion"},{"floor":8.0,"key":"ColorlessPotion"},{"floor":10.0,"key":"ColorlessPotion"},{"floor":16.0,"key":"Strength Potion"},{"floor":18.0,"key":"EntropicBrew"},{"floor":20.0,"key":"Regen Potion"}],"is_trial":false,"path_per_floor":["M","?","$","M","M","R","E","M","T","E","?","M","R","E","R","B",null,"M","?","M","M","$","R","E"],"character_chosen":"DEFECT","items_purchased":["Defragment","Matryoshka"],"campfire_rested":0,"item_purchase_floors":[3,22],"current_hp_per_floor":[60,60,60,58,58,58,35,23,23,23,23,23,23,20,20,13,51,44,44,44,50,50,50,0,0],"gold":156,"neow_bonus":"HUNDRED_GOLD","is_daily":false,"chose_seed":false,"campfire_upgraded":4,"win_rate":0.0,"timestamp":1612440740,"path_taken":["M","?","$","M","M","R","E","M","T","E","?","M","R","E","R","BOSS","M","?","M","M","$","R","E"],"items_purchased_type":["Card","Relic"],"build_version":"2020-12-22","purchased_purges":1,"victory":false,"max_hp_per_floor":[71,71,71,71,71,71,71,71,71,71,64,64,64,64,64,64,64,64,64,64,64,64,64,64,64],"card_choices":[{"not_picked":["Redo","Double Energy"],"picked":"Chill","floor":1.0},{"not_picked":["Hologram","Conserve Battery"],"picked":"Rebound","floor":4.0},{"not_picked":["Reprogram","Tempest"],"picked":"Ball Lightning","floor":5.0},{"not_picked":["Skim","Hologram"],"picked":"Sunder","floor":7.0},{"not_picked":["Chaos","Leap"],"picked":"FTL","floor":8.0},{"not_picked":["Coolheaded","Gash","Skim"],"picked":"Reinforced Body","floor":10.0},{"not_picked":["Sweeping Beam","Coolheaded","Compile Driver"],"picked":"Genetic Algorithm","floor":12.0},{"not_picked":["Redo","Gash","Turbo"],"picked":"Hologram","floor":14.0},{"not_picked":["Hyperbeam","Biased Cognition","Reboot"],"picked":"Fission","floor":16.0},{"not_picked":["Loop","Hologram","Steam Power"],"picked":"Capacitor","floor":18.0},{"not_picked":["Compile Driver","Sweeping Beam","Rebound"],"picked":"Defragment","floor":20.0},{"not_picked":["Melter","Streamline","Steam","Genetic Algorithm"],"picked":"SKIP","floor":21}],"player_experience":958793,"relics_obtained":[{"floor":7.0,"key":"Incense Burner"},{"floor":9.0,"key":"Question Card"},{"floor":10.0,"key":"Art of War"},{"floor":14.0,"key":"Torii"}],"event_choices":[{"cards_removed":["Strike_B"],"damage_healed":0.0,"max_hp_gain":0.0,"max_hp_loss":0.0,"gold_gain":0.0,"event_name":"The Cleric","player_choice":"Card Removal","floor":2.0,"gold_loss":75.0,"damage_taken":0.0},{"damage_healed":0.0,"max_hp_gain":0.0,"max_hp_loss":7.0,"gold_gain":0.0,"event_name":"Golden Idol","player_choice":"Lose Max HP","floor":11.0,"gold_loss":0.0,"damage_taken":0.0,"relics_obtained":["Golden Idol"]},{"damage_healed":0.0,"max_hp_gain":0.0,"max_hp_loss":0.0,"gold_gain":0.0,"cards_transformed":["Blizzard","Redo"],"event_name":"Drug Dealer","player_choice":"Became Test Subject","floor":19.0,"gold_loss":0.0,"damage_taken":0.0,"cards_obtained":["White Noise","Beam Cell"]}],"is_beta":false,"boss_relics":[{"not_picked":["Runic Pyramid","Calling Bell"],"picked":"Pandora\u0027s Box"}],"items_purged_floors":[22],"is_endless":false,"potions_floor_spawned":[7,8,10,16,18,20],"killed_by":"Gremlin Leader","ascension_level":15}}