{"host":"l3qq6dhgi17n1wbp","time":1612450823,"event":{"mods":["BaseMod","Colored Map","Minty Spire (QoL Compilation)","SuperFastMode"],"gold_per_floor":[113,126,76,93,93,93,118,118,195,224,253,305,320,337,337,436,436,452,452,145,145,159,194,194,229,229,246,246,271,271,186,186,288,288,304,187,187,199,226,226,252,264,276,301,313,340,384,6,6,6],"floor_reached":51,"language":"KOR","playtime":1636,"items_purged":["Strike_P"],"score":830,"play_id":"85891e07-bf83-4670-92a0-ea91825c0663","local_time":"20210205000023","is_ascension_mode":true,"campfire_choices":[{"data":"FlurryOfBlows","floor":6,"key":"SMITH"},{"data":"EmptyFist","floor":8,"key":"SMITH"},{"floor":15,"key":"REST"},{"floor":24,"key":"REST"},{"floor":28,"key":"REST"},{"floor":30,"key":"REST"},{"data":"Omniscience","floor":32,"key":"SMITH"},{"floor":40,"key":"REST"},{"data":"JustLucky","floor":42,"key":"SMITH"},{"floor":49,"key":"REST"}],"circlet_count":0,"master_deck":["Strike_P","Strike_P","Strike_P","Defend_P","Defend_P+1","Defend_P","Eruption+1","Vigilance","EmptyBody","Halt+1","FlurryOfBlows+1","EmptyFist+1","MentalFortress","FlyingSleeves","Omniscience+1","FlurryOfBlows","DeusExMachina","JustLucky+1","Bandage Up","SandsOfTime","ReachHeaven","FlurryOfBlows+1","CarveReality","Eruption+1","DeceiveReality"],"relics":["PureWater","NeowsBlessing","Bronze Scales","Shuriken","GoldenEye","Odd Mushroom","Regal Pillow","Philosopher\u0027s Stone","Enchiridion","Strange Spoon","Lantern","Singing Bowl","Kunai","Tiny Chest","Meat on the Bone","VioletLotus","Bag of Marbles","MawBank","StoneCalendar","War Paint","Membership Card","Orichalcum","Damaru"],"acts_visited":["Exordium","TheCity","TheBeyond"],"potions_floor_usage":[16,16,16,25,27,33,33,33,44,46,47,50,50,50],"damage_taken":[{"damage":0,"enemies":"2 Louse","floor":1,"turns":1},{"damage":0,"enemies":"Small Slimes","floor":2,"turns":1},{"damage":0,"enemies":"Cultist","floor":4,"turns":1},{"damage":12,"enemies":"3 Sentries","floor":7,"turns":6},{"damage":5,"enemies":"Lagavulin","floor":10,"turns":3},{"damage":27,"enemies":"The Mushroom Lair","floor":11,"turns":3},{"damage":5,"enemies":"Blue Slaver","floor":13,"turns":4},{"damage":0,"enemies":"Large Slime","floor":14,"turns":3},{"damage":28,"enemies":"Hexaghost","floor":16,"turns":4},{"damage":14,"enemies":"Shell Parasite","floor":18,"turns":5},{"damage":4,"enemies":"Chosen","floor":22,"turns":4},{"damage":48,"enemies":"Slavers","floor":23,"turns":7},{"damage":30,"enemies":"Book of Stabbing","floor":25,"turns":4},{"damage":20,"enemies":"Centurion and Healer","floor":27,"turns":5},{"damage":36,"enemies":"Gremlin Leader","floor":29,"turns":7},{"damage":38,"enemies":"Automaton","floor":33,"turns":8},{"damage":21,"enemies":"3 Darklings","floor":35,"turns":5},{"damage":52,"enemies":"3 Shapes","floor":38,"turns":3},{"damage":14,"enemies":"Giant Head","floor":41,"turns":5},{"damage":30,"enemies":"Sphere and 2 Shapes","floor":44,"turns":6},{"damage":31,"enemies":"Jaw Worm Horde","floor":46,"turns":3},{"damage":30,"enemies":"Reptomancer","floor":47,"turns":4},{"damage":54,"enemies":"Awakened One","floor":50,"turns":10}],"seed_played":"739456980148791299","potions_obtained":[{"floor":2,"key":"FearPotion"},{"floor":7,"key":"Ambrosia"},{"floor":10,"key":"SteroidPotion"},{"floor":11,"key":"Dexterity Potion"},{"floor":13,"key":"DuplicationPotion"},{"floor":14,"key":"PowerPotion"},{"floor":23,"key":"SkillPotion"},{"floor":25,"key":"GamblersBrew"},{"floor":29,"key":"EntropicBrew"},{"floor":35,"key":"Weak Potion"}],"is_trial":false,"path_per_floor":["M","M","?","M","?","R","E","R","T","E","?","T","M","M","R","B",null,"M","?","$","?","M","E","R","E","T","M","R","E","R","?","R","B",null,"M","$","?","M","T","R","E","R","T","M","?","M","E","$","R","B",null],"character_chosen":"WATCHER","items_purchased":["Strange Spoon","Bandage Up","CarveReality","PowerPotion","Membership Card","Orichalcum","Damaru","Block Potion","Block Potion","Ancient Potion"],"campfire_rested":6,"item_purchase_floors":[20,20,36,36,48,48,48,48,48,48],"current_hp_per_floor":[72,72,72,72,72,72,60,60,60,55,28,28,23,23,59,31,72,58,42,42,42,46,6,42,18,18,8,45,19,57,57,57,41,80,63,63,80,46,46,82,74,74,74,50,50,31,15,15,56,22],"gold":6,"neow_bonus":"THREE_ENEMY_KILL","is_daily":false,"chose_seed":false,"campfire_upgraded":4,"win_rate":0.0,"timestamp":1612450823,"path_taken":["M","M","?","M","?","R","E","R","T","E","?","?","?","M","R","BOSS","M","?","$","?","M","E","R","E","T","M","R","E","R","?","R","BOSS","M","$","?","?","?","R","E","R","T","M","?","?","E","?","R","BOSS"],"items_purchased_type":["Relic","Card","Card","Potion","Relic","Relic","Relic","Potion","Potion","Potion"],"build_version":"2020-12-22","purchased_purges":1,"victory":true,"max_hp_per_floor":[72,72,72,72,72,72,72,72,72,72,72,72,72,72,72,72,72,72,72,72,72,72,72,72,74,74,76,76,78,78,78,78,80,80,80,80,80,82,82,82,84,84,84,86,86,86,88,88,88,88],"card_choices":[{"not_picked":["Pray","Evaluate"],"picked":"EmptyBody","floor":1},{"not_picked":["FearNoEvil","DeceiveReality"],"picked":"Halt","floor":2},{"not_picked":["Halt","Indignation"],"picked":"FlurryOfBlows","floor":4},{"not_picked":["CarveReality","DeceiveReality"],"picked":"EmptyFist","floor":7},{"not_picked":["Study","PathToVictory"],"picked":"MentalFortress","floor":10},{"not_picked":["BowlingBash","EmptyBody"],"picked":"FlyingSleeves","floor":11},{"not_picked":["FlyingSleeves","EmptyFist"],"picked":"Omniscience","floor":13},{"not_picked":["WaveOfTheHand","DeceiveReality"],"picked":"FlurryOfBlows","floor":14},{"not_picked":["DevaForm","Establishment"],"picked":"DeusExMachina","floor":16},{"not_picked":["ReachHeaven+1","EmptyBody"],"picked":"JustLucky","floor":18},{"not_picked":["SashWhip","Study+1"],"picked":"SandsOfTime","floor":22},{"not_picked":["Conclude","Nirvana"],"picked":"ReachHeaven","floor":23},{"not_picked":["DeusExMachina","SashWhip","Nirvana"],"picked":"Singing Bowl","floor":25},{"not_picked":["WindmillStrike+1","EmptyBody+1","Consecrate"],"picked":"Singing Bowl","floor":27},{"not_picked":["EmptyBody","DevaForm","ReachHeaven"],"picked":"Singing Bowl","floor":29},{"not_picked":["Blasphemy","ConjureBlade","DeusExMachina"],"picked":"Singing Bowl","floor":33},{"not_picked":["EmptyFist","CrushJoints+1"],"picked":"FlurryOfBlows+1","floor":35},{"not_picked":["ThirdEye","FollowUp+1","ReachHeaven+1"],"picked":"Singing Bowl","floor":38},{"not_picked":["Sanctity","EmptyFist","Swivel"],"picked":"Singing Bowl","floor":41},{"not_picked":["Prostrate","Consecrate+1","FlyingSleeves"],"picked":"Singing Bowl","floor":44},{"not_picked":["WheelKick+1","CutThroughFate+1"],"picked":"DeceiveReality","floor":46},{"not_picked":["FlyingSleeves","EmptyFist","Weave+1"],"picked":"Singing Bowl","floor":47}],"player_experience":234536,"relics_obtained":[{"floor":7,"key":"Bronze Scales"},{"floor":9,"key":"Shuriken"},{"floor":10,"key":"GoldenEye"},{"floor":11,"key":"Odd Mushroom"},{"floor":12,"key":"Regal Pillow"},{"floor":19,"key":"Enchiridion"},{"floor":23,"key":"Lantern"},{"floor":25,"key":"Singing Bowl"},{"floor":26,"key":"Kunai"},{"floor":29,"key":"Tiny Chest"},{"floor":39,"key":"Bag of Marbles"},{"floor":41,"key":"MawBank"},{"floor":43,"key":"StoneCalendar"},{"floor":47,"key":"War Paint"}],"event_choices":[{"cards_removed":["Defend_P"],"damage_healed":0,"gold_gain":0,"player_choice":"Card Removal","damage_taken":0,"max_hp_gain":0,"max_hp_loss":0,"event_name":"The Cleric","floor":3,"gold_loss":50},{"damage_healed":0,"gold_gain":0,"player_choice":"Grow","damage_taken":0,"max_hp_gain":0,"max_hp_loss":0,"event_name":"Living Wall","floor":5,"gold_loss":0,"cards_upgraded":["Eruption"]},{"damage_healed":0,"gold_gain":0,"player_choice":"Fought Mushrooms","damage_taken":0,"max_hp_gain":0,"max_hp_loss":0,"event_name":"Mushrooms","floor":11,"gold_loss":0},{"damage_healed":0,"gold_gain":0,"player_choice":"Obtained Book","damage_taken":16,"max_hp_gain":0,"max_hp_loss":0,"event_name":"Cursed Tome","floor":19,"gold_loss":0},{"damage_healed":0,"gold_gain":0,"player_choice":"Ignored","damage_taken":0,"max_hp_gain":0,"max_hp_loss":0,"event_name":"Beggar","floor":21,"gold_loss":0},{"damage_healed":0,"gold_gain":0,"player_choice":"Obtained Relic","damage_taken":0,"relics_obtained":["Meat on the Bone"],"max_hp_gain":0,"max_hp_loss":0,"event_name":"Addict","floor":31,"gold_loss":85},{"damage_healed":17,"gold_gain":0,"player_choice":"Full Heal","damage_taken":0,"max_hp_gain":0,"max_hp_loss":0,"event_name":"Wheel of Change","floor":37,"gold_loss":0},{"damage_healed":0,"gold_gain":0,"player_choice":"Copied","damage_taken":0,"max_hp_gain":0,"max_hp_loss":0,"event_name":"Duplicator","floor":45,"gold_loss":0,"cards_obtained":["Eruption"]}],"is_beta":false,"boss_relics":[{"not_picked":["Cursed Key","Snecko Eye"],"picked":"Philosopher\u0027s Stone"},{"not_picked":["Sozu","Pandora\u0027s Box"],"picked":"VioletLotus"}],"items_purged_floors":[20],"is_endless":false,"potions_floor_spawned":[2,7,10,11,13,14,23,25,29,35,38],"ascension_level":1}}