{"host":"ko40t1o51xotjt2v","time":1612453432,"event":{"mods":["2.2 Compatiblity","AchievementEnabler","Aspiration","BaseMod","Better Match","Better Third Choice","Better Vampires","Conspire","Downfall","Energized Spire","GifTheSpireLib","Halation","Hubris","Jedi Mod","Minty Spire (QoL Compilation)","MostiFishMod","Reliquary","Spicy Shops","Spikes Relics","StSLib","Stuff the Spire","TestMod","??????REMEMod"],"gold_per_floor":[113,133,150,75,94,125,125,125,125],"floor_reached":8,"language":"SPA","playtime":423,"items_purged":["Strike_B"],"score":81,"play_id":"6a6f0720-86a2-4745-8e9a-3adb89b5f9b9","local_time":"20210204164352","is_ascension_mode":true,"campfire_choices":[{"data":"Genetic Algorithm","floor":7,"key":"SMITH"}],"circlet_count":0,"master_deck":["Strike_B","Strike_B","Strike_B","Defend_B","Defend_B","Defend_B","Defend_B","Zap","Dualcast","MostiFishMod:PushDownKick","Ball Lightning","Double Energy","Genetic Algorithm+1"],"relics":["Cracked Core","DaveBox","testmod-TestBox","REME_ComplimentaryCards","testmod-BouquetWithThorns","SynthV:TestCard","aspiration:FaultyCoupler"],"acts_visited":["Exordium"],"potions_floor_usage":[6,8,8],"damage_taken":[{"damage":1,"enemies":"Cultist","floor":1,"turns":4},{"damage":0,"enemies":"conspire:RoseBush","floor":2,"turns":2},{"damage":2,"enemies":"Jaw Worm","floor":3,"turns":3},{"damage":6,"enemies":"Blue Slaver","floor":5,"turns":3},{"damage":22,"enemies":"Gremlin Nob","floor":6,"turns":4},{"damage":14,"enemies":"3 Sentries","floor":8,"turns":4}],"seed_played":"7455447419565670443","potions_obtained":[{"floor":1,"key":"Block Potion"},{"floor":2,"key":"sneckomod:MuddlingPotion"},{"floor":5,"key":"champ:CounterPotion"}],"is_trial":false,"path_per_floor":["M","M","M","$","M","E","R","E"],"character_chosen":"DEFECT","items_purchased":[],"campfire_rested":0,"item_purchase_floors":[],"current_hp_per_floor":[49,49,47,47,41,19,19,5,5],"gold":125,"neow_bonus":"ONE_RARE_RELIC","is_daily":false,"chose_seed":false,"campfire_upgraded":1,"win_rate":0.0,"timestamp":1612453432,"path_taken":["M","M","?","$","M","E","R","E"],"items_purchased_type":[],"build_version":"2020-12-22","purchased_purges":1,"victory":false,"max_hp_per_floor":[75,75,75,75,75,75,75,75,75],"card_choices":[{"not_picked":["FTL","Force Field"],"picked":"MostiFishMod:PushDownKick","floor":1},{"not_picked":["StuffTheSpire:LoadUp","REME_DataAnalysis","Rebound","Steam Power"],"picked":"Ball Lightning","floor":2},{"not_picked":["Compile Driver","Rebound","MostiFishMod:Prepare","Barrage","Conserve Battery"],"picked":"SKIP","floor":3},{"not_picked":["Stack","Cold Snap","jedi:BurstLightning","Barrage"],"picked":"Double Energy","floor":5},{"not_picked":["MostiFishMod:ReadyAimFire","jedi:blockon","StuffTheSpire:CleanHardDrive","Lockon"],"picked":"Genetic Algorithm","floor":6}],"player_experience":483362,"relics_obtained":[{"floor":1,"key":"SynthV:TestCard"},{"floor":6,"key":"aspiration:FaultyCoupler"}],"event_choices":[],"is_beta":false,"boss_relics":[],"items_purged_floors":[4],"is_endless":false,"potions_floor_spawned":[1,2,5],"killed_by":"3 Sentries","ascension_level":8}}