{"host":"i2ntsfwoh5q5m216","time":1612468198,"event":{"mods":["BaseMod","Downfall","Minty Spire (QoL Compilation)","StSLib"],"gold_per_floor":[99,114,133,150,150,150,150,175,175,175,194,210,228,256,276,373,373,273,287,387,402,413,413,413,425,443,64,74,89,89,105,105,105,105],"floor_reached":32,"language":"ENG","playtime":1825,"items_purged":[],"score":262,"play_id":"f1db65bc-d14a-48ca-ab72-e7f5a6fc5d05","local_time":"20210204134958","is_ascension_mode":false,"campfire_choices":[{"floor":1.0,"key":"RECALL"},{"data":"Slimebound:Equalize","floor":6.0,"key":"SMITH"},{"data":"Slimebound:WasteNot","floor":18.0,"key":"SMITH"},{"data":"Slimebound:Grow","floor":23,"key":"SMITH"},{"data":"Slimebound:Gluttony","floor":30,"key":"SMITH"}],"circlet_count":0,"master_deck":["Slimebound:Strike_Slimebound","Slimebound:Strike_Slimebound","Slimebound:Strike_Slimebound","Slimebound:Tackle","Slimebound:Defend_Slimebound","Slimebound:Defend_Slimebound","Slimebound:Defend_Slimebound","Slimebound:Defend_Slimebound","Slimebound:Split","Slimebound:CorrosiveSpit","Slimebound:Equalize+1","Slimebound:LivingWall","Slimebound:MegaLick","Slimebound:PressTheAttack+1","Slimebound:ItLooksTasty","Slimebound:Grow+1","Slimebound:RejuvenatingLick","Slimebound:MassRepurpose+1","Slimebound:WasteNot+1","Slimebound:HauntingLick","Slimebound:HauntingLick","Slimebound:LeechingTouch","Slimebound:WasteNot","Slimebound:Prepare+1","Slimebound:Schlurp+1","Slimebound:SlimeSlap","Slimebound:Gluttony+1"],"relics":["Slimebound:AbsorbEndCombat","Meat on the Bone","Pantograph","Black Star","downfall:HeartBlessingRed","CaptainsWheel","Ornamental Fan","Juzu Bracelet","War Paint"],"acts_visited":["Exordium","TheCity"],"potions_floor_usage":[20,25,26,27],"damage_taken":[{"damage":2.0,"enemies":"Jaw Worm","floor":2.0,"turns":6.0},{"damage":1.0,"enemies":"2 Louse","floor":3.0,"turns":4.0},{"damage":1.0,"enemies":"Cultist","floor":4.0,"turns":3.0},{"damage":0.0,"enemies":"Exordium Thugs","floor":5.0,"turns":1.0},{"damage":21.0,"enemies":"3 Sentries","floor":8.0,"turns":8.0},{"damage":4.0,"enemies":"Blue Slaver","floor":11.0,"turns":4.0},{"damage":9.0,"enemies":"Lots of Slimes","floor":12.0,"turns":4.0},{"damage":12.0,"enemies":"Exordium Thugs","floor":13.0,"turns":5.0},{"damage":15.0,"enemies":"Lagavulin","floor":14.0,"turns":6.0},{"damage":3.0,"enemies":"3 Louse","floor":15.0,"turns":3.0},{"damage":57.0,"enemies":"DF_ARCHETYPE_STREAMLINE","floor":16.0,"turns":8.0},{"damage":25.0,"enemies":"Chosen","floor":19.0,"turns":6.0},{"damage":61,"enemies":"Colosseum Nobs","floor":20,"turns":6},{"damage":15,"enemies":"Snake Plant","floor":21,"turns":4},{"damage":20,"enemies":"Snecko","floor":22,"turns":6},{"damage":8,"enemies":"Centurion and Healer","floor":25,"turns":5},{"damage":0,"enemies":"3 Cultists","floor":26,"turns":6},{"damage":0,"enemies":"downfall:FleeingMerchant","floor":27,"turns":4},{"damage":16,"enemies":"Snecko","floor":28,"turns":7},{"damage":12,"enemies":"Shelled Parasite and Fungi","floor":29,"turns":5},{"damage":3,"enemies":"Snake Plant","floor":31,"turns":4},{"damage":80,"enemies":"Chosen and Byrds","floor":32,"turns":7}],"seed_played":"-1163989151041185192","potions_obtained":[{"floor":2.0,"key":"SmokeBomb"},{"floor":8.0,"key":"Swift Potion"},{"floor":12.0,"key":"Slimebound:SlimyTonguePotion"},{"floor":14.0,"key":"bronze:BurnAndBuffPotion"},{"floor":15.0,"key":"Slimebound:ThreeZeroPotion"},{"floor":21,"key":"DistilledChaos"},{"floor":25,"key":"DistilledChaos"},{"floor":26,"key":"PowerPotion"},{"floor":31,"key":"BlessingOfTheForge"}],"is_trial":false,"path_per_floor":["R","M","M","M","M","R","T","E","?","?","M","M","M","E","M","B",null,"R","M","?","M","M","R","T","M","M","$","M","M","R","M","M"],"character_chosen":"SLIMEBOUND","items_purchased":["Slimebound:Schlurp","Slimebound:SlimeSlap","War Paint"],"campfire_rested":0,"item_purchase_floors":[27,27,27],"current_hp_per_floor":[71,71,71,71,71,71,71,69,69,74,76,73,70,67,70,49,76,76,53,24,29,41,41,41,43,63,69,63,63,63,73,0,0,0],"gold":105,"neow_bonus":"TEN_PERCENT_HP_BONUS","is_daily":false,"chose_seed":false,"campfire_upgraded":4,"win_rate":0.0,"timestamp":1612468198,"path_taken":["R","M","M","M","M","R","T","E","?","?","M","M","M","E","M","BOSS","R","M","?","M","M","R","T","M","M","$","M","M","R","M","M"],"items_purchased_type":["Card","Card","Relic"],"build_version":"2020-12-22","purchased_purges":0,"victory":false,"max_hp_per_floor":[71,71,71,71,71,71,71,71,71,76,76,76,76,76,76,76,76,76,76,76,76,76,76,76,76,76,76,76,76,76,76,76,76,76],"card_choices":[{"not_picked":["Slimebound:ComboTackle","Slimebound:GoopTackle"],"picked":"Slimebound:Equalize","floor":2.0},{"not_picked":["Slimebound:SlimeSpikes","Slimebound:RollThrough"],"picked":"Slimebound:LivingWall","floor":3.0},{"not_picked":["Slimebound:RollThrough","Slimebound:AcidTongue"],"picked":"Slimebound:MegaLick","floor":4.0},{"not_picked":["Slimebound:RollThrough","Slimebound:LevelUp"],"picked":"Slimebound:PressTheAttack","floor":8.0},{"not_picked":["Slimebound:GoopTackle","Slimebound:LivingWall"],"picked":"Slimebound:ItLooksTasty","floor":11.0},{"not_picked":["Slimebound:GoopTackle","Slimebound:LeechEnergy"],"picked":"Slimebound:Grow","floor":12.0},{"not_picked":["Slimebound:ComboTackle","Slimebound:TongueLash"],"picked":"Slimebound:RejuvenatingLick","floor":13.0},{"not_picked":["Slimebound:SplitMire","Slimebound:SplitAcid"],"picked":"Slimebound:MassRepurpose","floor":14.0},{"not_picked":["Slimebound:Chomp","Slimebound:SplitBruiser","Slimebound:FinishingTackle"],"picked":"SKIP","floor":15.0},{"not_picked":["Slimebound:PrepareCrush","Slimebound:OneTwoCombo"],"picked":"Slimebound:WasteNot","floor":16.0},{"not_picked":["Slimebound:GoopTackle","Slimebound:ComboTackle","Slimebound:SplitMire"],"picked":"SKIP","floor":19.0},{"not_picked":["Slimebound:ComboTackle","Slimebound:SplitMire"],"picked":"Slimebound:HauntingLick","floor":20},{"not_picked":["Slimebound:Nibble","Slimebound:Dissolve"],"picked":"Slimebound:HauntingLick","floor":21},{"not_picked":["Slimebound:ViciousTackle","Slimebound:RollThrough","Slimebound:HauntingLick"],"picked":"SKIP","floor":22},{"not_picked":["Slimebound:Nibble+1","Slimebound:TongueLash"],"picked":"Slimebound:LeechingTouch","floor":25},{"not_picked":["Slimebound:BestDefense","Slimebound:FlameTackle"],"picked":"Slimebound:WasteNot","floor":26},{"not_picked":["Slimebound:DisruptingSlam+1","Slimebound:SlimeBrawl"],"picked":"Slimebound:Prepare+1","floor":27},{"not_picked":["Slimebound:SplitAcid","Slimebound:HauntingLick+1","Slimebound:ComboTackle"],"picked":"SKIP","floor":28},{"not_picked":["Slimebound:SplitBruiser","Slimebound:Replication"],"picked":"Slimebound:Gluttony","floor":29},{"not_picked":["Slimebound:ProtectTheBoss","Slimebound:Grow","Slimebound:ViciousTackle"],"picked":"SKIP","floor":31}],"player_experience":2491,"relics_obtained":[{"floor":7.0,"key":"Meat on the Bone"},{"floor":8.0,"key":"Pantograph"},{"floor":20,"key":"CaptainsWheel"},{"floor":20,"key":"Ornamental Fan"},{"floor":24,"key":"Juzu Bracelet"}],"event_choices":[{"damage_healed":0.0,"max_hp_gain":0.0,"max_hp_loss":0.0,"gold_gain":0.0,"event_name":"Living Wall","player_choice":"Grow","floor":9.0,"gold_loss":0.0,"damage_taken":0.0,"cards_upgraded":["Slimebound:PressTheAttack"]},{"damage_healed":0.0,"max_hp_gain":5.0,"max_hp_loss":0.0,"gold_gain":0.0,"event_name":"Big Fish","player_choice":"Donut","floor":10.0,"gold_loss":0.0,"damage_taken":0.0}],"is_beta":false,"boss_relics":[{"not_picked":["bronze:MakeshiftBattery","Empty Cage"],"picked":"Black Star"}],"items_purged_floors":[],"is_endless":false,"potions_floor_spawned":[2,8,12,14,15,21,25,26,31],"killed_by":"Chosen and Byrds","ascension_level":0}}