{"host":"7gewg82ormp6yt4e","time":1612454437,"event":{"mods":["BaseMod","Block Reminder","Colored Map","DeckTracker","Highlight Path","Minty Spire (QoL Compilation)","Relic Stats","StSLib","ojb\u0027s Info Mod"],"gold_per_floor":[113,113,38,38,38,38,49,75,102,120,120,151,69,69,69,145,145,164,164,184,184,234,234,199,199,226,226,276,276,326,46,46,125,125,141,191,206,218,102,136,186,218,242,259,286,286,24,40,40,40,40,40],"floor_reached":51,"language":"JPN","playtime":3657,"items_purged":["Writhe"],"score":1445,"play_id":"b2dca0cf-96cd-47d3-87c2-a7725ff2a83c","local_time":"20210205010037","is_ascension_mode":true,"campfire_choices":[{"floor":6.0,"key":"REST"},{"data":"Eruption","floor":11,"key":"SMITH"},{"floor":15,"key":"REST"},{"data":"Ghostly","floor":23,"key":"SMITH"},{"data":"Ghostly","floor":25,"key":"SMITH"},{"data":"TalkToTheHand","floor":27,"key":"SMITH"},{"data":"Vault","floor":29,"key":"SMITH"},{"data":"MentalFortress","floor":32,"key":"SMITH"},{"floor":46,"key":"REST"},{"floor":49,"key":"RECALL"}],"circlet_count":0,"master_deck":["AscendersBane","Eruption+1","Vigilance","FearNoEvil","Adaptation","BowlingBash","ClearTheMind","FollowUp","BowlingBash","SandsOfTime+1","Crescendo","Establishment","ConjureBlade","Vault+1","DeceiveReality","InnerPeace","Ragnarok","TalkToTheHand+1","Ghostly","Ghostly+1","Ghostly+1","Wallop","Protect","MentalFortress+1","FearNoEvil","Scrawl","ThirdEye","FollowUp","CrushJoints","TalkToTheHand","EmptyMind","WaveOfTheHand","CrushJoints+1","MentalFortress","Protect+1"],"relics":["VioletLotus","Blood Vial","Letter Opener","Strawberry","Juzu Bracelet","Pandora\u0027s Box","SsserpentHead","TungstenRod","Vajra","Runic Pyramid","PreservedInsect","Darkstone Periapt","Bag of Preparation","Lantern"],"acts_visited":["Exordium","TheCity","TheBeyond"],"potions_floor_usage":[8,8,16,33,33,33,42,44,50,50],"damage_taken":[{"damage":12.0,"enemies":"Small Slimes","floor":1.0,"turns":4.0},{"damage":3.0,"enemies":"2 Louse","floor":7.0,"turns":2.0},{"damage":20,"enemies":"Lagavulin","floor":8,"turns":5},{"damage":0,"enemies":"Jaw Worm","floor":10,"turns":2},{"damage":31,"enemies":"Gremlin Nob","floor":12,"turns":4},{"damage":19,"enemies":"The Guardian","floor":16,"turns":8},{"damage":14,"enemies":"3 Byrds","floor":18,"turns":5},{"damage":4,"enemies":"2 Thieves","floor":20,"turns":4},{"damage":6,"enemies":"Champ","floor":33,"turns":11},{"damage":0,"enemies":"Orb Walker","floor":35,"turns":2},{"damage":0,"enemies":"3 Darklings","floor":37,"turns":4},{"damage":0,"enemies":"Transient","floor":38,"turns":6},{"damage":34,"enemies":"Reptomancer","floor":40,"turns":4},{"damage":0,"enemies":"Giant Head","floor":42,"turns":7},{"damage":0,"enemies":"Spire Growth","floor":44,"turns":4},{"damage":43,"enemies":"Reptomancer","floor":45,"turns":5},{"damage":0,"enemies":"Maw","floor":48,"turns":8},{"damage":14,"enemies":"Donu and Deca","floor":50,"turns":13},{"damage":35,"enemies":"Time Eater","floor":51,"turns":13}],"seed_played":"-3582449608791770798","potions_obtained":[{"floor":1.0,"key":"SteroidPotion"},{"floor":7.0,"key":"LiquidBronze"},{"floor":33,"key":"Explosive Potion"},{"floor":35,"key":"FairyPotion"},{"floor":37,"key":"FearPotion"},{"floor":42,"key":"BottledMiracle"}],"is_trial":false,"path_per_floor":["M","?","$","?","?","R","M","E","T","M","R","E","$","?","R","B",null,"M","?","M","?","?","R","?","R","T","R","?","R","?","$","R","B",null,"M","?","M","M","$","E","?","E","T","M","E","R","$","M","R","B","B"],"character_chosen":"WATCHER","items_purchased":["Adaptation","Crescendo","ColorlessPotion","Protect","MentalFortress","FearNoEvil","EntropicBrew","PreservedInsect","MentalFortress","BlessingOfTheForge","PowerPotion"],"campfire_rested":3,"item_purchase_floors":[3,13,13,31,31,31,31,39,47,47,47],"current_hp_per_floor":[49,49,49,23,23,43,42,24,31,33,33,4,4,4,26,9,59,47,37,33,33,33,33,33,33,33,33,33,33,26,26,26,22,37,39,39,41,42,42,8,22,24,24,26,14,28,28,30,30,18,0,0],"gold":40,"neow_bonus":"BOSS_RELIC","is_daily":false,"chose_seed":false,"campfire_upgraded":6,"win_rate":0.0,"timestamp":1612454437,"path_taken":["M","?","$","?","?","R","M","E","T","M","R","E","$","?","R","BOSS","M","?","M","?","?","R","?","R","T","R","?","R","?","$","R","BOSS","M","?","M","M","?","E","?","E","T","M","E","R","$","M","R","BOSS","BOSS"],"items_purchased_type":["Card","Card","Potion","Card","Card","Card","Potion","Relic","Card","Potion","Potion"],"build_version":"2020-12-22","purchased_purges":1,"victory":false,"max_hp_per_floor":[68,68,68,68,68,68,68,68,75,75,75,75,75,75,75,75,75,75,37,37,37,37,37,37,37,37,37,37,37,42,42,42,42,42,42,42,42,42,42,42,48,48,48,48,48,48,48,48,48,48,48,48],"relic_stats":{"Blood Vial":31,"Darkstone Periapt":6,"SsserpentHead":350,"counters":[19,111],"Pandora\u0027s Box":["JustLucky","ForeignInfluence","ConjureBlade","Vault","DeceiveReality","InnerPeace","Ragnarok"],"VioletLotus":[47],"PreservedInsect":253,"Juzu Bracelet":4,"Bag of Preparation":[10],"Letter Opener":[126],"obtain_stats":[{"Darkstone Periapt":40,"Lantern":45,"Vajra":26,"PreservedInsect":39,"Juzu Bracelet":12,"Bag of Preparation":42,"Letter Opener":8,"Blood Vial":4,"SsserpentHead":21,"Strawberry":9,"Pandora\u0027s Box":17,"VioletLotus":0,"PureWater":0,"TungstenRod":24,"Runic Pyramid":34},{"Darkstone Periapt":13,"Lantern":16,"Vajra":8,"PreservedInsect":12,"Juzu Bracelet":5,"Bag of Preparation":14,"Letter Opener":3,"Blood Vial":1,"SsserpentHead":8,"Strawberry":3,"Pandora\u0027s Box":6,"VioletLotus":0,"PureWater":0,"TungstenRod":8,"Runic Pyramid":9},{"Darkstone Periapt":61,"Lantern":77,"Vajra":34,"PreservedInsect":57,"Juzu Bracelet":17,"Bag of Preparation":68,"Letter Opener":11,"Blood Vial":4,"SsserpentHead":34,"Strawberry":11,"Pandora\u0027s Box":25,"VioletLotus":0,"PureWater":0,"TungstenRod":34,"Runic Pyramid":45}],"TungstenRod":28},"card_choices":[{"not_picked":["Vengeance","CrushJoints"],"picked":"FearNoEvil","floor":1.0},{"not_picked":["BowlingBash","ThirdEye"],"picked":"ClearTheMind","floor":7.0},{"not_picked":["JustLucky","FlyingSleeves"],"picked":"FollowUp","floor":8},{"not_picked":["FlyingSleeves","CrushJoints"],"picked":"BowlingBash","floor":10},{"not_picked":["Perseverance","Crescendo"],"picked":"SandsOfTime","floor":12},{"not_picked":["ConjureBlade","MasterReality"],"picked":"Establishment","floor":16},{"not_picked":["EmptyFist","Wallop"],"picked":"TalkToTheHand","floor":18},{"not_picked":["Evaluate","PathToVictory"],"picked":"Wallop","floor":20},{"not_picked":["Establishment","Judgement"],"picked":"Scrawl","floor":33},{"not_picked":["Protect","Evaluate"],"picked":"ThirdEye","floor":35},{"not_picked":["Prostrate","JustLucky"],"picked":"CrushJoints","floor":37},{"not_picked":["Consecrate","PathToVictory+1"],"picked":"TalkToTheHand","floor":38},{"not_picked":["MasterReality","Protect"],"picked":"EmptyMind","floor":40},{"not_picked":["Vengeance","Establishment"],"picked":"WaveOfTheHand","floor":42},{"not_picked":["Worship","Protect","BowlingBash"],"picked":"SKIP","floor":44},{"not_picked":["Crescendo","EmptyFist+1"],"picked":"CrushJoints+1","floor":45},{"not_picked":["ClearTheMind+1","FlurryOfBlows"],"picked":"Protect+1","floor":48}],"player_experience":2776647,"relics_obtained":[{"floor":8,"key":"Letter Opener"},{"floor":9,"key":"Strawberry"},{"floor":12,"key":"Juzu Bracelet"},{"floor":26,"key":"Vajra"},{"floor":40,"key":"Darkstone Periapt"},{"floor":42,"key":"Bag of Preparation"},{"floor":45,"key":"Lantern"}],"event_choices":[{"damage_healed":0.0,"max_hp_gain":0.0,"max_hp_loss":0.0,"gold_gain":0.0,"event_name":"The Cleric","player_choice":"Leave","floor":2.0,"gold_loss":0.0,"damage_taken":0.0},{"damage_healed":0.0,"max_hp_gain":0.0,"max_hp_loss":0.0,"gold_gain":0.0,"event_name":"Scrap Ooze","player_choice":"Success","floor":4.0,"gold_loss":0.0,"damage_taken":26.0,"relics_obtained":["Blood Vial"]},{"damage_healed":0.0,"max_hp_gain":0.0,"max_hp_loss":0.0,"gold_gain":0.0,"cards_transformed":["Strike_P"],"event_name":"Living Wall","player_choice":"Change","floor":5.0,"gold_loss":0.0,"damage_taken":0.0,"cards_obtained":["BowlingBash"]},{"damage_healed":0,"gold_gain":0,"player_choice":"Forge","damage_taken":0,"max_hp_gain":0,"max_hp_loss":0,"event_name":"Accursed Blacksmith","floor":14,"gold_loss":0,"cards_upgraded":["SandsOfTime"]},{"damage_healed":0,"gold_gain":0,"player_choice":"Became a Ghost","damage_taken":0,"max_hp_gain":0,"max_hp_loss":38,"event_name":"Ghosts","floor":19,"gold_loss":0,"cards_obtained":["Ghostly","Ghostly","Ghostly"]},{"damage_healed":0,"gold_gain":0,"player_choice":"Trade","damage_taken":0,"relics_obtained":["SsserpentHead"],"max_hp_gain":0,"max_hp_loss":0,"event_name":"FaceTrader","floor":21,"gold_loss":0},{"damage_healed":0,"gold_gain":0,"player_choice":"Ignored","damage_taken":0,"max_hp_gain":0,"max_hp_loss":0,"event_name":"The Mausoleum","floor":22,"gold_loss":0},{"damage_healed":0,"gold_gain":0,"player_choice":"Obtained Relic","damage_taken":0,"relics_obtained":["TungstenRod"],"max_hp_gain":0,"max_hp_loss":0,"event_name":"Addict","floor":24,"gold_loss":85},{"cards_removed":["JustLucky"],"damage_healed":0,"gold_gain":0,"player_choice":"Purged","damage_taken":0,"max_hp_gain":0,"max_hp_loss":0,"event_name":"Purifier","floor":28,"gold_loss":0},{"damage_healed":0,"gold_gain":0,"player_choice":"Shed Blood","damage_taken":13,"max_hp_gain":5,"max_hp_loss":0,"event_name":"Forgotten Altar","floor":30,"gold_loss":0},{"damage_healed":0,"gold_gain":0,"cards_transformed":["ForeignInfluence"],"player_choice":"Transformed","damage_taken":0,"max_hp_gain":0,"max_hp_loss":0,"event_name":"Transmorgrifier","floor":36,"gold_loss":0,"cards_obtained":["FollowUp"]},{"damage_healed":8,"gold_gain":0,"player_choice":"Writhe","damage_taken":0,"max_hp_gain":0,"max_hp_loss":0,"event_name":"Winding Halls","floor":41,"gold_loss":0,"cards_obtained":["Writhe"]}],"is_beta":false,"boss_relics":[{"not_picked":["Runic Dome","Coffee Dripper"],"picked":"Pandora\u0027s Box"},{"not_picked":["Snecko Eye","Black Star"],"picked":"Runic Pyramid"}],"items_purged_floors":[47],"is_endless":false,"potions_floor_spawned":[1,7,33,35,37,40,42],"killed_by":"Time Eater","ascension_level":20}}