{"host":"syozzdlzcqop4jia","time":1612471364,"event":{"mods":["BaseMod","Colored Map","Colored Powertips","Minty Spire (QoL Compilation)","Quick Restart"],"gold_per_floor":[113,133,152,23,42,67,67,119,142,142,157,175,189,189,189,290,290,307,77,77,77,93,93,124,124,150,150,150,162,162,182,182,285,285,297,297,297,317,0,0,0,27,99,133,152,183,183,196,196,196,196],"floor_reached":50,"language":"ENG","playtime":2253,"items_purged":["Defend_R"],"score":750,"play_id":"2904d819-3a40-4cdc-878b-b2332325add6","local_time":"20210204214244","is_ascension_mode":true,"campfire_choices":[{"data":"Pummel","floor":10,"key":"SMITH"},{"floor":15,"key":"REST"},{"floor":23,"key":"REST"},{"floor":25,"key":"REST"},{"data":"Limit Break","floor":27,"key":"SMITH"},{"data":"Pummel","floor":30,"key":"SMITH"},{"floor":32,"key":"REST"},{"floor":40,"key":"REST"},{"floor":47,"key":"REST"},{"floor":49,"key":"REST"}],"circlet_count":0,"master_deck":["Strike_R","Strike_R","Strike_R","Strike_R","Strike_R","Defend_R","Defend_R","Defend_R","Bash+1","Heavy Blade+1","Heavy Blade","Pummel+1","Shrug It Off","Rage","Pommel Strike","Flex","Pummel+1","Sword Boomerang","Immolate","Shrug It Off+1","Inflame","Sword Boomerang+1","Limit Break+1","Carnage","Fiend Fire","Anger","Madness","Madness","Anger","Demon Form"],"relics":["Burning Blood","Whetstone","Happy Flower","Bag of Preparation","SlaversCollar","Brimstone","MutagenicStrength","Gremlin Horn","Orichalcum","Fusion Hammer","Pen Nib","Red Mask","HornCleat","Eternal Feather","Toy Ornithopter","Bag of Marbles"],"acts_visited":["Exordium","TheCity","TheBeyond"],"potions_floor_usage":[6,16,22,28,31,50,50,50],"damage_taken":[{"damage":1,"enemies":"Cultist","floor":1,"turns":4},{"damage":5,"enemies":"Small Slimes","floor":2,"turns":4},{"damage":2,"enemies":"2 Louse","floor":3,"turns":2},{"damage":9,"enemies":"2 Fungi Beasts","floor":5,"turns":3},{"damage":30,"enemies":"Gremlin Nob","floor":6,"turns":4},{"damage":11,"enemies":"Large Slime","floor":11,"turns":6},{"damage":14,"enemies":"Lots of Slimes","floor":12,"turns":4},{"damage":14,"enemies":"Red Slaver","floor":13,"turns":2},{"damage":65,"enemies":"Slime Boss","floor":16,"turns":11},{"damage":31,"enemies":"Shell Parasite","floor":18,"turns":4},{"damage":12,"enemies":"2 Thieves","floor":22,"turns":2},{"damage":11,"enemies":"Slavers","floor":24,"turns":3},{"damage":0,"enemies":"Shelled Parasite and Fungi","floor":29,"turns":1},{"damage":32,"enemies":"Centurion and Healer","floor":31,"turns":3},{"damage":32,"enemies":"Automaton","floor":33,"turns":4},{"damage":0,"enemies":"Orb Walker","floor":35,"turns":1},{"damage":8,"enemies":"3 Shapes","floor":38,"turns":1},{"damage":30,"enemies":"Nemesis","floor":42,"turns":3},{"damage":0,"enemies":"Giant Head","floor":44,"turns":4},{"damage":0,"enemies":"Transient","floor":45,"turns":5},{"damage":12,"enemies":"Nemesis","floor":46,"turns":3},{"damage":0,"enemies":"Maw","floor":48,"turns":3},{"damage":108,"enemies":"Awakened One","floor":50,"turns":5}],"seed_played":"-507687523136921198","potions_obtained":[{"floor":2,"key":"BloodPotion"},{"floor":3,"key":"Energy Potion"},{"floor":5,"key":"DuplicationPotion"},{"floor":12,"key":"SmokeBomb"},{"floor":28,"key":"EssenceOfSteel"},{"floor":28,"key":"BloodPotion"},{"floor":28,"key":"SkillPotion"},{"floor":31,"key":"CultistPotion"},{"floor":33,"key":"Explosive Potion"}],"is_trial":false,"path_per_floor":["M","M","M","$","M","E","?","?","T","R","M","M","M","?","R","B",null,"M","$","?","?","M","R","E","R","T","R","?","M","R","M","R","B",null,"M","T","?","M","?","R","$","E","T","E","M","E","R","M","R","B"],"character_chosen":"IRONCLAD","items_purchased":["Shrug It Off","Inflame","Brimstone"],"campfire_rested":7,"item_purchase_floors":[4,19,19],"current_hp_per_floor":[88,88,88,88,85,76,64,64,64,64,59,51,43,43,69,10,69,44,44,27,27,21,48,43,70,70,70,88,93,93,67,93,67,87,93,93,81,79,79,93,93,69,69,75,81,75,93,93,93,0,0],"gold":196,"neow_bonus":"TEN_PERCENT_HP_BONUS","is_daily":false,"chose_seed":false,"campfire_upgraded":3,"win_rate":0.0,"timestamp":1612471364,"path_taken":["M","M","M","$","M","E","?","?","T","R","M","M","M","?","R","BOSS","M","$","?","?","M","R","E","R","T","R","?","M","R","?","R","BOSS","M","?","?","M","?","R","$","E","T","E","M","E","R","M","R","BOSS"],"items_purchased_type":["Card","Card","Relic"],"build_version":"2020-12-22","purchased_purges":1,"victory":false,"max_hp_per_floor":[88,88,88,88,88,88,88,88,88,88,88,88,88,88,88,88,88,88,88,93,93,93,93,93,93,93,93,93,93,93,93,93,93,93,93,93,93,93,93,93,93,93,93,93,93,93,93,93,93,93,93],"card_choices":[{"not_picked":["Sword Boomerang","Iron Wave"],"picked":"Heavy Blade","floor":1},{"not_picked":["Combust","Dual Wield"],"picked":"Heavy Blade","floor":2},{"not_picked":["Flame Barrier","Spot Weakness"],"picked":"Pummel","floor":3},{"not_picked":["Battle Trance","Cleave"],"picked":"Rage","floor":5},{"not_picked":["Evolve","True Grit"],"picked":"Pommel Strike","floor":6},{"not_picked":["Warcry","Evolve"],"picked":"Flex","floor":11},{"not_picked":["Combust","Power Through"],"picked":"Pummel","floor":12},{"not_picked":["Warcry","Twin Strike"],"picked":"Sword Boomerang","floor":13},{"not_picked":["Barricade","Limit Break"],"picked":"Immolate","floor":16},{"not_picked":["Ghostly Armor","Pummel"],"picked":"Shrug It Off+1","floor":18},{"not_picked":["Cleave","Whirlwind+1"],"picked":"Sword Boomerang+1","floor":22},{"not_picked":["Exhume","Anger+1"],"picked":"Limit Break","floor":24},{"not_picked":["Flex","Cleave+1"],"picked":"Carnage","floor":29},{"not_picked":["Clash+1","Headbutt","True Grit"],"picked":"SKIP","floor":31},{"not_picked":["Bludgeon","Barricade"],"picked":"Fiend Fire","floor":33},{"not_picked":["Sword Boomerang","Flex"],"picked":"Anger","floor":35},{"not_picked":["Uppercut","Dual Wield+1"],"picked":"Anger","floor":38},{"not_picked":["Second Wind","Whirlwind+1","Entrench"],"picked":"SKIP","floor":42},{"not_picked":["Clash","Armaments+1","Sword Boomerang"],"picked":"SKIP","floor":44},{"not_picked":["Clothesline+1","True Grit","Wild Strike"],"picked":"SKIP","floor":45},{"not_picked":["Body Slam+1","Carnage"],"picked":"Demon Form","floor":46},{"not_picked":["Heavy Blade","Infernal Blade","Headbutt"],"picked":"SKIP","floor":48}],"player_experience":545014,"relics_obtained":[{"floor":6,"key":"Whetstone"},{"floor":9,"key":"Bag of Preparation"},{"floor":24,"key":"Gremlin Horn"},{"floor":26,"key":"Orichalcum"},{"floor":36,"key":"Pen Nib"},{"floor":42,"key":"HornCleat"},{"floor":43,"key":"Eternal Feather"},{"floor":44,"key":"Toy Ornithopter"},{"floor":46,"key":"Bag of Marbles"}],"event_choices":[{"damage_healed":0,"gold_gain":0,"player_choice":"Success","damage_taken":12,"relics_obtained":["Happy Flower"],"max_hp_gain":0,"max_hp_loss":0,"event_name":"Scrap Ooze","floor":7,"gold_loss":0},{"damage_healed":0,"gold_gain":52,"player_choice":"Gained Gold","damage_taken":0,"max_hp_gain":0,"max_hp_loss":0,"event_name":"Golden Wing","floor":8,"gold_loss":0},{"damage_healed":0,"gold_gain":0,"player_choice":"Ignored","damage_taken":0,"max_hp_gain":0,"max_hp_loss":0,"event_name":"Golden Idol","floor":14,"gold_loss":0},{"damage_healed":0,"gold_gain":0,"player_choice":"Shed Blood","damage_taken":22,"max_hp_gain":5,"max_hp_loss":0,"event_name":"Forgotten Altar","floor":20,"gold_loss":0},{"damage_healed":0,"gold_gain":0,"player_choice":"Inject Mutagens","damage_taken":0,"relics_obtained":["MutagenicStrength"],"max_hp_gain":0,"max_hp_loss":0,"event_name":"Drug Dealer","floor":21,"gold_loss":0},{"damage_healed":0,"gold_gain":0,"player_choice":"Got Potions","damage_taken":0,"max_hp_gain":0,"max_hp_loss":0,"event_name":"Lab","floor":28,"gold_loss":0},{"damage_healed":0,"gold_gain":0,"player_choice":"Embrace Madness","damage_taken":12,"max_hp_gain":0,"max_hp_loss":0,"event_name":"Winding Halls","floor":37,"gold_loss":0,"cards_obtained":["Madness","Madness"]},{"damage_healed":0,"gold_gain":0,"player_choice":"Paid","damage_taken":0,"relics_obtained":["Red Mask"],"max_hp_gain":0,"max_hp_loss":0,"event_name":"Tomb of Lord Red Mask","floor":39,"gold_loss":317}],"is_beta":false,"boss_relics":[{"not_picked":["Runic Dome","Runic Cube"],"picked":"SlaversCollar"},{"not_picked":["Coffee Dripper","Velvet Choker"],"picked":"Fusion Hammer"}],"items_purged_floors":[4],"is_endless":false,"potions_floor_spawned":[2,3,5,12,29,31,33,38,44,46,48],"killed_by":"Awakened One","ascension_level":5}}