{"host":"8fuipfsvjht9cgcs","time":1612413614,"event":{"mods":["AchievementEnabler","BaseMod","Colored Map","Colored Powertips","DeckTracker","Friendly Minions","Kiyohime£¨?ýï£©","Marisa£¨Ùöéë¡¡Øª×âÞÞ£©","Minty Spire (QoL Compilation)","Prisma Mod","StSLib","SuperFastMode","The Cursed","The Gatherer"],"gold_per_floor":[110,110,127,137,163,163,195,195,267,267,99,99,119,17,17,17,17],"floor_reached":16,"language":"KOR","playtime":538,"items_purged":["Strike_R","Strike_R"],"score":172,"play_id":"48eeb30f-31e0-43dd-a02d-e72df3df26c7","local_time":"20210204174014","is_ascension_mode":true,"campfire_choices":[{"data":"Fiend Fire","floor":6.0,"key":"SMITH"},{"data":"Entrench","floor":8.0,"key":"SMITH"},{"data":"Uppercut","floor":10.0,"key":"SMITH"},{"data":"Body Slam","floor":12.0,"key":"SMITH"},{"data":"Entrench","floor":15.0,"key":"SMITH"}],"circlet_count":0,"master_deck":["AscendersBane","Strike_R","Strike_R","Defend_R","Defend_R","Defend_R","Defend_R","Bash","Fiend Fire+1","Uppercut+1","Pommel Strike","Ghostly Armor","Entrench+1","Body Slam+1","Entrench+1","True Grit","Body Slam"],"relics":["Burning Blood","Smiling Mask","Toy Ornithopter","Mummified Hand"],"acts_visited":["Exordium"],"potions_floor_usage":[16],"damage_taken":[{"damage":9.0,"enemies":"Jaw Worm","floor":1.0,"turns":4.0},{"damage":0.0,"enemies":"Cultist","floor":3.0,"turns":2.0},{"damage":7.0,"enemies":"2 Louse","floor":4.0,"turns":2.0},{"damage":35.0,"enemies":"Lagavulin","floor":7.0,"turns":8.0},{"damage":22.0,"enemies":"Exordium Thugs","floor":13.0,"turns":5.0},{"damage":37,"enemies":"Slime Boss","floor":16,"turns":10}],"seed_played":"1079622208404564060","potions_obtained":[{"floor":3.0,"key":"AttackPotion"},{"floor":4.0,"key":"BlessingOfTheForge"}],"is_trial":false,"path_per_floor":["M","?","M","M","T","R","E","R","T","R","$","R","M","$","R","B"],"character_chosen":"IRONCLAD","items_purchased":["Body Slam","Entrench","Body Slam"],"campfire_rested":0,"item_purchase_floors":[11,11,14],"current_hp_per_floor":[65,70,76,75,75,75,46,46,46,46,46,46,30,30,30,0,0],"gold":17,"neow_bonus":"TRANSFORM_CARD","is_daily":false,"chose_seed":false,"campfire_upgraded":5,"win_rate":0.0,"timestamp":1612413614,"path_taken":["M","?","M","M","?","R","E","R","T","R","$","R","?","?","R","BOSS"],"items_purchased_type":["Card","Card","Card"],"build_version":"2020-12-22","purchased_purges":2,"victory":false,"max_hp_per_floor":[75,80,80,80,80,80,80,80,80,80,80,80,80,80,80,80,80],"card_choices":[{"not_picked":["Wild Strike","Dual Wield"],"picked":"Uppercut","floor":1.0},{"not_picked":["Clothesline","Seeing Red"],"picked":"Pommel Strike","floor":3.0},{"not_picked":["Blood for Blood","Anger"],"picked":"Ghostly Armor","floor":4.0},{"not_picked":["Pummel","Twin Strike"],"picked":"Entrench","floor":7.0},{"not_picked":["Bloodletting","Fire Breathing"],"picked":"True Grit","floor":13.0}],"player_experience":478580,"relics_obtained":[{"floor":5.0,"key":"Smiling Mask"},{"floor":7.0,"key":"Toy Ornithopter"},{"floor":9.0,"key":"Mummified Hand"}],"event_choices":[{"damage_healed":0.0,"max_hp_gain":5.0,"max_hp_loss":0.0,"gold_gain":0.0,"event_name":"Big Fish","player_choice":"Donut","floor":2.0,"gold_loss":0.0,"damage_taken":0.0}],"is_beta":false,"boss_relics":[],"items_purged_floors":[11,14],"is_endless":false,"potions_floor_spawned":[3,4,13],"killed_by":"Slime Boss","ascension_level":15}}