{"host":"lehbxtjrpalkmwwj","time":1612460796,"event":{"mods":["Aspiration","BaseMod","Colored Map","Colored Powertips","Conspire","GungeonMod","KomeijiMod","Lobotomy","Minty Spire (QoL Compilation)","Quick Restart","Replay The Spire","Shop Mod","StSLib","The Cursed","The Poker Player","[IsaacMod]ÒÔÈö¼âËþ"],"gold_per_floor":[111,111,211,211,96,129,144,144,197,297,4,4,34,53,53,150,150,161,180,180,279,296,328,354,384,384,384,403,418,436,447,461,461,461,461],"floor_reached":34,"language":"ZHS","playtime":875,"items_purged":[],"score":452,"play_id":"45191d50-3def-4b2d-ba16-4768bb30381b","local_time":"20210205014636","is_ascension_mode":false,"campfire_choices":[{"floor":8.0,"key":"RECALL"},{"data":"EpicFetus","floor":12.0,"key":"SMITH"},{"data":"TheCursedMod:CursedWand","floor":15.0,"key":"SMITH"},{"data":"TheCursedMod:ForbiddenAlchemy","floor":27.0,"key":"SMITH"},{"data":"TheCursedMod:ManaCirculation","floor":33,"key":"SMITH"}],"circlet_count":0,"master_deck":["conspire:GhostlyDefend","conspire:GhostlyDefend","conspire:GhostlyDefend","conspire:GhostlyDefend","TheCursedMod:CursedWand+1","TheCursedMod:CleanUpWorkshop","TheCursedMod:Dregs","EpicFetus+1","TheCursedMod:Grudge","Injury","Gash+1","TheCursedMod:Wield+1","Beam Cell+1","TheCursedMod:CursedShiv+1","Pot Of Greed","Pot Of Greed","TheCursedMod:SoulCrush+1","TheCursedMod:AbyssShockwave+1","TheCursedMod:ForbiddenAlchemy+1","TheCursedMod:SurpriseAttack+1","TheCursedMod:Stigma+1","Bite+1","Bite+1","Bite+1","Bite+1","Bite+1","Pot Of Greed","TheCursedMod:SpitefulStrike+1","TheCursedMod:ReleasedStrength+1","TheCursedMod:FleshFromBone+1","Warcry+1","TheCursedMod:CursedMace+1","TheCursedMod:ManaCirculation+1","TheCursedMod:RavingStaff+1","Iron Wave+1","Pot Of Greed"],"relics":["TheCursedMod:BlackMagic101","HushsDoor","HowToJump","aspiration:Nostalgia","Iron Core","Molten Egg 2","Letter Opener","Grinning Jar","Chaos","Bag of Preparation","SacredBark","GuppysHead","BookOfRevelations","Replay:Rubber Ducky","Mercury Hourglass"],"acts_visited":["Exordium","TheCity","TheCity"],"potions_floor_usage":[29,31,34],"damage_taken":[{"damage":7.0,"enemies":"2 Louse","floor":1.0,"turns":2.0},{"damage":8.0,"enemies":"3 Sentries","floor":6.0,"turns":5.0},{"damage":11.0,"enemies":"Jaw Worm","floor":7.0,"turns":3.0},{"damage":29.0,"enemies":"Lagavulin","floor":13.0,"turns":5.0},{"damage":0.0,"enemies":"Cultist","floor":14.0,"turns":2.0},{"damage":0.0,"enemies":"Slime Boss","floor":16.0,"turns":4.0},{"damage":0.0,"enemies":"2 Thieves","floor":18.0,"turns":1.0},{"damage":1.0,"enemies":"Spheric Guardian","floor":19.0,"turns":3.0},{"damage":21.0,"enemies":"Snake Plant","floor":22.0,"turns":4.0},{"damage":15.0,"enemies":"conspire:SneckoGhost","floor":23.0,"turns":6.0},{"damage":24.0,"enemies":"Slavers","floor":25.0,"turns":3.0},{"damage":6.0,"enemies":"DemoMod:2_Veteran_bullet_kins_and_red_shotgun_kin","floor":28.0,"turns":2.0},{"damage":0,"enemies":"DemoMod:Veteran_shot_gun_kin_and_blue_shotgun_kin_with_gunsinger","floor":29,"turns":2},{"damage":0,"enemies":"DemoMod:2_Mousers","floor":30,"turns":2},{"damage":0,"enemies":"DemoMod:Red_and_blue_shotgun_kin_with_gunsinger","floor":31,"turns":2},{"damage":3,"enemies":"DemoMod:Veteran_shot_gun_kin_and_blue_shotgun_kin","floor":32,"turns":2},{"damage":51,"enemies":"DemoMod:ResourcefulRat","floor":34,"turns":6}],"seed_played":"-3600577547897804725","potions_obtained":[{"floor":6.0,"key":"Toxic Potion"},{"floor":7.0,"key":"ColorlessPotion"},{"floor":14.0,"key":"Strength Potion"},{"floor":16.0,"key":"AttackPotion"},{"floor":23.0,"key":"Block Potion"},{"floor":29,"key":"AttackPotion"},{"floor":30,"key":"FearPotion"},{"floor":31,"key":"ColorlessPotion"}],"is_trial":false,"path_per_floor":["M","?","?","?","$","E","M","R","T","?","$","R","E","M","R","B",null,"M","M","?","?","M","E","T","E","T","R","M","M","M","M","M","R","B"],"character_chosen":"THE_CURSED","items_purchased":["DemoMod:GnawedKey","Grinning Jar","Chaos","GuppysHead"],"campfire_rested":0,"item_purchase_floors":[5,11,11,17],"current_hp_per_floor":[68,68,68,68,68,60,49,49,49,49,49,49,20,20,20,20,65,65,64,45,45,33,33,33,15,45,45,45,45,45,45,42,42,0,0],"gold":461,"neow_bonus":"NOSTALGIA","is_daily":false,"chose_seed":false,"campfire_upgraded":4,"win_rate":0.0,"timestamp":1612460796,"path_taken":["M","?","?","?","$","E","M","R","T","?","$","R","E","M","R","BOSS","M","M","?","?","M","E","?","E","T","R","M","M","M","M","M","R","BOSS"],"items_purchased_type":["Relic","Relic","Card","Relic"],"build_version":"2020-12-22","purchased_purges":0,"victory":false,"max_hp_per_floor":[75,75,75,75,75,75,75,75,75,75,75,75,75,75,75,75,65,65,65,45,45,45,45,45,45,45,45,45,45,45,45,45,45,45,45],"card_choices":[{"not_picked":[],"picked":"EpicFetus","floor":0.0},{"not_picked":["TheCursedMod:CircleOfCorruption","Steam Power"],"picked":"TheCursedMod:Grudge","floor":1.0},{"not_picked":["Rebound+1","Seeing Red"],"picked":"Gash+1","floor":3.0},{"not_picked":["TheCursedMod:LuckyCharm","Flex"],"picked":"TheCursedMod:Wield+1","floor":6.0},{"not_picked":["Warcry","TheCursedMod:Grudge"],"picked":"Beam Cell+1","floor":7.0},{"not_picked":["WeaponsOverheat","TheCursedMod:BlessingInDisguise"],"picked":"TheCursedMod:CursedShiv+1","floor":10.0},{"not_picked":["Genetic Algorithm","TheCursedMod:Hemoplague"],"picked":"TheCursedMod:SoulCrush+1","floor":13.0},{"not_picked":["Cold Snap+1","TheCursedMod:NeowsMight"],"picked":"TheCursedMod:AbyssShockwave+1","floor":14.0},{"not_picked":["TheCursedMod:CursedRelics+1","ReplayTheSpireMod:Omega Cannon+1"],"picked":"TheCursedMod:ForbiddenAlchemy","floor":16.0},{"not_picked":["TheCursedMod:FleshFromBone","TheCursedMod:Stretching+1"],"picked":"TheCursedMod:SurpriseAttack+1","floor":18.0},{"not_picked":["TheCursedMod:ReleasedKnowledge","TheCursedMod:Wield+1"],"picked":"TheCursedMod:Stigma+1","floor":19.0},{"not_picked":["TheCursedMod:CircleOfFlame+1","TheCursedMod:BlessingInDisguise"],"picked":"TheCursedMod:SpitefulStrike+1","floor":22.0},{"not_picked":["TheCursedMod:Wield+1","TheCursedMod:Torture+1"],"picked":"TheCursedMod:ReleasedStrength+1","floor":23.0},{"not_picked":["TheCursedMod:VitalStrike+1","TheCursedMod:Torture+1"],"picked":"TheCursedMod:FleshFromBone+1","floor":25.0},{"not_picked":["Heavy Blade+1","Headbutt+1"],"picked":"Warcry+1","floor":28.0},{"not_picked":["TheCursedMod:ReleasedKnowledge","Hologram+1"],"picked":"TheCursedMod:CursedMace+1","floor":29},{"not_picked":["WeaponsOverheat","Fire Breathing"],"picked":"TheCursedMod:ManaCirculation","floor":30},{"not_picked":["Steam Power+1","Beam Cell+1"],"picked":"TheCursedMod:RavingStaff+1","floor":31},{"not_picked":["WeaponsOverheat","Whirlwind+1"],"picked":"Iron Wave+1","floor":32}],"player_experience":120891,"relics_obtained":[{"floor":6.0,"key":"Letter Opener"},{"floor":13.0,"key":"Bag of Preparation"},{"floor":23.0,"key":"BookOfRevelations"},{"floor":24.0,"key":"Replay:Rubber Ducky"},{"floor":25.0,"key":"Mercury Hourglass"}],"event_choices":[{"damage_healed":0.0,"max_hp_gain":0.0,"max_hp_loss":0.0,"gold_gain":0.0,"event_name":"conspire:LoneGhost","player_choice":"Agree","floor":4.0,"gold_loss":0.0,"damage_taken":0.0},{"damage_healed":0.0,"max_hp_gain":0.0,"max_hp_loss":20.0,"gold_gain":0.0,"event_name":"Vampires","player_choice":"Became a vampire","floor":20.0,"gold_loss":0.0,"damage_taken":0.0,"cards_obtained":["Bite","Bite","Bite","Bite","Bite"]},{"damage_healed":0.0,"max_hp_gain":0.0,"max_hp_loss":0.0,"gold_gain":99.0,"event_name":"Nest","player_choice":"Stole From Cult","floor":21.0,"gold_loss":0.0,"damage_taken":0.0}],"is_beta":false,"boss_relics":[{"not_picked":["ReplayTheSpireMod:Shallot","PokeGo"],"picked":"SacredBark"},{"not_picked":[]}],"items_purged_floors":[],"is_endless":false,"potions_floor_spawned":[6,7,14,16,23,29,30,31],"killed_by":"DemoMod:ResourcefulRat","ascension_level":0}}