{"host":"pmmuxs046gii331m","time":1612466788,"event":{"mods":["AchievementEnabler","BaseMod","Colored Powertips","Downfall","Gold Saver","Infinite Spire","Minty Spire (QoL Compilation)","Permanent Neow","Quick Restart","StSLib"],"gold_per_floor":[298,298,298,312,40,75,75,86,111,184,184,84,96,50,50,148,148,160,176,51,51,69,94,107,107,132,144,188,200,212,212],"floor_reached":30,"language":"ENG","playtime":2087,"items_purged":["Defend_R","Strike_R","Strike_R"],"score":291,"play_id":"53ebbc10-1abd-4a36-b60f-0a548e21020d","local_time":"20210204142628","is_ascension_mode":false,"campfire_choices":[{"data":"True Grit","floor":11,"key":"SMITH"},{"data":"Armaments","floor":15,"key":"SMITH"},{"data":"Body Slam","floor":25,"key":"SMITH"},{"data":"Demon Form","floor":27,"key":"SMITH"}],"circlet_count":0,"master_deck":["Defend_R","Defend_R","Defend_R","Bash+1","Iron Wave","Body Slam+1","True Grit+1","Pommel Strike","Armaments+1","Demon Form+1","Shrug It Off+1","Bite","Bite","Bite","Bite","Bite","Whirlwind","Pain","Limit Break"],"relics":["Burning Blood","Nunchaku","Oddly Smooth Stone","Cursed Key","Darkstone Periapt","MawBank","Incense Burner"],"acts_visited":["Exordium","TheCity"],"potions_floor_usage":[6,16,16,28,30],"damage_taken":[{"damage":11,"enemies":"2 Louse","floor":1,"turns":3},{"damage":1,"enemies":"Cultist","floor":4,"turns":3},{"damage":20,"enemies":"Gremlin Nob","floor":6,"turns":4},{"damage":6,"enemies":"Jaw Worm","floor":8,"turns":3},{"damage":1,"enemies":"Blue Slaver","floor":13,"turns":4},{"damage":41,"enemies":"Hexaghost","floor":16,"turns":9},{"damage":0,"enemies":"Chosen","floor":18,"turns":5},{"damage":6,"enemies":"Shell Parasite","floor":19,"turns":5},{"damage":31,"enemies":"3 Cultists","floor":22,"turns":6},{"damage":58,"enemies":"Nightmare","floor":23,"turns":10},{"damage":20,"enemies":"Snake Plant","floor":24,"turns":5},{"damage":43,"enemies":"Book of Stabbing","floor":28,"turns":6},{"damage":10,"enemies":"Shelled Parasite and Fungi","floor":30,"turns":1}],"seed_played":"-5980309682350014824","potions_obtained":[{"floor":1,"key":"Explosive Potion"},{"floor":4,"key":"Ancient Potion"},{"floor":8,"key":"LiquidBronze"},{"floor":24,"key":"sneckomod:MuddlingPotion"},{"floor":28,"key":"SkillPotion"}],"is_trial":false,"path_per_floor":["M","?","?","M","$","E","?","M","T","T","R","$","M","$","R","B",null,"M","M","$","?","M","NM","M","R","T","R","E","?","M"],"character_chosen":"IRONCLAD","items_purchased":["Iron Wave","Blood Vial","Armaments"],"campfire_rested":0,"item_purchase_floors":[5,5,14],"current_hp_per_floor":[75,75,75,80,80,66,71,73,73,73,73,73,80,80,80,47,85,85,85,85,85,68,33,22,22,28,28,8,8,0,0],"gold":212,"neow_bonus":"UPGRADE_CARD","is_daily":false,"chose_seed":false,"campfire_upgraded":4,"win_rate":0.0,"timestamp":1612466788,"path_taken":["M","?","?","?","?","E","?","M","T","?","R","$","M","?","R","BOSS","M","?","$","?","M","NM","M","R","T","R","E","?","M"],"items_purchased_type":["Card","Relic","Card"],"build_version":"2020-12-22","purchased_purges":3,"victory":false,"max_hp_per_floor":[80,80,80,80,80,80,85,85,85,85,85,85,85,85,85,85,85,85,85,85,85,85,85,85,85,91,91,91,91,91,91],"card_choices":[{"not_picked":["Headbutt","Dual Wield","Heavy Blade"],"picked":"SKIP","floor":1},{"not_picked":["Thunderclap","Feel No Pain","Havoc"],"picked":"SKIP","floor":4},{"not_picked":["Power Through","Feel No Pain"],"picked":"Body Slam","floor":6},{"not_picked":["Inflame","Evolve"],"picked":"True Grit","floor":8},{"not_picked":["Sever Soul","Shockwave"],"picked":"Pommel Strike","floor":13},{"not_picked":["Corruption","Immolate"],"picked":"Demon Form","floor":16},{"not_picked":["Sword Boomerang","True Grit"],"picked":"Shrug It Off+1","floor":18},{"not_picked":["Clash","Flex+1","Seeing Red"],"picked":"SKIP","floor":19},{"not_picked":["Warcry","Sword Boomerang+1","Intimidate+1"],"picked":"SKIP","floor":22},{"not_picked":["Flex","Clash"],"picked":"Whirlwind","floor":23},{"not_picked":["Clash","Blood for Blood","Perfected Strike"],"picked":"SKIP","floor":24},{"not_picked":["Headbutt+1","Wild Strike"],"picked":"Limit Break","floor":28}],"player_experience":461576,"relics_obtained":[{"floor":6,"key":"Nunchaku"},{"floor":9,"key":"Oddly Smooth Stone"},{"floor":23,"key":"Darkstone Periapt"},{"floor":26,"key":"MawBank"},{"floor":28,"key":"Incense Burner"}],"event_choices":[{"damage_healed":0,"gold_gain":0,"player_choice":"Ignored","damage_taken":0,"max_hp_gain":0,"max_hp_loss":0,"event_name":"Liars Game","floor":2,"gold_loss":0},{"cards_removed":["Strike_R"],"damage_healed":0,"gold_gain":0,"player_choice":"Purged","damage_taken":0,"max_hp_gain":0,"max_hp_loss":0,"event_name":"Purifier","floor":3,"gold_loss":0},{"damage_healed":0,"gold_gain":0,"player_choice":"Donut","damage_taken":0,"max_hp_gain":5,"max_hp_loss":0,"event_name":"Big Fish","floor":7,"gold_loss":0},{"damage_healed":0,"gold_gain":0,"player_choice":"Became a vampire (Vial)","damage_taken":0,"max_hp_gain":0,"max_hp_loss":0,"event_name":"Vampires","floor":21,"relics_lost":["Blood Vial"],"gold_loss":0,"cards_obtained":["Bite","Bite","Bite","Bite","Bite"]}],"is_beta":false,"boss_relics":[{"not_picked":["Runic Cube","SacredBark"],"picked":"Cursed Key"}],"items_purged_floors":[5,12,20],"is_endless":false,"potions_floor_spawned":[1,4,8,24,28],"killed_by":"Shelled Parasite and Fungi","ascension_level":0}}