{"host":"e8062yfkmywf26f0","time":1612455173,"event":{"mods":["AchievementEnabler","BaseMod","Colored Map","Minty Spire (QoL Compilation)","Quick Restart","Shop Mod","StSLib"],"gold_per_floor":[113,131,131,131,143,143,156,156,182,182,197,100,100,113,113,213,213,232,332,76,42,42,42],"floor_reached":22,"language":"ENG","playtime":942,"items_purged":[],"score":176,"play_id":"b5a0b3b7-54dc-4852-ba2a-b7e39ed14514","local_time":"20210204161253","is_ascension_mode":false,"campfire_choices":[{"data":"Berserk","floor":6,"key":"SMITH"},{"data":"Bash","floor":8,"key":"SMITH"},{"data":"Uppercut","floor":10,"key":"SMITH"},{"data":"Iron Wave","floor":13,"key":"SMITH"},{"data":"Iron Wave","floor":15,"key":"SMITH"}],"circlet_count":0,"master_deck":["Strike_R","Strike_R","Strike_R","Strike_R","Defend_R","Defend_R","Defend_R","Defend_R","Bash+1","Berserk+1","Shrug It Off","Uppercut+1","Iron Wave+1","Iron Wave+1","Offering","Infernal Blade"],"relics":["Burning Blood","Toy Ornithopter","Mark of Pain","Shuriken"],"acts_visited":["Exordium","TheCity"],"potions_floor_usage":[],"damage_taken":[{"damage":4,"enemies":"Cultist","floor":1,"turns":3},{"damage":6,"enemies":"2 Louse","floor":2,"turns":2},{"damage":3,"enemies":"Jaw Worm","floor":5,"turns":4},{"damage":4,"enemies":"3 Louse","floor":7,"turns":6},{"damage":9,"enemies":"2 Fungi Beasts","floor":11,"turns":4},{"damage":19,"enemies":"Large Slime","floor":14,"turns":6},{"damage":49,"enemies":"The Guardian","floor":16,"turns":11},{"damage":20,"enemies":"3 Byrds","floor":18,"turns":7},{"damage":43,"enemies":"2 Thieves","floor":21,"turns":5},{"damage":0,"enemies":"Cultist and Chosen","floor":22,"turns":1}],"seed_played":"-1145818601166440030","potions_obtained":[{"floor":1,"key":"CultistPotion"},{"floor":2,"key":"Block Potion"},{"floor":11,"key":"LiquidMemories"}],"is_trial":false,"path_per_floor":["M","M","?","?","M","R","M","R","T","R","M","$","R","M","R","B",null,"M","?","$","M","M"],"character_chosen":"IRONCLAD","items_purchased":["FairyPotion","Shuriken"],"campfire_rested":0,"item_purchase_floors":[12,20],"current_hp_per_floor":[80,80,85,85,85,85,85,85,85,85,82,82,82,69,69,26,85,71,71,71,34,34,34],"gold":42,"neow_bonus":"ONE_RANDOM_RARE_CARD","is_daily":false,"chose_seed":false,"campfire_upgraded":5,"win_rate":0.0,"timestamp":1612455173,"path_taken":["M","M","?","?","?","R","M","R","T","R","M","$","R","M","R","BOSS","M","?","$","?","M"],"items_purchased_type":["Potion","Relic"],"build_version":"2020-12-22","purchased_purges":0,"victory":false,"max_hp_per_floor":[80,80,85,85,85,85,85,85,85,85,85,85,85,85,85,85,85,85,85,85,85,85,85],"card_choices":[{"not_picked":["Evolve","Body Slam"],"picked":"Shrug It Off","floor":1},{"not_picked":["Headbutt","Clothesline"],"picked":"Uppercut","floor":2},{"not_picked":["Twin Strike","Clash","Armaments"],"picked":"SKIP","floor":5},{"not_picked":["Blood for Blood","Brutality","Sentinel"],"picked":"SKIP","floor":7},{"not_picked":["Sword Boomerang","Combust"],"picked":"Iron Wave","floor":11},{"not_picked":["Headbutt","Rampage"],"picked":"Iron Wave","floor":14},{"not_picked":["Exhume","Fiend Fire"],"picked":"Offering","floor":16},{"not_picked":["Anger+1","Perfected Strike"],"picked":"Infernal Blade","floor":18},{"not_picked":["Infernal Blade","Heavy Blade","Burning Pact+1"],"picked":"SKIP","floor":21}],"player_experience":50402,"relics_obtained":[{"floor":9,"key":"Toy Ornithopter"}],"event_choices":[{"damage_healed":0,"gold_gain":0,"player_choice":"Donut","damage_taken":0,"max_hp_gain":5,"max_hp_loss":0,"event_name":"Big Fish","floor":3,"gold_loss":0},{"cards_removed":["Strike_R"],"damage_healed":0,"gold_gain":0,"player_choice":"Offered Basic","damage_taken":0,"max_hp_gain":0,"max_hp_loss":0,"event_name":"Bonfire Elementals","floor":4,"gold_loss":0},{"damage_healed":0,"gold_gain":100,"player_choice":"Pray","damage_taken":0,"max_hp_gain":0,"max_hp_loss":0,"event_name":"Golden Shrine","floor":19,"gold_loss":0}],"is_beta":false,"boss_relics":[{"not_picked":["Fusion Hammer","Empty Cage"],"picked":"Mark of Pain"}],"items_purged_floors":[],"is_endless":false,"potions_floor_spawned":[1,2,11,16,18],"killed_by":"Cultist and Chosen","ascension_level":0}}