{"host":"qc8p2flj7wsy3zpg","time":1612450152,"event":{"mods":["BaseMod","Highlight Path","Minty Spire (QoL Compilation)","Monster List Patch","Relic Stats","StSLib"],"gold_per_floor":[110,35,35,46,62,62,62,92,164,164,175,200,14,30,30,107,107,79,79,79,98,117,151,151,169,169,169,219,219,219,219,219],"floor_reached":31,"language":"ENG","playtime":1087,"items_purged":["Decay","Strike_B"],"score":551,"play_id":"49db7873-43e0-41cd-9e73-997f386ed78b","local_time":"20210204084912","is_ascension_mode":true,"campfire_choices":[{"data":"Ball Lightning","floor":7.0,"key":"SMITH"},{"floor":10.0,"key":"REST"},{"floor":15.0,"key":"REST"},{"data":"Doom and Gloom","floor":24.0,"key":"SMITH"},{"data":"Consume","floor":29.0,"key":"SMITH"}],"circlet_count":0,"master_deck":["AscendersBane","Defend_B+1","Defend_B+1","Defend_B+1","Defend_B+1","Zap","Dualcast+1","Barrage+1","Ball Lightning","Ball Lightning+1","Doom and Gloom+1","Leap","Sunder","Loop","Conserve Battery","Creative AI","Coolheaded","Bite","Bite","Bite","Bite","Bite","BootSequence","Go for the Eyes","Consume+1","Glacier"],"relics":["Cracked Core","TungstenRod","War Paint","Bottled Flame","CaptainsWheel","Coffee Dripper","Omamori","Sundial"],"acts_visited":["Exordium","TheCity"],"potions_floor_usage":[],"damage_taken":[{"damage":4.0,"enemies":"Jaw Worm","floor":1.0,"turns":4.0},{"damage":5.0,"enemies":"Cultist","floor":4.0,"turns":3.0},{"damage":0.0,"enemies":"2 Louse","floor":5.0,"turns":3.0},{"damage":25.0,"enemies":"3 Sentries","floor":8.0,"turns":6.0},{"damage":0.0,"enemies":"Red Slaver","floor":11.0,"turns":3.0},{"damage":20.0,"enemies":"Lagavulin","floor":12.0,"turns":4.0},{"damage":6.0,"enemies":"Exordium Wildlife","floor":14.0,"turns":4.0},{"damage":10.0,"enemies":"The Guardian","floor":16.0,"turns":7.0},{"damage":17.0,"enemies":"2 Thieves","floor":18.0,"turns":4.0},{"damage":1.0,"enemies":"Spheric Guardian","floor":21.0,"turns":4.0},{"damage":16.0,"enemies":"Snecko","floor":22.0,"turns":5.0},{"damage":27.0,"enemies":"Book of Stabbing","floor":23.0,"turns":5.0},{"damage":0.0,"enemies":"Sentry and Sphere","floor":25.0,"turns":4.0},{"damage":44,"enemies":"Gremlin Leader","floor":31,"turns":6}],"seed_played":"7677058478745438478","potions_obtained":[{"floor":1.0,"key":"PotionOfCapacity"},{"floor":11.0,"key":"BlessingOfTheForge"},{"floor":12.0,"key":"Ancient Potion"},{"floor":21.0,"key":"Explosive Potion"}],"is_trial":false,"path_per_floor":["M","$","?","M","M","?","R","E","T","R","M","E","$","M","R","B",null,"M","?","?","M","M","E","R","M","T","?","?","R","?","E"],"character_chosen":"DEFECT","items_purchased":["Loop"],"campfire_rested":2,"item_purchase_floors":[13],"current_hp_per_floor":[60,60,60,55,55,46,46,21,21,42,42,22,22,16,37,27,60,43,43,43,48,33,16,16,24,24,24,24,24,24,0,0],"gold":219,"neow_bonus":"ONE_RARE_RELIC","is_daily":false,"chose_seed":false,"campfire_upgraded":3,"win_rate":0.0,"timestamp":1612450152,"path_taken":["M","$","?","?","M","?","R","E","T","R","?","E","$","M","R","BOSS","M","?","?","M","?","E","R","M","T","?","?","R","?","E"],"items_purchased_type":["Card"],"build_version":"2020-12-22","purchased_purges":2,"victory":false,"max_hp_per_floor":[71,71,71,71,71,71,71,71,71,71,71,71,71,71,71,71,71,71,49,49,49,49,49,49,49,49,49,49,49,49,49,49],"relic_stats":{"counters":[14,61],"Sundial":[0],"War Paint":["Dualcast","Defend_B"],"obtain_stats":[{"Bottled Flame":9,"CaptainsWheel":12,"Sundial":26,"Coffee Dripper":17,"Omamori":23,"War Paint":8,"Cracked Core":0,"TungstenRod":0},{"Bottled Flame":4,"CaptainsWheel":6,"Sundial":13,"Coffee Dripper":8,"Omamori":12,"War Paint":4,"Cracked Core":0,"TungstenRod":0},{"Bottled Flame":16,"CaptainsWheel":23,"Sundial":55,"Coffee Dripper":33,"Omamori":51,"War Paint":16,"Cracked Core":0,"TungstenRod":0}],"TungstenRod":33},"card_choices":[{"not_picked":["Turbo","Darkness"],"picked":"Barrage","floor":1.0},{"not_picked":["Sweeping Beam","Amplify"],"picked":"Ball Lightning","floor":4.0},{"not_picked":["Beam Cell","Loop"],"picked":"Ball Lightning","floor":5.0},{"not_picked":["Barrage","Darkness"],"picked":"Doom and Gloom","floor":8.0},{"not_picked":["Scrape","Rebound"],"picked":"Leap","floor":11.0},{"not_picked":["Beam Cell","Redo"],"picked":"Sunder","floor":12.0},{"not_picked":["Redo","Auto Shields"],"picked":"Conserve Battery","floor":14.0},{"not_picked":["Machine Learning","Rainbow"],"picked":"Creative AI","floor":16.0},{"not_picked":["Sweeping Beam","Redo"],"picked":"Coolheaded","floor":18.0},{"not_picked":["Gash","Melter+1"],"picked":"BootSequence","floor":21.0},{"not_picked":["Hello World+1","Blizzard"],"picked":"Go for the Eyes","floor":23.0},{"not_picked":["Streamline","Rip and Tear"],"picked":"Consume","floor":25.0}],"player_experience":2311150,"relics_obtained":[{"floor":8.0,"key":"War Paint"},{"floor":9.0,"key":"Bottled Flame"},{"floor":12.0,"key":"CaptainsWheel"},{"floor":23.0,"key":"Omamori"},{"floor":26.0,"key":"Sundial"}],"event_choices":[{"damage_healed":0.0,"max_hp_gain":0.0,"max_hp_loss":0.0,"gold_gain":0.0,"event_name":"Accursed Blacksmith","player_choice":"Forge","floor":3.0,"gold_loss":0.0,"damage_taken":0.0,"cards_upgraded":["Barrage"]},{"damage_healed":0.0,"max_hp_gain":0.0,"max_hp_loss":0.0,"gold_gain":0.0,"event_name":"Wheel of Change","player_choice":"Damaged","floor":6.0,"gold_loss":0.0,"damage_taken":10.0},{"damage_healed":0.0,"max_hp_gain":0.0,"max_hp_loss":22.0,"gold_gain":0.0,"event_name":"Vampires","player_choice":"Became a vampire","floor":19.0,"gold_loss":0.0,"damage_taken":0.0,"cards_obtained":["Bite","Bite","Bite","Bite","Bite"]},{"damage_healed":0.0,"max_hp_gain":0.0,"max_hp_loss":0.0,"gold_gain":0.0,"event_name":"Back to Basics","player_choice":"Simplicity","floor":20.0,"gold_loss":0.0,"damage_taken":0.0,"cards_upgraded":["Defend_B","Defend_B","Defend_B"]},{"damage_healed":0.0,"max_hp_gain":0.0,"max_hp_loss":0.0,"gold_gain":0.0,"event_name":"Ghosts","player_choice":"Ignored","floor":27.0,"gold_loss":0.0,"damage_taken":0.0},{"damage_healed":0.0,"max_hp_gain":0.0,"max_hp_loss":0.0,"gold_gain":50.0,"event_name":"Nest","player_choice":"Stole From Cult","floor":28.0,"gold_loss":0.0,"damage_taken":0.0},{"damage_healed":0.0,"max_hp_gain":0.0,"max_hp_loss":0.0,"gold_gain":0.0,"event_name":"The Library","player_choice":"Read","floor":30.0,"gold_loss":0.0,"damage_taken":0.0,"cards_obtained":["Glacier"]}],"is_beta":false,"boss_relics":[{"not_picked":["Runic Dome","Empty Cage"],"picked":"Coffee Dripper"}],"items_purged_floors":[2,13],"is_endless":false,"potions_floor_spawned":[1,11,12,14,21,22],"killed_by":"Gremlin Leader","ascension_level":20}}