{"host":"iyj530209nkhhjuz","time":1612453700,"event":{"mods":["AchievementEnabler","BaseMod","Better Match","Better Note","Better Third Choice","BetterRewards","Colored Map","Colored Powertips","Dark Map","Fox Events","Highlight Path","Minty Spire (QoL Compilation)","Permanent Neow","Random Character Button","Rare Cards Sparkle","Relic Stats","StSLib","Waifu the Spire"],"gold_per_floor":[110,127,127,127,5,45,60,103,130,5,5,23,23,36,36,164,164,180,180,150,170,71,71,87,118,144,178,93,108,146,27,27,152,152,168,184,6,6,69,108,108,143,143,183,26,49,49,49,49,49,49,49,49,87,87],"floor_reached":56,"language":"ENG","playtime":4864,"items_purged":["Defend_B","Strike_B","Strike_B"],"score":2224,"play_id":"70f2ad92-8d63-4328-b614-512514e1c2c8","local_time":"20210204164820","is_ascension_mode":true,"campfire_choices":[{"data":"Tempest","floor":11.0,"key":"SMITH"},{"data":"Zap","floor":13.0,"key":"SMITH"},{"data":"Reinforced Body","floor":15.0,"key":"SMITH"},{"data":"Electrodynamics","floor":23.0,"key":"SMITH"},{"data":"Defragment","floor":32.0,"key":"SMITH"},{"data":"Tempest","floor":41.0,"key":"SMITH"},{"data":"Tempest","floor":47,"key":"SMITH"},{"floor":49,"key":"RECALL"},{"data":"Thunder Strike","floor":52,"key":"SMITH"}],"circlet_count":0,"master_deck":["AscendersBane","Strike_B+1","Defend_B","Defend_B","Defend_B","Zap+1","Dualcast","Chill","Skim","Capacitor","Reinforced Body+1","Cold Snap","Self Repair","Thunder Strike+1","Tempest+1","Electrodynamics+1","Consume+1","Malaise+1","Ball Lightning+1","Cold Snap","Chill","Tempest+1","Defragment+1","Machine Learning","Glacier","Blizzard+1","Tempest+1","Tempest+1","Chill+1","Machine Learning","Malaise+1","Auto Shields+1","Loop+1"],"relics":["Cracked Core","DataDisk","Blood Vial","Golden Idol","Strawberry","Art of War","Orichalcum","Coffee Dripper","Mercury Hourglass","Centennial Puzzle","Pocketwatch","Cables","Inserter","Chemical X","Torii","Lizard Tail","Happy Flower","Turnip","Eternal Feather","DollysMirror","Whetstone"],"acts_visited":["Exordium","TheCity","TheBeyond","TheEnding"],"potions_floor_usage":[55],"damage_taken":[{"damage":3.0,"enemies":"Small Slimes","floor":1.0,"turns":4.0},{"damage":9.0,"enemies":"Jaw Worm","floor":2.0,"turns":2.0},{"damage":4.0,"enemies":"Lagavulin","floor":6.0,"turns":8.0},{"damage":3.0,"enemies":"Cultist","floor":7.0,"turns":3.0},{"damage":24.0,"enemies":"Gremlin Nob","floor":8.0,"turns":5.0},{"damage":0.0,"enemies":"Looter","floor":12.0,"turns":2.0},{"damage":0.0,"enemies":"3 Louse","floor":14.0,"turns":2.0},{"damage":9.0,"enemies":"The Guardian","floor":16.0,"turns":11.0},{"damage":2.0,"enemies":"2 Thieves","floor":18.0,"turns":2.0},{"damage":0.0,"enemies":"Spheric Guardian","floor":21.0,"turns":2.0},{"damage":12.0,"enemies":"Snake Plant","floor":24.0,"turns":3.0},{"damage":0.0,"enemies":"Gremlin Leader","floor":25.0,"turns":6.0},{"damage":4.0,"enemies":"Slavers","floor":27.0,"turns":3.0},{"damage":0.0,"enemies":"Cultist and Chosen","floor":29.0,"turns":3.0},{"damage":2.0,"enemies":"Book of Stabbing","floor":30.0,"turns":5.0},{"damage":0.0,"enemies":"Champ","floor":33.0,"turns":7.0},{"damage":0.0,"enemies":"3 Darklings","floor":35.0,"turns":3.0},{"damage":0.0,"enemies":"Orb Walker","floor":36.0,"turns":3.0},{"damage":0.0,"enemies":"Mind Bloom Boss Battle","floor":39.0,"turns":4.0},{"damage":7.0,"enemies":"Nemesis","floor":40.0,"turns":5.0},{"damage":21,"enemies":"Reptomancer","floor":42,"turns":5},{"damage":7,"enemies":"Nemesis","floor":44,"turns":5},{"damage":6,"enemies":"3 Darklings","floor":46,"turns":4},{"damage":10,"enemies":"Time Eater","floor":50,"turns":7},{"damage":28,"enemies":"Shield and Spear","floor":54,"turns":3},{"damage":59,"enemies":"The Heart","floor":55,"turns":9}],"seed_played":"-1966555160511411547","potions_obtained":[{"floor":6.0,"key":"Energy Potion"},{"floor":7.0,"key":"PowerPotion"},{"floor":8.0,"key":"PowerPotion"},{"floor":14.0,"key":"SpeedPotion"},{"floor":18.0,"key":"Energy Potion"},{"floor":20.0,"key":"EssenceOfDarkness"},{"floor":20.0,"key":"Block Potion"},{"floor":30.0,"key":"FairyPotion"}],"is_trial":false,"path_per_floor":["M","M","?","?","$","E","M","E","T","$","R","M","R","M","R","B",null,"M","?","?","M","$","R","M","E","T","E","?","M","E","$","R","B",null,"M","M","$","?","?","E","R","E","T","E","$","M","R","$","R","B",null,"R","$","E","B",null],"character_chosen":"DEFECT","items_purchased":["DistilledChaos","Chill","DataDisk","Blood Vial","DistilledChaos","Cold Snap","Self Repair","Cold Snap","Chill","Glacier","Blizzard","Chemical X","Tempest","DollysMirror"],"campfire_rested":0,"item_purchase_floors":[0,0,0,0,0,5,5,22,22,31,31,37,37,45],"current_hp_per_floor":[51,44,26,26,26,38,44,29,29,29,29,31,31,40,40,40,72,79,79,79,82,82,82,77,82,82,78,78,82,82,82,82,82,82,82,82,82,72,81,75,75,63,63,65,65,68,82,82,82,79,81,82,82,61,11],"gold":87,"neow_bonus":"","is_daily":false,"chose_seed":false,"campfire_upgraded":8,"win_rate":0.0,"timestamp":1612453700,"path_taken":["M","M","?","?","$","E","M","E","T","$","R","M","R","M","R","BOSS","M","?","?","?","$","R","M","E","T","E","?","M","E","$","R","BOSS","M","M","$","?","?","E","R","E","T","E","$","M","R","?","R","BOSS","R","$","E","BOSS"],"items_purchased_type":["Potion","Card","Relic","Relic","Potion","Card","Card","Card","Card","Card","Card","Relic","Card","Relic"],"build_version":"2020-12-22","purchased_purges":3,"victory":true,"max_hp_per_floor":[75,75,75,75,75,82,82,82,82,82,82,82,82,82,82,82,82,82,82,82,82,82,82,82,82,82,82,82,82,82,82,82,82,82,82,82,82,82,82,82,82,82,82,82,82,82,82,82,82,82,82,82,82,82,82],"relic_stats":{"Inserter":[24],"Torii":55,"Happy Flower":[9],"counters":[114,544],"Golden Idol":217,"Eternal Feather":15,"Whetstone":["Strike_R","Bash","Strike_B","Blizzard"],"Orichalcum":[150],"Mercury Hourglass":[600],"Cables":[51,36,15,0,0],"Blood Vial":35,"Centennial Puzzle":[42],"Lizard Tail":48,"Turnip":[2],"Art of War":[52],"Chemical X":[39],"obtain_stats":[{"Tiny House":34,"CeramicFish":40,"Vajra":43,"Runic Capacitor":36,"Ginger":17,"Whetstone":54,"Sozu":34,"Blood Vial":0,"Lizard Tail":40,"Centennial Puzzle":41,"HornCleat":12,"Sundial":46,"DollysMirror":45,"Strawberry":0,"Prayer Wheel":46,"Kunai":26,"Toxic Egg 2":43,"Pear":53,"Happy Flower":42,"Blue Candle":26,"Astrolabe":34,"Eternal Feather":42,"Pen Nib":8,"Letter Opener":41,"War Paint":23,"Question Card":6,"Akabeko":0,"Cables":30,"Du-Vu Doll":46,"OrangePellets":14,"Bottled Flame":40,"Bronze Scales":7,"Bird Faced Urn":23,"Molten Egg 2":17,"foxEvents:LuckyCharm":2,"Black Star":17,"Symbiotic Virus":54,"Pocketwatch":28,"Darkstone Periapt":25,"Regal Pillow":23,"Torii":27,"Mango":29,"Ancient Tea Set":29,"Pantograph":24,"Tiny Chest":17,"WingedGreaves":0,"Chemical X":37,"Cracked Core":0,"Potion Belt":14,"Inserter":34,"Golden Idol":11,"Thread and Needle":21,"The Courier":9,"PreservedInsect":47,"Omamori":27,"Frozen Egg 2":0,"Orichalcum":9,"Medical Kit":48,"Mercury Hourglass":48,"Calling Bell":17,"DataDisk":26,"Anchor":54,"betterThird:SlimedRelic":4,"Turnip":6,"Art of War":2,"Coffee Dripper":17,"Membership Card":0,"Toy Ornithopter":0},{"Tiny House":48,"CeramicFish":80,"Vajra":28,"Runic Capacitor":24,"Ginger":14,"Whetstone":113,"Sozu":76,"Blood Vial":88,"Lizard Tail":80,"Centennial Puzzle":81,"HornCleat":11,"Sundial":83,"DollysMirror":110,"Strawberry":60,"Prayer Wheel":30,"Kunai":44,"Toxic Egg 2":81,"Pear":58,"Happy Flower":109,"Blue Candle":19,"Astrolabe":23,"Eternal Feather":28,"Pen Nib":36,"Letter Opener":81,"War Paint":73,"Question Card":35,"Akabeko":5,"Cables":103,"Du-Vu Doll":55,"OrangePellets":68,"Bottled Flame":27,"Bronze Scales":10,"Bird Faced Urn":18,"Molten Egg 2":14,"foxEvents:LuckyCharm":7,"Black Star":69,"Symbiotic Virus":59,"Pocketwatch":101,"Darkstone Periapt":19,"Regal Pillow":73,"Torii":74,"Mango":75,"Ancient Tea Set":45,"Pantograph":44,"Tiny Chest":14,"WingedGreaves":60,"Chemical X":106,"Cracked Core":0,"Potion Belt":13,"Inserter":104,"Golden Idol":37,"Thread and Needle":16,"The Courier":10,"PreservedInsect":31,"Omamori":74,"Frozen Egg 2":32,"Orichalcum":93,"Medical Kit":31,"Mercury Hourglass":85,"Calling Bell":14,"DataDisk":73,"Anchor":87,"betterThird:SlimedRelic":1,"Turnip":3,"Art of War":1,"Coffee Dripper":96,"Membership Card":60,"Toy Ornithopter":32},{"Tiny House":197,"CeramicFish":382,"Vajra":100,"Runic Capacitor":85,"Ginger":41,"Whetstone":535,"Sozu":367,"Blood Vial":428,"Lizard Tail":382,"Centennial Puzzle":389,"HornCleat":28,"Sundial":399,"DollysMirror":521,"Strawberry":288,"Prayer Wheel":105,"Kunai":168,"Toxic Egg 2":389,"Pear":276,"Happy Flower":516,"Blue Candle":61,"Astrolabe":83,"Eternal Feather":100,"Pen Nib":133,"Letter Opener":389,"War Paint":347,"Question Card":130,"Akabeko":16,"Cables":489,"Du-Vu Doll":249,"OrangePellets":320,"Bottled Flame":97,"Bronze Scales":26,"Bird Faced Urn":56,"Molten Egg 2":41,"foxEvents:LuckyCharm":21,"Black Star":331,"Symbiotic Virus":283,"Pocketwatch":481,"Darkstone Periapt":61,"Regal Pillow":347,"Torii":352,"Mango":357,"Ancient Tea Set":173,"Pantograph":168,"Tiny Chest":41,"WingedGreaves":288,"Chemical X":502,"Cracked Core":0,"Potion Belt":35,"Inserter":496,"Golden Idol":136,"Thread and Needle":49,"The Courier":26,"PreservedInsect":109,"Omamori":352,"Frozen Egg 2":120,"Orichalcum":450,"Medical Kit":109,"Mercury Hourglass":411,"Calling Bell":41,"DataDisk":347,"Anchor":420,"betterThird:SlimedRelic":2,"Turnip":10,"Art of War":2,"Coffee Dripper":465,"Membership Card":288,"Toy Ornithopter":120}],"Pocketwatch":[51]},"card_choices":[{"not_picked":["Steam Power","Reinforced Body"],"picked":"Skim","floor":1.0},{"not_picked":["Sweeping Beam","Chill"],"picked":"Capacitor","floor":2.0},{"not_picked":["Undo","Steam Power"],"picked":"Thunder Strike","floor":6.0},{"not_picked":["Leap","Hologram","Streamline"],"picked":"SKIP","floor":7.0},{"not_picked":["Streamline","Gash"],"picked":"Tempest","floor":8.0},{"not_picked":["Hello World","Go for the Eyes","Ball Lightning"],"picked":"SKIP","floor":12.0},{"not_picked":["Sweeping Beam","Heatsinks","Hologram"],"picked":"SKIP","floor":14.0},{"not_picked":["Echo Form","Buffer"],"picked":"Electrodynamics","floor":16.0},{"not_picked":["Go for the Eyes","Skim"],"picked":"Consume+1","floor":18.0},{"not_picked":["Chaos","Consume"],"picked":"Ball Lightning+1","floor":21.0},{"not_picked":["Streamline","Gash","Steam"],"picked":"SKIP","floor":24.0},{"not_picked":["Chaos","Steam"],"picked":"Tempest","floor":25.0},{"not_picked":["Genetic Algorithm","Self Repair"],"picked":"Defragment","floor":27.0},{"not_picked":["Stack+1","Steam"],"picked":"Machine Learning","floor":29.0},{"not_picked":["Redo+1","Turbo","Force Field"],"picked":"SKIP","floor":30.0},{"not_picked":["Compile Driver+1","Rip and Tear","Streamline+1"],"picked":"SKIP","floor":35.0},{"not_picked":["Storm","Chaos","Self Repair"],"picked":"SKIP","floor":36.0},{"not_picked":["Static Discharge+1","Compile Driver"],"picked":"Tempest+1","floor":39.0},{"not_picked":["Skim","Turbo+1","Steam+1"],"picked":"SKIP","floor":40.0},{"not_picked":["Chaos+1","Genetic Algorithm+1"],"picked":"Chill+1","floor":42},{"not_picked":["Reboot","Redo"],"picked":"Machine Learning","floor":44},{"not_picked":["Go for the Eyes+1","Gash+1"],"picked":"Auto Shields+1","floor":46},{"not_picked":["Cold Snap","BootSequence+1"],"picked":"Loop+1","floor":54}],"player_experience":478048,"relics_obtained":[{"floor":6.0,"key":"Strawberry"},{"floor":8.0,"key":"Art of War"},{"floor":9.0,"key":"Orichalcum"},{"floor":25.0,"key":"Mercury Hourglass"},{"floor":27.0,"key":"Centennial Puzzle"},{"floor":30.0,"key":"Cables"},{"floor":39.0,"key":"Torii"},{"floor":40.0,"key":"Lizard Tail"},{"floor":42,"key":"Happy Flower"},{"floor":43,"key":"Turnip"},{"floor":44,"key":"Eternal Feather"},{"floor":54,"key":"Whetstone"}],"event_choices":[{"damage_healed":0.0,"max_hp_gain":0.0,"max_hp_loss":0.0,"gold_gain":0.0,"event_name":"Golden Idol","player_choice":"Take Damage","floor":3.0,"gold_loss":0.0,"damage_taken":18.0,"relics_obtained":["Golden Idol"]},{"damage_healed":0.0,"max_hp_gain":0.0,"max_hp_loss":0.0,"gold_gain":0.0,"cards_transformed":["Strike_B"],"event_name":"Living Wall","player_choice":"Change","floor":4.0,"gold_loss":0.0,"damage_taken":0.0,"cards_obtained":["Reinforced Body"]},{"cards_removed":["Malaise"],"damage_healed":0.0,"max_hp_gain":0.0,"max_hp_loss":0.0,"gold_gain":0.0,"event_name":"betterNote:BetterNote","player_choice":"Take \u0026 Give","floor":19.0,"gold_loss":0.0,"damage_taken":0.0,"cards_obtained":["Malaise"]},{"damage_healed":0.0,"max_hp_gain":0.0,"max_hp_loss":0.0,"gold_gain":0.0,"event_name":"The Woman in Blue","player_choice":"Bought 2 Potions","floor":20.0,"gold_loss":0.0,"damage_taken":0.0},{"damage_healed":0.0,"max_hp_gain":0.0,"max_hp_loss":0.0,"gold_gain":0.0,"event_name":"Addict","player_choice":"Obtained Relic","floor":28.0,"gold_loss":85.0,"damage_taken":0.0,"relics_obtained":["Pocketwatch"]},{"damage_healed":0.0,"max_hp_gain":0.0,"max_hp_loss":0.0,"gold_gain":0.0,"event_name":"SensoryStone","player_choice":"Memory 3","floor":38.0,"gold_loss":0.0,"damage_taken":10.0},{"damage_healed":0.0,"max_hp_gain":0.0,"max_hp_loss":0.0,"gold_gain":0.0,"event_name":"MindBloom","player_choice":"Fight","floor":39.0,"gold_loss":0.0,"damage_taken":0.0}],"is_beta":false,"boss_relics":[{"not_picked":["SacredBark","Cursed Key"],"picked":"Coffee Dripper"},{"not_picked":["Snecko Eye","SlaversCollar"],"picked":"Inserter"}],"items_purged_floors":[0,0,10],"is_endless":false,"potions_floor_spawned":[6,7,8,14,18,24,29,30,40,42,54],"ascension_level":10}}