{"host":"t9zjxed0utvsfjwc","time":1612415971,"event":{"mods":["2.2 Compatiblity","Aspiration","BaseMod","Better Altar","Better Match","Better Note","Better Sensory Stone","Better Skull","Better Third Choice","Block Reminder","Colored Map","Colored Powertips","Custom Start","Downfall","Hermit","Highlight Path","Hubris","Infinite Spire","Marisa????????","Minty Spire (QoL Compilation)","Quick Restart","Rare Cards Sparkle","Reliquary","Replay The Spire","StSLib","The Cursed","The Marked","The Runesmith","Unceasing Turn Reminder","everything is the same but u backflip on backflip"],"gold_per_floor":[116,116,191,201,201,201,218,143,167,186,197,211,241,141,141,239,239,255,255,270,289,303,303,303],"floor_reached":23,"language":"ENG","playtime":903,"items_purged":["Strike_R","Strike_R"],"score":195,"play_id":"cbce3612-7ea3-4e77-b2c8-6ecc097d2a4c","local_time":"20210204051931","is_ascension_mode":false,"campfire_choices":[{"data":"Iron Wave","floor":6,"key":"SMITH"}],"circlet_count":0,"master_deck":["Strike_R","Strike_R","Strike_R","Defend_R","Defend_R","Defend_R","Bash","Iron Wave+1","Spreading Infection","Pommel Strike","hubris:DuctTapeCard+2","Corruption"],"relics":["Burning Blood","Ring of Fury","hubris:DuctTape","hubris:Backtick","Unceasing Top"],"acts_visited":["Exordium","TheCity"],"potions_floor_usage":[11,18,18,21,21,22],"damage_taken":[{"damage":11,"enemies":"Small Slimes","floor":1,"turns":3},{"damage":3,"enemies":"Jaw Worm","floor":4,"turns":3},{"damage":2,"enemies":"Cultist","floor":7,"turns":3},{"damage":12,"enemies":"Lots of Slimes","floor":10,"turns":5},{"damage":2,"enemies":"Exordium Thugs","floor":11,"turns":4},{"damage":1,"enemies":"3 Louse","floor":12,"turns":3},{"damage":20,"enemies":"Lagavulin","floor":13,"turns":6},{"damage":21,"enemies":"Slime Boss","floor":16,"turns":10},{"damage":3,"enemies":"3 Byrds","floor":18,"turns":4},{"damage":0,"enemies":"2 Thieves","floor":20,"turns":1},{"damage":22,"enemies":"Sentry and Sphere","floor":21,"turns":4},{"damage":20,"enemies":"Centurion and Healer","floor":22,"turns":6},{"damage":61,"enemies":"Gremlin Leader","floor":23,"turns":6}],"seed_played":"5397262822750932994","potions_obtained":[{"floor":4,"key":"Slimebound:ThreeZeroPotion"},{"floor":10,"key":"Explosive Potion"},{"floor":13,"key":"hexamod:SoulburnPotion"},{"floor":16,"key":"Energy Potion"},{"floor":18,"key":"SteroidPotion"},{"floor":20,"key":"infinitespire:BlackPotion"}],"is_trial":false,"path_per_floor":["M","?","?","M","?","R","M","$","T","M","M","M","E","$","R_BF","B",null,"M","?","M","M","M","E"],"character_chosen":"IRONCLAD","items_purchased":[],"campfire_rested":0,"item_purchase_floors":[],"current_hp_per_floor":[75,75,64,67,80,80,80,80,80,74,78,80,66,66,80,65,80,80,80,80,64,50,0,0],"gold":303,"neow_bonus":"RANDOM_EVENT","is_daily":false,"chose_seed":false,"campfire_upgraded":1,"win_rate":0.0,"timestamp":1612415971,"path_taken":["M","?","?","M","?","R","M","$","T","M","M","M","E","$","R_BF","BOSS","M","?","M","M","M","E"],"items_purchased_type":[],"build_version":"2020-12-22","purchased_purges":2,"victory":false,"max_hp_per_floor":[80,80,80,80,80,80,80,80,80,80,80,80,80,80,80,80,80,80,80,80,80,80,80,80],"card_choices":[{"not_picked":["Rage","Havoc"],"picked":"Iron Wave","floor":1},{"not_picked":["Sword Boomerang","Flex","Power Through"],"picked":"SKIP","floor":4},{"not_picked":["Flex","Sword Boomerang","Rupture"],"picked":"SKIP","floor":7},{"not_picked":["Uppercut","Metallicize"],"picked":"ReplayTheSpireMod:Muscle Training","floor":10},{"not_picked":["Entrench","Blood for Blood"],"picked":"Anger","floor":11},{"not_picked":["Shrug It Off","Sever Soul"],"picked":"Pommel Strike","floor":12},{"not_picked":["Brutality","Sentinel","Dropkick"],"picked":"SKIP","floor":13},{"not_picked":["Havoc","hubris:CleavingFinish","Twin Strike"],"picked":"SKIP","floor":18},{"not_picked":["Uppercut","Metallicize","Cleave"],"picked":"SKIP","floor":20},{"not_picked":["ReplayTheSpireMod:Muscle Training","Replay:Undeath\u0027s Touch","Pommel Strike"],"picked":"SKIP","floor":21},{"not_picked":["hubris:ReadiedAction","True Grit"],"picked":"Corruption","floor":22}],"player_experience":474347,"relics_obtained":[{"floor":2,"key":"Ring of Fury"},{"floor":13,"key":"hubris:DuctTape"}],"event_choices":[{"damage_healed":0,"gold_gain":75,"player_choice":"Gold","damage_taken":11,"max_hp_gain":0,"max_hp_loss":0,"event_name":"betterThird:BetterGoop","floor":3,"gold_loss":0},{"damage_healed":13,"gold_gain":0,"player_choice":"Full Heal","damage_taken":0,"max_hp_gain":0,"max_hp_loss":0,"event_name":"Wheel of Change","floor":5,"gold_loss":0},{"cards_removed":["Iron Wave"],"damage_healed":0,"gold_gain":0,"player_choice":"Take \u0026 Give","damage_taken":0,"max_hp_gain":0,"max_hp_loss":0,"event_name":"betterNote:BetterNote","floor":19,"gold_loss":0,"cards_obtained":["infinitespire:SealOfDarkness"]}],"is_beta":false,"boss_relics":[{"not_picked":["bronze:MakeshiftBattery","Tiny House"],"picked":"hubris:Backtick"}],"items_purged_floors":[8,14],"is_endless":false,"potions_floor_spawned":[4,10,13,16,18,20],"killed_by":"Gremlin Leader","ascension_level":0}}