{"host":"rgy6n2eoa9ji6d0c","time":1612474739,"event":{"mods":["BaseMod","BetterRewards","Downfall","Minty Spire (QoL Compilation)","Quick Restart","StSLib"],"gold_per_floor":[99,111,111,186,26,39,39,69,69,89,99,125,184,184,194,194,194,194],"floor_reached":16,"language":"ENG","playtime":787,"items_purged":[],"score":116,"play_id":"deb0459b-bd01-4f6e-9da0-477e3b79ab40","local_time":"20210204223859","is_ascension_mode":true,"campfire_choices":[{"floor":1,"key":"RECALL"},{"data":"Slimebound:SplitAcid","floor":9,"key":"SMITH"}],"circlet_count":0,"master_deck":["Slimebound:Strike_Slimebound","Slimebound:Strike_Slimebound+1","Slimebound:Strike_Slimebound+1","Slimebound:Tackle+1","Slimebound:Defend_Slimebound+1","Slimebound:Defend_Slimebound","Slimebound:Defend_Slimebound","Slimebound:Defend_Slimebound","Slimebound:Split","Slimebound:CorrosiveSpit","Slimebound:SplitAcid+1","Slimebound:SplitAcid","Slimebound:FlameTackle+1","downfall:Malfunctioning","Slimebound:SlimeBarrage"],"relics":["Slimebound:AbsorbEndCombat","Strange Spoon","Whetstone","Potion Belt","Blood Vial","Ancient Tea Set"],"acts_visited":["Exordium"],"potions_floor_usage":[16,16],"damage_taken":[{"damage":1,"enemies":"Jaw Worm","floor":2,"turns":5},{"damage":3,"enemies":"downfall:FleeingMerchant","floor":5,"turns":4},{"damage":1,"enemies":"Cultist","floor":6,"turns":3},{"damage":23,"enemies":"3 Sentries","floor":8,"turns":4},{"damage":0,"enemies":"Small Slimes","floor":10,"turns":3},{"damage":4,"enemies":"2 Fungi Beasts","floor":11,"turns":2},{"damage":38,"enemies":"Gremlin Nob","floor":12,"turns":4},{"damage":11,"enemies":"3 Sentries","floor":13,"turns":4},{"damage":3,"enemies":"Large Slime","floor":15,"turns":5},{"damage":0,"enemies":"IC_STATUS_ARCHETYPE","floor":16,"turns":2}],"seed_played":"-4990273053535069937","potions_obtained":[{"floor":6,"key":"bronze:BurnAndBuffPotion"},{"floor":8,"key":"PowerPotion"},{"floor":11,"key":"Slimebound:SlimyTonguePotion"}],"is_trial":false,"path_per_floor":["R","M","?","?","$","M","T","E","R","M","M","E","?","?","M","B"],"character_chosen":"SLIMEBOUND","items_purchased":["Strange Spoon"],"campfire_rested":0,"item_purchase_floors":[5],"current_hp_per_floor":[71,71,76,76,76,76,76,53,53,55,53,15,6,6,7,9,9,9],"gold":194,"neow_bonus":"TEN_PERCENT_HP_BONUS","is_daily":false,"chose_seed":false,"campfire_upgraded":1,"win_rate":0.0,"timestamp":1612474739,"path_taken":["R","M","?","?","$","?","T","E","R","M","?","E","?","?","M","BOSS"],"items_purchased_type":["Relic"],"build_version":"2020-12-22","purchased_purges":0,"victory":false,"max_hp_per_floor":[71,71,76,76,76,76,76,76,76,76,76,76,76,76,76,76,76,76],"card_choices":[{"not_picked":["Slimebound:PressTheAttack","Slimebound:LevelUp"],"picked":"Slimebound:SplitAcid","floor":2},{"not_picked":["Slimebound:Chomp","Slimebound:Nibble"],"picked":"Slimebound:SplitAcid","floor":5},{"not_picked":["Slimebound:ComboTackle","Slimebound:ViciousTackle","Slimebound:Prepare"],"picked":"SKIP","floor":6},{"not_picked":["Slimebound:ComboTackle","Slimebound:ViciousTackle","Slimebound:Prepare"],"picked":"SKIP","floor":6},{"not_picked":["Slimebound:Nibble","Slimebound:LeechingTouch","Slimebound:HauntingLick"],"picked":"SKIP","floor":8},{"not_picked":["Slimebound:SplitLeeching","Slimebound:LivingWall","Slimebound:Schlurp"],"picked":"SKIP","floor":10},{"not_picked":["Slimebound:FormOfPuddle","Slimebound:RainOfGoop","Slimebound:BestDefense"],"picked":"SKIP","floor":11},{"not_picked":["Slimebound:AcidTongue","Slimebound:SlimeSpikes","Slimebound:Nibble"],"picked":"SKIP","floor":12},{"not_picked":["Slimebound:HungryTackle","Slimebound:ViciousTackle"],"picked":"Slimebound:FlameTackle","floor":13},{"not_picked":["Slimebound:SplitLeeching","Slimebound:RejuvenatingLick"],"picked":"Slimebound:SlimeBarrage","floor":15}],"player_experience":1513023,"relics_obtained":[{"floor":7,"key":"Whetstone"},{"floor":8,"key":"Potion Belt"},{"floor":12,"key":"Blood Vial"},{"floor":13,"key":"Ancient Tea Set"}],"event_choices":[{"damage_healed":0,"gold_gain":0,"player_choice":"Donut","damage_taken":0,"max_hp_gain":5,"max_hp_loss":0,"event_name":"Big Fish","floor":3,"gold_loss":0}],"is_beta":false,"boss_relics":[],"items_purged_floors":[],"is_endless":false,"potions_floor_spawned":[6,8,11],"killed_by":"IC_STATUS_ARCHETYPE","ascension_level":1}}