{"host":"n605f8gctjc87d7h","time":1612472463,"event":{"mods":["Aspiration","Bard","BaseMod","Better Match","Better Note","Better Skull","Better Third Choice","Conspire","Downfall","Halation","Hermit","Infinite Spire","Minty Spire (QoL Compilation)","Replay The Spire","Retaliation","Shade Mod","Spicy Shops","StSLib","The IronCluck","The Jungle"],"gold_per_floor":[112,126,1,16,16,16,16,43,43,43,63,75,75,94,94,167,167,179,179,196,53,53,53,53,53],"floor_reached":24,"language":"ENG","playtime":1369,"items_purged":["Defend_B"],"score":343,"play_id":"466ce6dd-6384-4c9e-8231-d5c49a37e3b5","local_time":"20210204130103","is_ascension_mode":true,"campfire_choices":[{"data":"Lockon","floor":6,"key":"SMITH"},{"floor":10,"key":"REST"},{"floor":13,"key":"REST"},{"data":"Static Discharge","floor":15,"key":"SMITH"},{"data":"infinitespire:Collect","floor":23,"key":"SMITH"}],"circlet_count":0,"master_deck":["AscendersBane","Strike_B","Strike_B","Strike_B","Strike_B","Defend_B","Defend_B","Defend_B","Zap+1","Dualcast","Lockon+1","Bandage Up+1","Leap","Static Discharge+1","Streamline","ReplayRNGCard","BootSequence","infinitespire:Collect+1","Panic Button+1"],"relics":["Cracked Core","halation:PromiseList","TungstenRod","halation:Jellyphish","DataDisk","halation:YellowSoulGem","Replay:Bandana"],"acts_visited":["Exordium","TheCity"],"potions_floor_usage":[8,16,24],"damage_taken":[{"damage":4,"enemies":"2 Louse","floor":1,"turns":4},{"damage":1,"enemies":"Cultist","floor":2,"turns":3},{"damage":10,"enemies":"Small Slimes","floor":4,"turns":4},{"damage":36,"enemies":"3 Sentries","floor":8,"turns":13},{"damage":7,"enemies":"3 Louse","floor":11,"turns":4},{"damage":9,"enemies":"2 Fungi Beasts","floor":12,"turns":3},{"damage":11,"enemies":"Lots of Slimes","floor":14,"turns":4},{"damage":14,"enemies":"Slime Boss","floor":16,"turns":8},{"damage":0,"enemies":"3 Byrds","floor":18,"turns":2},{"damage":21,"enemies":"2 Thieves","floor":20,"turns":4},{"damage":77,"enemies":"Gremlin Leader","floor":24,"turns":8}],"seed_played":"-2598667308228992435","potions_obtained":[{"floor":4,"key":"SteroidPotion"},{"floor":12,"key":"FearPotion"},{"floor":14,"key":"Dexterity Potion"}],"is_trial":false,"path_per_floor":["M","M","?","M","$","R","?","E","T","R","M","M","R","M","R","B",null,"M","AVR","M","$","?","R","E"],"character_chosen":"DEFECT","items_purchased":["DataDisk"],"campfire_rested":2,"item_purchase_floors":[21],"current_hp_per_floor":[60,59,59,55,55,55,55,25,25,46,45,42,63,58,58,50,66,71,71,55,55,55,55,0,0],"gold":53,"neow_bonus":"UPGRADE_CARD","is_daily":false,"chose_seed":false,"campfire_upgraded":3,"win_rate":0.0,"timestamp":1612472463,"path_taken":["M","M","?","?","$","R","?","E","T","R","M","M","R","M","R","BOSS","M","AVR","M","$","?","R","E"],"items_purchased_type":["Relic"],"build_version":"2020-12-22","purchased_purges":1,"victory":false,"max_hp_per_floor":[71,71,71,71,71,71,71,71,71,71,71,71,71,71,71,71,71,71,71,71,71,71,71,71,71],"card_choices":[{"not_picked":["Go for the Eyes","ReplayGash","FIFO Queue"],"picked":"SKIP","floor":1},{"not_picked":["Beam Cell","Rebound"],"picked":"Lockon","floor":2},{"not_picked":["Flash of Steel+1","Dark Shackles+1"],"picked":"Bandage Up+1","floor":3},{"not_picked":["Go for the Eyes","Skim"],"picked":"Leap","floor":4},{"not_picked":["Rebound","Panic Button","Blizzard"],"picked":"SKIP","floor":8},{"not_picked":["conspire:Rain","Barrage","Beam Cell"],"picked":"SKIP","floor":11},{"not_picked":["Fission","Capacitor"],"picked":"Static Discharge","floor":12},{"not_picked":["Redo","Recycle"],"picked":"Streamline","floor":14},{"not_picked":["ReplayTheSpireMod:Omega Cannon","Amplify"],"picked":"ReplayRNGCard","floor":16},{"not_picked":["Force Field","Steam"],"picked":"BootSequence","floor":18},{"not_picked":["ReplayTheSpireMod:Repulse+1","FTL"],"picked":"Panic Button+1","floor":20}],"player_experience":812143,"relics_obtained":[{"floor":8,"key":"halation:PromiseList"},{"floor":9,"key":"TungstenRod"}],"event_choices":[{"damage_healed":0,"gold_gain":0,"player_choice":"2","damage_taken":0,"max_hp_gain":0,"max_hp_loss":0,"event_name":"betterMatch:BetterMatch","floor":3,"gold_loss":0,"cards_obtained":["betterMatch:ColorlessUncommonCard"]},{"damage_healed":55,"gold_gain":0,"player_choice":"Leave","damage_taken":0,"max_hp_gain":0,"max_hp_loss":71,"event_name":"betterThird:BetterShining","floor":7,"gold_loss":0}],"is_beta":false,"boss_relics":[{"not_picked":["halation:Prosthetics","Cursed Key","halation:SmartPhone"]}],"items_purged_floors":[19],"is_endless":false,"potions_floor_spawned":[4,12,14],"killed_by":"Gremlin Leader","ascension_level":15}}