{"host":"xo0glkmxta74xh34","time":1612472122,"event":{"mods":["BaseMod","Downfall","Minty Spire (QoL Compilation)","Replay The Spire","StSLib"],"gold_per_floor":[0,15,15,15,93,151,177,200,241,262,262,288,288,325,346,348,348,348],"floor_reached":16,"language":"ENG","playtime":1488,"items_purged":[],"score":143,"play_id":"e9741037-c7a0-4dcf-aa8a-90edb1f04573","local_time":"20210204145522","is_ascension_mode":true,"campfire_choices":[{"data":"Guardian:DecasProtection","floor":1,"key":"SMITH"},{"floor":11,"key":"REST"},{"floor":13,"key":"REST"}],"circlet_count":0,"master_deck":["Guardian:Strike_Guardian","Guardian:Strike_Guardian","Guardian:Defend_Guardian","Guardian:Defend_Guardian","Guardian:CurlUp","Guardian:TwinSlam","Guardian:DecasProtection+1","Guardian:SpikerProtocol","Guardian:Gem_Green","Guardian:SphericShield","Guardian:RefractedBeam","Guardian:EvasiveProtocol","Guardian:DonusPower","Guardian:BronzeArmor"],"relics":["Guardian:ModeShifter","Replay:PocketPolymizer","Replay:Bottled Flurry","Replay:Bandana","Omamori","Eternal Feather","MealTicket"],"acts_visited":["Exordium"],"potions_floor_usage":[6,9],"damage_taken":[{"damage":4,"enemies":"Jaw Worm","floor":2,"turns":7},{"damage":20,"enemies":"3 Sentries","floor":6,"turns":9},{"damage":1,"enemies":"Small Slimes","floor":8,"turns":5},{"damage":27,"enemies":"3 Sentries","floor":9,"turns":12},{"damage":6,"enemies":"2 Louse","floor":10,"turns":3},{"damage":29,"enemies":"Large Slime","floor":12,"turns":13},{"damage":15,"enemies":"Gremlin Nob","floor":14,"turns":5},{"damage":4,"enemies":"Red Slaver","floor":15,"turns":5},{"damage":34,"enemies":"DF_ARCHETYPE_STREAMLINE","floor":16,"turns":14}],"seed_played":"3660159744406281520","potions_obtained":[{"floor":2,"key":"LiquidBronze"},{"floor":8,"key":"Energy Potion"},{"floor":12,"key":"FearPotion"}],"is_trial":false,"path_per_floor":["R","M","?","?","T","?","T","M","E","M","R","M","R","E","M","B"],"character_chosen":"GUARDIAN","items_purchased":[],"campfire_rested":2,"item_purchase_floors":[],"current_hp_per_floor":[72,68,68,73,73,53,53,52,25,19,50,21,52,37,33,0,0,0],"gold":348,"neow_bonus":"ONE_RARE_RELIC","is_daily":false,"chose_seed":false,"campfire_upgraded":1,"win_rate":0.0,"timestamp":1612472122,"path_taken":["R","M","?","?","?","?","T","M","E","M","R","M","R","E","M","BOSS"],"items_purchased_type":[],"build_version":"2020-12-22","purchased_purges":0,"victory":false,"max_hp_per_floor":[80,80,80,85,85,85,85,85,85,85,85,85,85,85,85,85,85,85],"card_choices":[{"not_picked":["Guardian:Gem_Lightblue","Guardian:PrimingBeam"],"picked":"Guardian:SpikerProtocol","floor":2},{"not_picked":["Guardian:CrystalBeam","Guardian:Suspension"],"picked":"Guardian:Gem_Green","floor":6},{"not_picked":["Guardian:Recover","Guardian:Reroute"],"picked":"Guardian:Gem_Purple","floor":8},{"not_picked":["Guardian:Gem_Lightblue","Guardian:Gem_Red"],"picked":"Guardian:SphericShield","floor":9},{"not_picked":["Guardian:TimeCapacitor","Guardian:TemporalShield"],"picked":"Guardian:Gem_Yellow","floor":10},{"not_picked":["Guardian:Reroute","Guardian:PrimingBeam"],"picked":"Guardian:EvasiveProtocol","floor":12},{"not_picked":["Guardian:TemporalStrike","Guardian:ChargeCore"],"picked":"Guardian:BronzeArmor","floor":14},{"not_picked":["Guardian:SentryBeam","Guardian:Reroute","Guardian:Incinerate"],"picked":"SKIP","floor":15}],"player_experience":360011,"relics_obtained":[{"floor":5,"key":"Replay:Bottled Flurry"},{"floor":6,"key":"Replay:Bandana"},{"floor":7,"key":"Omamori"},{"floor":9,"key":"Eternal Feather"},{"floor":14,"key":"MealTicket"}],"event_choices":[{"cards_removed":["Guardian:Defend_Guardian"],"damage_healed":0,"gold_gain":0,"player_choice":"Card Removal","damage_taken":0,"max_hp_gain":0,"max_hp_loss":0,"event_name":"The Cleric","floor":3,"gold_loss":0},{"damage_healed":0,"gold_gain":0,"player_choice":"Donut","damage_taken":0,"max_hp_gain":5,"max_hp_loss":0,"event_name":"Big Fish","floor":4,"gold_loss":0}],"is_beta":false,"boss_relics":[],"items_purged_floors":[],"is_endless":false,"potions_floor_spawned":[2,8,12],"killed_by":"DF_ARCHETYPE_STREAMLINE","ascension_level":6}}