{"host":"6fkscwgr344hcmao","time":1612469969,"event":{"mods":["2.2 Compatiblity","AchievementEnabler","BaseMod","Colored Map","Highlight Path","Minty Spire (QoL Compilation)","Random Character Button","Rare Cards Sparkle"],"gold_per_floor":[111,40,53,63,83,83,83,33,33,48,83,83,83,103,103,103,103],"floor_reached":16,"language":"POL","playtime":533,"items_purged":[],"score":102,"play_id":"d87d144a-d697-45d3-aca9-1070878c527c","local_time":"20210204211929","is_ascension_mode":false,"campfire_choices":[{"data":"Bash","floor":6,"key":"SMITH"},{"floor":13,"key":"REST"},{"data":"Offering","floor":15,"key":"SMITH"}],"circlet_count":0,"master_deck":["Strike_R","Strike_R+1","Strike_R","Strike_R","Defend_R","Defend_R","Defend_R","Defend_R","Bash+1","Double Tap","Dual Wield","Dropkick+1","Offering+1"],"relics":["Burning Blood","Vajra"],"acts_visited":["Exordium"],"potions_floor_usage":[10,11,16],"damage_taken":[{"damage":6,"enemies":"Cultist","floor":1,"turns":3},{"damage":12,"enemies":"Jaw Worm","floor":3,"turns":5},{"damage":5,"enemies":"Small Slimes","floor":4,"turns":4},{"damage":10,"enemies":"3 Louse","floor":5,"turns":4},{"damage":13,"enemies":"Large Slime","floor":10,"turns":6},{"damage":17,"enemies":"Gremlin Nob","floor":11,"turns":4},{"damage":5,"enemies":"Looter","floor":14,"turns":3},{"damage":56,"enemies":"Hexaghost","floor":16,"turns":9}],"seed_played":"-8283629518809736266","potions_obtained":[{"floor":5,"key":"Swift Potion"},{"floor":10,"key":"Weak Potion"},{"floor":11,"key":"EssenceOfSteel"}],"is_trial":false,"path_per_floor":["M","$","M","M","M","R","?","?","T","M","E","?","R","M","R","B"],"character_chosen":"IRONCLAD","items_purchased":["Dropkick"],"campfire_rested":1,"item_purchase_floors":[2],"current_hp_per_floor":[72,72,66,67,63,63,49,49,49,42,31,31,52,53,53,0,0],"gold":103,"neow_bonus":"THREE_RARE_CARDS","is_daily":false,"chose_seed":false,"campfire_upgraded":2,"win_rate":0.0,"timestamp":1612469969,"path_taken":["M","$","?","M","M","R","?","?","T","M","E","?","R","M","R","BOSS"],"items_purchased_type":["Card"],"build_version":"2020-12-22","purchased_purges":0,"victory":false,"max_hp_per_floor":[72,72,72,72,72,72,72,72,72,72,72,72,72,72,72,72,72],"card_choices":[{"not_picked":["Fiend Fire","Offering"],"picked":"Double Tap","floor":0},{"not_picked":["Pommel Strike","Iron Wave"],"picked":"Dual Wield","floor":1},{"not_picked":["Clothesline","Sever Soul","Flex"],"picked":"SKIP","floor":3},{"not_picked":["Searing Blow","Perfected Strike","Thunderclap"],"picked":"SKIP","floor":4},{"not_picked":["Cleave","Burning Pact","Shrug It Off"],"picked":"SKIP","floor":5},{"not_picked":["Ghostly Armor","Second Wind","Body Slam"],"picked":"SKIP","floor":10},{"not_picked":["Thunderclap","Entrench"],"picked":"Offering","floor":11},{"not_picked":["Anger","Body Slam","Twin Strike"],"picked":"SKIP","floor":14}],"player_experience":238766,"relics_obtained":[{"floor":11,"key":"Vajra"}],"event_choices":[{"damage_healed":0,"gold_gain":0,"player_choice":"Entered Light","damage_taken":14,"max_hp_gain":0,"max_hp_loss":0,"event_name":"Shining Light","floor":7,"gold_loss":0,"cards_upgraded":["Dropkick","Strike_R"]},{"cards_removed":["Strike_R"],"damage_healed":0,"gold_gain":0,"player_choice":"Card Removal","damage_taken":0,"max_hp_gain":0,"max_hp_loss":0,"event_name":"The Cleric","floor":8,"gold_loss":50},{"damage_healed":0,"gold_gain":0,"player_choice":"Ignored","damage_taken":0,"max_hp_gain":0,"max_hp_loss":0,"event_name":"Golden Idol","floor":12,"gold_loss":0}],"is_beta":false,"boss_relics":[],"items_purged_floors":[],"is_endless":false,"potions_floor_spawned":[5,10,11],"killed_by":"Hexaghost","ascension_level":0}}