{"host":"2se5dq1do2gp0x9k","time":1612453591,"event":{"mods":["AchievementEnabler","BaseMod","Block Reminder","Colored Map","Colored Powertips","Minty Spire (QoL Compilation)","Relic Stats","StSLib","SuperFastMode"],"gold_per_floor":[112,75,86,103,16,16,47,47,125,143,53,82,94,94,94,166,166,185,203,72,88,13,13,13,13],"floor_reached":24,"language":"ENG","playtime":753,"items_purged":["Strike_B"],"score":512,"play_id":"e7900688-49bc-444e-ade6-99309a354e87","local_time":"20210204074631","is_ascension_mode":true,"campfire_choices":[{"data":"Defragment","floor":6.0,"key":"SMITH"},{"data":"Loop","floor":8.0,"key":"SMITH"},{"data":"Beam Cell","floor":15.0,"key":"SMITH"},{"data":"Defragment","floor":23.0,"key":"SMITH"}],"circlet_count":0,"master_deck":["AscendersBane","Strike_B","Strike_B","Strike_B","Defend_B","Defend_B","Defend_B","Zap","Dualcast","Beam Cell+1","Defragment+1","Ball Lightning","Reinforced Body","Loop+1","Ball Lightning","Chill","Genetic Algorithm","Defragment+1","Glacier","Cold Snap","Rainbow","Glacier","Defragment+1"],"relics":["Cracked Core","NeowsBlessing","Blood Vial","The Courier","Bag of Preparation","Nuclear Battery","ClockworkSouvenir"],"acts_visited":["Exordium","TheCity"],"potions_floor_usage":[24],"damage_taken":[{"damage":0.0,"enemies":"Cultist","floor":1.0,"turns":1.0},{"damage":0.0,"enemies":"Jaw Worm","floor":3.0,"turns":1.0},{"damage":0.0,"enemies":"Small Slimes","floor":4.0,"turns":1.0},{"damage":30.0,"enemies":"Lagavulin","floor":7.0,"turns":5.0},{"damage":4.0,"enemies":"Blue Slaver","floor":10.0,"turns":3.0},{"damage":3.0,"enemies":"Gremlin Nob","floor":12.0,"turns":4.0},{"damage":17.0,"enemies":"Gremlin Gang","floor":13.0,"turns":4.0},{"damage":0.0,"enemies":"Hexaghost","floor":16.0,"turns":7.0},{"damage":12.0,"enemies":"Chosen","floor":18.0,"turns":6.0},{"damage":0.0,"enemies":"3 Byrds","floor":19.0,"turns":5.0},{"damage":2.0,"enemies":"Sentry and Sphere","floor":21.0,"turns":7.0},{"damage":63,"enemies":"Gremlin Leader","floor":24,"turns":4}],"seed_played":"8151849380689839118","potions_obtained":[{"floor":4.0,"key":"Fruit Juice"},{"floor":10.0,"key":"Fire Potion"},{"floor":12.0,"key":"LiquidBronze"},{"floor":16.0,"key":"SpeedPotion"}],"is_trial":false,"path_per_floor":["M","$","M","M","$","R","E","R","T","M","$","E","M","?","R","B",null,"M","M","$","M","?","R","E"],"character_chosen":"DEFECT","items_purchased":["Defragment","Loop","Ball Lightning","Defragment","ClockworkSouvenir"],"campfire_rested":0,"item_purchase_floors":[2,5,5,11,20],"current_hp_per_floor":[64,64,64,64,64,64,34,34,34,32,32,31,16,16,16,18,58,48,50,50,50,50,50,0,0],"gold":13,"neow_bonus":"THREE_ENEMY_KILL","is_daily":false,"chose_seed":false,"campfire_upgraded":4,"win_rate":0.0,"timestamp":1612453591,"path_taken":["M","$","M","M","$","R","E","R","T","M","$","E","M","?","R","BOSS","M","M","$","M","?","R","E"],"items_purchased_type":["Card","Card","Card","Card","Relic"],"build_version":"2020-12-22","purchased_purges":1,"victory":false,"max_hp_per_floor":[71,71,71,71,71,71,71,71,71,71,71,71,71,71,71,71,71,71,71,71,71,71,71,76,76],"relic_stats":{"Blood Vial":16,"counters":[12,47],"Bag of Preparation":[12],"obtain_stats":[{"Blood Vial":7,"NeowsBlessing":0,"The Courier":9,"Bag of Preparation":12,"Cracked Core":0,"Nuclear Battery":17,"ClockworkSouvenir":20},{"Blood Vial":4,"NeowsBlessing":0,"The Courier":4,"Bag of Preparation":6,"Cracked Core":0,"Nuclear Battery":8,"ClockworkSouvenir":10},{"Blood Vial":8,"NeowsBlessing":0,"The Courier":8,"Bag of Preparation":15,"Cracked Core":0,"Nuclear Battery":26,"ClockworkSouvenir":36}]},"card_choices":[{"not_picked":["Compile Driver","Go for the Eyes"],"picked":"Beam Cell","floor":1.0},{"not_picked":["Stack","Melter"],"picked":"Ball Lightning","floor":3.0},{"not_picked":["Turbo","Coolheaded"],"picked":"Reinforced Body","floor":4.0},{"not_picked":["Sweeping Beam","Redo"],"picked":"Chill","floor":7.0},{"not_picked":["Gash","Melter"],"picked":"Genetic Algorithm","floor":10.0},{"not_picked":["Core Surge","Go for the Eyes"],"picked":"Glacier","floor":12.0},{"not_picked":["Rebound","Barrage"],"picked":"Cold Snap","floor":13.0},{"not_picked":["Fission","Echo Form"],"picked":"Rainbow","floor":16.0},{"not_picked":["Stack","Heatsinks"],"picked":"Glacier","floor":18.0},{"not_picked":["Beam Cell","Reprogram"],"picked":"Defragment","floor":19.0},{"not_picked":["Redo","Cold Snap","Conserve Battery"],"picked":"SKIP","floor":21.0}],"player_experience":4068710,"relics_obtained":[{"floor":7.0,"key":"Blood Vial"},{"floor":9.0,"key":"The Courier"},{"floor":12.0,"key":"Bag of Preparation"}],"event_choices":[{"damage_healed":0.0,"max_hp_gain":0.0,"max_hp_loss":0.0,"gold_gain":0.0,"event_name":"Living Wall","player_choice":"Grow","floor":14.0,"gold_loss":0.0,"damage_taken":0.0,"cards_upgraded":["Defragment"]},{"cards_removed":["Defend_B"],"damage_healed":0.0,"max_hp_gain":0.0,"max_hp_loss":0.0,"gold_gain":0.0,"event_name":"Beggar","player_choice":"Gave Gold","floor":22.0,"gold_loss":75.0,"damage_taken":0.0}],"is_beta":false,"boss_relics":[{"not_picked":["SlaversCollar","Empty Cage"],"picked":"Nuclear Battery"}],"items_purged_floors":[11],"is_endless":false,"potions_floor_spawned":[4,10,12,16],"killed_by":"Gremlin Leader","ascension_level":20}}