{"host":"hs5g5f0q56ds4vmn","time":1612450676,"event":{"mods":["AchievementEnabler","BaseMod","DeckTracker","Highlight Path","Minty Spire (QoL Compilation)","SuperFastMode","everything is the same but u backflip on backflip"],"gold_per_floor":[112,112,129,129,129,154,174,174,174,191,221,246,272,285,285,285,285],"floor_reached":16,"language":"KOR","playtime":920,"items_purged":[],"score":218,"play_id":"db106987-015d-4f70-893f-6f96feed260f","local_time":"20210204235756","is_ascension_mode":true,"campfire_choices":[{"data":"Zap","floor":8.0,"key":"SMITH"},{"floor":15,"key":"REST"}],"circlet_count":0,"master_deck":["AscendersBane","Strike_B","Strike_B","Strike_B","Defend_B","Defend_B","Defend_B","Zap+1","Dualcast","Skim","Chill","Conserve Battery","Regret","Streamline","Electrodynamics","Glacier","Self Repair"],"relics":["Cracked Core","NeowsBlessing","Letter Opener","Gremlin Horn","Bronze Scales","Regal Pillow","Boot"],"acts_visited":["Exordium"],"potions_floor_usage":[11,14,16],"damage_taken":[{"damage":0.0,"enemies":"Small Slimes","floor":1.0,"turns":1.0},{"damage":0.0,"enemies":"Cultist","floor":3.0,"turns":1.0},{"damage":0.0,"enemies":"3 Sentries","floor":6.0,"turns":1.0},{"damage":6.0,"enemies":"Jaw Worm","floor":7.0,"turns":4.0},{"damage":0.0,"enemies":"2 Fungi Beasts","floor":10.0,"turns":1.0},{"damage":31,"enemies":"Gremlin Nob","floor":11,"turns":4},{"damage":23,"enemies":"Lagavulin","floor":13,"turns":5},{"damage":0,"enemies":"Looter","floor":14,"turns":1},{"damage":38,"enemies":"Hexaghost","floor":16,"turns":9}],"seed_played":"-8613559733090926446","potions_obtained":[{"floor":1.0,"key":"FearPotion"},{"floor":11,"key":"AttackPotion"},{"floor":13,"key":"LiquidMemories"}],"is_trial":false,"path_per_floor":["M","?","M","?","?","E","M","R","T","M","E","T","E","M","R","B"],"character_chosen":"DEFECT","items_purchased":[],"campfire_rested":1,"item_purchase_floors":[],"current_hp_per_floor":[68,68,68,61,61,61,55,55,55,55,24,24,1,1,38,0,0],"gold":285,"neow_bonus":"THREE_ENEMY_KILL","is_daily":false,"chose_seed":false,"campfire_upgraded":1,"win_rate":0.0,"timestamp":1612450676,"path_taken":["M","?","?","?","?","E","M","R","T","M","E","?","E","M","R","BOSS"],"items_purchased_type":[],"build_version":"2020-12-22","purchased_purges":0,"victory":false,"max_hp_per_floor":[75,75,75,75,75,75,75,75,75,75,75,75,75,75,75,75,75],"card_choices":[{"not_picked":["Streamline","Compile Driver"],"picked":"Skim","floor":1.0},{"not_picked":["Leap","Rebound"],"picked":"Conserve Battery","floor":3.0},{"not_picked":["Auto Shields","Reprogram"],"picked":"Streamline","floor":6.0},{"not_picked":["Conserve Battery","Stack"],"picked":"Electrodynamics","floor":7.0},{"not_picked":["Beam Cell","Turbo","Recycle"],"picked":"SKIP","floor":10.0},{"not_picked":["Compile Driver","Leap"],"picked":"Glacier","floor":11},{"not_picked":["Core Surge","Aggregate"],"picked":"Self Repair","floor":13},{"not_picked":["FTL","Reinforced Body","Doom and Gloom"],"picked":"SKIP","floor":14}],"player_experience":576889,"relics_obtained":[{"floor":6.0,"key":"Gremlin Horn"},{"floor":11,"key":"Bronze Scales"},{"floor":12,"key":"Regal Pillow"},{"floor":13,"key":"Boot"}],"event_choices":[{"damage_healed":0.0,"max_hp_gain":0.0,"max_hp_loss":0.0,"gold_gain":0.0,"cards_transformed":["Strike_B"],"event_name":"Transmorgrifier","player_choice":"Transformed","floor":2.0,"gold_loss":0.0,"damage_taken":0.0,"cards_obtained":["Chill"]},{"cards_removed":["Defend_B"],"damage_healed":0.0,"max_hp_gain":0.0,"max_hp_loss":0.0,"gold_gain":0.0,"event_name":"Golden Wing","player_choice":"Card Removal","floor":4.0,"gold_loss":0.0,"damage_taken":7.0},{"damage_healed":0.0,"max_hp_gain":0.0,"max_hp_loss":0.0,"gold_gain":0.0,"event_name":"Big Fish","player_choice":"Box","floor":5.0,"gold_loss":0.0,"damage_taken":0.0,"relics_obtained":["Letter Opener"],"cards_obtained":["Regret"]}],"is_beta":false,"boss_relics":[],"items_purged_floors":[],"is_endless":false,"potions_floor_spawned":[1,11,13],"killed_by":"Hexaghost","ascension_level":10}}