{"host":"irqc27v15f1jtd2t","time":1612420667,"event":{"mods":["AchievementEnabler","BaseMod","BetterRewards","Colored Map","Custom Start","Downfall","Hermit","Minty Spire (QoL Compilation)","Replay The Spire","StSLib","The Bug Knight","The Cursed","The Disciple"],"gold_per_floor":[99,116,116,133,133,152,152,152,163,163,1,19,19,44,57,157,157,157,167,187,187,54,70,123,223,242,242,256,266,266,298,317,421,421,321,335,350,368,385,385,455,469,143,176,192,192,242,242,262,262],"floor_reached":51,"language":"ENG","playtime":6461,"items_purged":["Slimebound:Strike_Slimebound","Slimebound:LeechingTouch"],"score":755,"play_id":"76a4907c-7fe0-4c62-b082-639c03c14548","local_time":"20210203233747","is_ascension_mode":false,"campfire_choices":[{"floor":1,"key":"DIG"},{"data":"Slimebound:Split","floor":8,"key":"SMITH"},{"data":"Slimebound:RollThrough","floor":10,"key":"SMITH"},{"data":"Slimebound:Grow","floor":13,"key":"SMITH"},{"data":"Slimebound:Chomp","floor":18,"key":"SMITH"},{"data":"Slimebound:LevelUp","floor":27,"key":"SMITH"},{"data":"Slimebound:CorrosiveSpit","floor":30,"key":"SMITH"},{"data":"Slimebound:DouseInSlime","floor":35,"key":"SMITH"},{"data":"Slimebound:Gluttony","floor":40,"key":"SMITH"}],"circlet_count":0,"master_deck":["Slimebound:Tackle","Slimebound:Split+1","Slimebound:CorrosiveSpit+1","Slimebound:LivingWall","Slimebound:GrowthPunch","Slimebound:RollThrough+1","Slimebound:BestDefense","Slimebound:ViciousTackle","Slimebound:ComboTackle","Slimebound:LevelUp+1","Slimebound:Grow+1","Slimebound:Prepare","Slimebound:SpikyOuterGoop","Slimebound:LeadByExample","Slimebound:RallyTheTroops","Slimebound:WasteNot","Slimebound:Chomp+1","Slimebound:LivingWall","Slimebound:MassFeed","Slimebound:SplitMire","Slimebound:SlimeSpikes","Slimebound:SlimeSpikes","Slimebound:SamplingLick","Slimebound:MegaLick","Slimebound:ViciousTackle","Slimebound:Chomp+1","Slimebound:Gluttony+1","Slimebound:Schlurp","Slimebound:GoopTackle","Slimebound:FinishingTackle","Slimebound:SpikyOuterGoop","Slimebound:Equalize+1","Slimebound:GrowthPunch+1","Slimebound:AcidTongue","Slimebound:HauntingLick+1","Slimebound:Schlurp+1","Slimebound:Repurpose","Slimebound:LivingWall+1","Slimebound:DouseInSlime+1","Slimebound:BestDefense+1","Slimebound:RainOfGoop+1","Slimebound:GoopSpray+1","Slimebound:Repurpose","Slimebound:Prepare+1","Slimebound:RollThrough+1","Slimebound:GoopSpray","Slimebound:TongueLash+1","Slimebound:Gluttony","Slimebound:SpikyOuterGoop+1","expansioncontent:StudyTheSpire","Slimebound:RejuvenatingLick+1","Slimebound:SplitLeeching+1","Replay:SS_forest_2","expansioncontent:AwakenDeath","Replay:SS_fish_1","Slimebound:Equalize+1","Slimebound:MegaLick+1","Slimebound:SplitLeeching","Slimebound:SplitLeeching","Slimebound:SlimeSpikes","Slimebound:GoopTackle"],"relics":["Slimebound:AbsorbEndCombat","White Beast Statue","Ring of Peace","Ring of Panic","Prayer Wheel","Mummified Hand","Pandora\u0027s Box","Bronze Scales","Lantern","Painkiller Herb","downfall:HeartBlessingGreen","Replay:Accelerometer","Oddly Smooth Stone","Toy Ornithopter","Thread and Needle","BargainBundle","Dream Catcher"],"acts_visited":["Exordium","TheCity","TheBeyond"],"potions_floor_usage":[11,12,16,16,33,33,33,42,43,43,45,47,49,50,50],"damage_taken":[{"damage":3,"enemies":"2 Louse","floor":2,"turns":3},{"damage":0,"enemies":"Small Slimes","floor":4,"turns":3},{"damage":0,"enemies":"Jaw Worm","floor":6,"turns":5},{"damage":7,"enemies":"Exordium Thugs","floor":9,"turns":4},{"damage":0,"enemies":"downfall:FleeingMerchant","floor":11,"turns":4},{"damage":9,"enemies":"Gremlin Gang","floor":12,"turns":4},{"damage":3,"enemies":"Lagavulin","floor":14,"turns":7},{"damage":5,"enemies":"Exordium Wildlife","floor":15,"turns":5},{"damage":5,"enemies":"IC_STATUS_ARCHETYPE","floor":16,"turns":7},{"damage":0,"enemies":"Cultist and Chosen","floor":19,"turns":5},{"damage":15,"enemies":"Snake Plant","floor":20,"turns":5},{"damage":0,"enemies":"downfall:FleeingMerchant","floor":22,"turns":4},{"damage":0,"enemies":"Centurion and Healer","floor":23,"turns":7},{"damage":2,"enemies":"Shelled Parasite and Fungi","floor":26,"turns":3},{"damage":0,"enemies":"Chosen and Byrds","floor":28,"turns":4},{"damage":23,"enemies":"Cultist and Chosen","floor":29,"turns":6},{"damage":16,"enemies":"Slavers","floor":31,"turns":5},{"damage":0,"enemies":"Snake Plant","floor":32,"turns":3},{"damage":35,"enemies":"SI_MIRROR_ARCHETYPE","floor":33,"turns":8},{"damage":8,"enemies":"3 Darklings","floor":36,"turns":4},{"damage":12,"enemies":"3 Shapes","floor":37,"turns":5},{"damage":2,"enemies":"4 Shapes","floor":38,"turns":5},{"damage":23,"enemies":"Sphere and 2 Shapes","floor":39,"turns":4},{"damage":4,"enemies":"Maw","floor":42,"turns":6},{"damage":9,"enemies":"downfall:FleeingMerchant","floor":43,"turns":4},{"damage":29,"enemies":"Reptomancer","floor":44,"turns":5},{"damage":0,"enemies":"3 Darklings","floor":45,"turns":3},{"damage":0,"enemies":"3 Darklings","floor":47,"turns":6},{"damage":0,"enemies":"downfall:FleeingMerchant","floor":48,"turns":2},{"damage":0,"enemies":"Sphere and 2 Shapes","floor":49,"turns":4},{"damage":26,"enemies":"WA_ARCHETYPE_DIVINITY","floor":50,"turns":12}],"seed_played":"-9063342476033306038","potions_obtained":[{"floor":2,"key":"Weak Potion"},{"floor":4,"key":"BlessingOfTheForge"},{"floor":6,"key":"ColorlessPotion"},{"floor":9,"key":"hexamod:SoulburnPotion"},{"floor":11,"key":"Swift Potion"},{"floor":12,"key":"Strength Potion"},{"floor":15,"key":"Ancient Potion"},{"floor":16,"key":"Languid Potion"},{"floor":19,"key":"BlessingOfTheForge"},{"floor":31,"key":"LiquidBronze"},{"floor":33,"key":"FairyPotion"},{"floor":36,"key":"champ:CounterPotion"},{"floor":37,"key":"Slimebound:ThreeZeroPotion"},{"floor":39,"key":"Adrenaline Potion"},{"floor":42,"key":"Swift Potion"},{"floor":43,"key":"Slimebound:SlimyTonguePotion"},{"floor":44,"key":"LiquidMemories"},{"floor":45,"key":"bronze:BurnAndBuffPotion"},{"floor":47,"key":"AttackPotion"},{"floor":49,"key":"Weak Potion"}],"is_trial":false,"path_per_floor":["R_BF","M","?","M","?","M","T","R","M","R","$","M","R","E","M","B",null,"R","M","M","?","$","M","T","?","M","R","M","M","R","E","M","B",null,"T","?","?","?","?","T","T","?","T","E","?","?","?","T","?","B",null],"character_chosen":"SLIMEBOUND","items_purchased":["Slimebound:LevelUp","Slimebound:Gluttony","Slimebound:Schlurp","expansioncontent:StudyTheSpire","Oddly Smooth Stone","BargainBundle","Dream Catcher","Slimebound:SplitLeeching","Slimebound:SlimeSpikes","Slimebound:GoopTackle"],"campfire_rested":0,"item_purchase_floors":[11,22,22,43,43,48,48,48,48,48],"current_hp_per_floor":[71,68,68,71,71,71,71,71,66,66,68,63,63,68,67,70,71,71,71,60,60,64,71,71,71,70,70,71,59,59,57,61,46,74,74,70,64,74,64,64,64,74,68,53,75,65,80,80,80,70],"gold":262,"neow_bonus":"TEN_PERCENT_HP_BONUS","is_daily":false,"chose_seed":false,"campfire_upgraded":8,"win_rate":0.0,"timestamp":1612420667,"path_taken":["R_BF","M","?","M","?","M","T","R","M","R","$","M","R","E","M","BOSS","R","M","M","?","$","M","T","?","M","R","?","?","R","E","M","BOSS","T","?","?","?","?","T","T","?","T","E","?","?","?","T","?","BOSS"],"items_purchased_type":["Card","Card","Card","Card","Relic","Relic","Relic","Card","Card","Card"],"build_version":"2020-12-22","purchased_purges":2,"victory":true,"max_hp_per_floor":[71,71,71,71,71,71,71,71,71,71,71,71,71,71,71,71,71,71,71,71,71,71,71,71,71,71,71,71,74,74,74,74,74,74,74,74,74,74,74,74,74,74,74,74,77,77,80,80,80,80],"card_choices":[{"not_picked":["Slimebound:LeechEnergy","Slimebound:ComboTackle"],"picked":"Slimebound:LivingWall","floor":2},{"not_picked":["Slimebound:LeechingTouch","Slimebound:FinishingTackle"],"picked":"Slimebound:GrowthPunch","floor":4},{"not_picked":["Slimebound:FlameTackle","Slimebound:FormOfPuddle"],"picked":"Slimebound:RollThrough","floor":6},{"not_picked":["Slimebound:FlameTackle","Slimebound:HauntingLick"],"picked":"Slimebound:BestDefense","floor":9},{"not_picked":["Slimebound:RainOfGoop","Slimebound:ItLooksTasty"],"picked":"Slimebound:ViciousTackle","floor":9},{"not_picked":["Slimebound:SplitLeeching","Slimebound:Nibble"],"picked":"Slimebound:ComboTackle","floor":11},{"not_picked":["Slimebound:OneTwoCombo","Slimebound:RejuvenatingLick"],"picked":"Slimebound:Grow","floor":12},{"not_picked":["Slimebound:Chomp","Slimebound:PressTheAttack"],"picked":"Slimebound:Prepare","floor":12},{"not_picked":["Slimebound:HauntingLick","Slimebound:LeechLife"],"picked":"Slimebound:SpikyOuterGoop","floor":14},{"not_picked":["Slimebound:RejuvenatingLick","Slimebound:ComboTackle"],"picked":"Slimebound:LeadByExample","floor":15},{"not_picked":["Slimebound:Prepare","Slimebound:SlimeTap"],"picked":"Slimebound:LeechingTouch","floor":15},{"not_picked":["Slimebound:Overexert","Slimebound:MassRepurpose"],"picked":"Slimebound:RallyTheTroops","floor":16},{"not_picked":["Slimebound:TongueLash","Slimebound:ProtectTheBoss+1"],"picked":"Slimebound:SlimeSpikes","floor":19},{"not_picked":["Slimebound:ItLooksTasty","Slimebound:GoopTackle"],"picked":"Slimebound:SamplingLick","floor":19},{"not_picked":["Slimebound:LivingWall","Slimebound:ComboTackle"],"picked":"Slimebound:MegaLick","floor":20},{"not_picked":["Slimebound:LeechingTouch","Slimebound:SlimeSpikes"],"picked":"Slimebound:ViciousTackle","floor":20},{"not_picked":["Slimebound:SlimeBarrage","Slimebound:BestDefense"],"picked":"Slimebound:Chomp+1","floor":22},{"not_picked":["Slimebound:GrowthPunch","Slimebound:WasteNot"],"picked":"Slimebound:GoopTackle","floor":23},{"not_picked":["Slimebound:Schlurp","Slimebound:SlimeBrawl"],"picked":"Slimebound:FinishingTackle","floor":23},{"not_picked":["Slimebound:Schlurp","Slimebound:Replication"],"picked":"Slimebound:SpikyOuterGoop","floor":26},{"not_picked":["Slimebound:FinishingTackle","Slimebound:LeadByExample","Slimebound:LeechingTouch"],"picked":"SKIP","floor":26},{"not_picked":["Slimebound:Schlurp+1","Slimebound:Grow"],"picked":"Slimebound:Equalize+1","floor":28},{"not_picked":["Slimebound:SplitAcid","Slimebound:Schlurp"],"picked":"Slimebound:GrowthPunch+1","floor":28},{"not_picked":["Slimebound:LeechEnergy+1","Slimebound:SlimeSpikes"],"picked":"Slimebound:AcidTongue","floor":29},{"not_picked":["Slimebound:SamplingLick","Slimebound:OneTwoCombo"],"picked":"Slimebound:HauntingLick+1","floor":29},{"not_picked":["Slimebound:RallyTheTroops","Slimebound:SplitBruiser"],"picked":"Slimebound:Schlurp+1","floor":31},{"not_picked":["Slimebound:FinishingTackle","Slimebound:LeadByExample"],"picked":"Slimebound:Repurpose","floor":32},{"not_picked":["Slimebound:GoopTackle","Slimebound:PressTheAttack"],"picked":"Slimebound:LivingWall+1","floor":32},{"not_picked":["Slimebound:FirmFortitude","Slimebound:OneTwoCombo"],"picked":"Slimebound:DouseInSlime","floor":33},{"not_picked":["Slimebound:SlimeBarrage","Slimebound:Prepare"],"picked":"Slimebound:BestDefense+1","floor":36},{"not_picked":["Slimebound:ViciousTackle","Slimebound:SplitMire","Slimebound:LeechingTouch+1"],"picked":"SKIP","floor":36},{"not_picked":["Slimebound:ProtectTheBoss","Slimebound:ItLooksTasty"],"picked":"Slimebound:RainOfGoop+1","floor":37},{"not_picked":["Slimebound:ComboTackle+1","Slimebound:SplitAcid"],"picked":"Slimebound:GoopSpray+1","floor":37},{"not_picked":["Slimebound:BestDefense+1","Slimebound:AcidTongue+1"],"picked":"Slimebound:Repurpose","floor":38},{"not_picked":["Slimebound:PressTheAttack","Slimebound:ProtectTheBoss"],"picked":"Slimebound:Prepare+1","floor":38},{"not_picked":["Slimebound:SplitLeeching","Slimebound:LeechEnergy"],"picked":"Slimebound:RollThrough+1","floor":39},{"not_picked":["Slimebound:SplitMire","Slimebound:ComboTackle"],"picked":"Slimebound:GoopSpray","floor":39},{"not_picked":["Slimebound:HauntingLick","Slimebound:ComboTackle+1"],"picked":"Slimebound:TongueLash+1","floor":42},{"not_picked":["Slimebound:ComboTackle","Slimebound:Replication+1"],"picked":"Slimebound:Gluttony","floor":42},{"not_picked":["Slimebound:PressTheAttack+1","Slimebound:ComboTackle"],"picked":"Slimebound:SpikyOuterGoop+1","floor":43},{"not_picked":["Slimebound:RallyTheTroops","Slimebound:LeechingTouch"],"picked":"Slimebound:RejuvenatingLick+1","floor":44},{"not_picked":["Slimebound:PressTheAttack+1","Slimebound:RejuvenatingLick"],"picked":"Slimebound:SplitLeeching+1","floor":45},{"not_picked":["Slimebound:Gluttony","Slimebound:ProtectTheBoss","Slimebound:GoopTackle+1"],"picked":"SKIP","floor":45},{"not_picked":["expansioncontent:InvincibleStrength","expansioncontent:HyperBeam"],"picked":"Replay:SS_forest_2","floor":46},{"not_picked":["Replay:SS_forest_2","expansioncontent:LastStand"],"picked":"expansioncontent:AwakenDeath","floor":46},{"not_picked":["expansioncontent:AwakenDeath","expansioncontent:HyperBeam"],"picked":"Replay:SS_fish_1","floor":46},{"not_picked":["Slimebound:MassRepurpose","Slimebound:Dissolve"],"picked":"Slimebound:Equalize+1","floor":47},{"not_picked":["Slimebound:LeechEnergy+1","Slimebound:HauntingLick"],"picked":"Slimebound:MegaLick+1","floor":48},{"not_picked":["Slimebound:LeechingTouch+1","Slimebound:LivingWall","Slimebound:SplitMire"],"picked":"SKIP","floor":49},{"not_picked":["Slimebound:Schlurp+1","Slimebound:LeechingTouch","Slimebound:LivingWall+1"],"picked":"SKIP","floor":49}],"player_experience":418746,"relics_obtained":[{"floor":1,"key":"White Beast Statue"},{"floor":3,"key":"Ring of Peace"},{"floor":3,"key":"Ring of Panic"},{"floor":7,"key":"Prayer Wheel"},{"floor":14,"key":"Mummified Hand"},{"floor":24,"key":"Bronze Scales"},{"floor":31,"key":"Lantern"},{"floor":41,"key":"Replay:Accelerometer"},{"floor":44,"key":"Toy Ornithopter"},{"floor":47,"key":"Thread and Needle"}],"event_choices":[],"is_beta":false,"boss_relics":[{"not_picked":["Snecko Eye","ReplayTheSpireMod:Onyx Gauntlets"],"picked":"Pandora\u0027s Box"},{"not_picked":["Replay:Grab Bag","Replay:Ancient Bell"],"picked":"Painkiller Herb"}],"items_purged_floors":[11,48],"is_endless":false,"potions_floor_spawned":[2,4,6,9,11,12,14,15,16,19,20,22,23,26,28,29,31,32,33,36,37,38,39,42,43,44,45,47,48,49],"ascension_level":0}}