{"host":"ijtyqc57s6c9mbij","time":1612412497,"event":{"mods":["BaseMod","Colored Map","Downfall","Minty Spire (QoL Compilation)","StSLib"],"gold_per_floor":[99,115,128,148,133,150,219,251,236,236,236,236,74,224,239,239,239],"floor_reached":16,"language":"ENG","playtime":986,"items_purged":[],"score":110,"play_id":"509f3afe-6f92-4dad-8841-e18c487ea4f7","local_time":"20210203202137","is_ascension_mode":true,"campfire_choices":[{"floor":1,"key":"RECALL"}],"circlet_count":0,"master_deck":["bronze:Strike","bronze:Strike","bronze:Strike","bronze:Defend","bronze:Defend","bronze:Defend","bronze:Defend","bronze:Replicate","bronze:Goto","bronze:Virus","bronze:Optimize","bronze:DelayedSlice","bronze:ForLoop","bronze:BronzeOrb","bronze:InfiniteLoop","bronze:BuggyMess","bronze:Terminator","bronze:Deprecate","bronze:Shell","bronze:Allocate"],"relics":["bronze:BronzeCore","Pantograph","Lantern","Chemical X"],"acts_visited":["Exordium"],"potions_floor_usage":[9,16,16,16],"damage_taken":[{"damage":1,"enemies":"Cultist","floor":2,"turns":3},{"damage":9,"enemies":"2 Louse","floor":3,"turns":3},{"damage":4,"enemies":"Jaw Worm","floor":4,"turns":4},{"damage":0,"enemies":"downfall:FleeingMerchant","floor":5,"turns":4},{"damage":2,"enemies":"3 Louse","floor":6,"turns":2},{"damage":13,"enemies":"3 Sentries","floor":8,"turns":6},{"damage":0,"enemies":"downfall:FleeingMerchant","floor":9,"turns":4},{"damage":7,"enemies":"downfall:FleeingMerchant","floor":13,"turns":4},{"damage":4,"enemies":"Lots of Slimes","floor":15,"turns":3},{"damage":48,"enemies":"WA_ARCHETYPE_RETAIN","floor":16,"turns":6}],"seed_played":"-6310872938807583155","potions_obtained":[{"floor":3,"key":"SkillPotion"},{"floor":6,"key":"DuplicationPotion"},{"floor":8,"key":"LiquidMemories"},{"floor":15,"key":"BlessingOfTheForge"}],"is_trial":false,"path_per_floor":["R","M","M","M","$","M","T","E","$","?","T","?","$","?","M","B"],"character_chosen":"THE_AUTOMATON","items_purchased":["Chemical X"],"campfire_rested":0,"item_purchase_floors":[13],"current_hp_per_floor":[70,69,60,56,56,54,54,41,41,34,34,34,27,27,23,0,0,0],"gold":239,"neow_bonus":"ONE_RANDOM_RARE_CARD","is_daily":false,"chose_seed":false,"campfire_upgraded":0,"win_rate":0.0,"timestamp":1612412497,"path_taken":["R","M","?","M","$","M","T","E","?","?","?","?","$","?","M","BOSS"],"items_purchased_type":["Relic"],"build_version":"2020-12-22","purchased_purges":0,"victory":false,"max_hp_per_floor":[70,70,70,70,70,70,70,70,70,70,70,70,70,70,70,70,70,70],"card_choices":[{"not_picked":["bronze:Invalidate","bronze:WhirlingStrike"],"picked":"bronze:Optimize","floor":2},{"not_picked":["bronze:Overheat","bronze:Safeguard"],"picked":"bronze:DelayedSlice","floor":3},{"not_picked":["bronze:Optimize","bronze:Constructor"],"picked":"bronze:ForLoop","floor":4},{"not_picked":["bronze:BuggyMess","bronze:Repair"],"picked":"bronze:BronzeOrb","floor":5},{"not_picked":["bronze:DelayedSlice","bronze:Overheat"],"picked":"bronze:InfiniteLoop","floor":6},{"not_picked":["bronze:Fortify","bronze:GetLatest"],"picked":"bronze:BuggyMess","floor":8},{"not_picked":["bronze:Refactor","bronze:WildBeam"],"picked":"bronze:Terminator","floor":9},{"not_picked":["bronze:Boost","bronze:Safeguard"],"picked":"bronze:Shell","floor":13},{"not_picked":["bronze:FineTuning","bronze:Return"],"picked":"bronze:Allocate","floor":15}],"player_experience":960897,"relics_obtained":[{"floor":8,"key":"bronze:BronzeIdol"},{"floor":11,"key":"Lantern"}],"event_choices":[{"damage_healed":0,"gold_gain":0,"player_choice":"Success","damage_taken":7,"relics_obtained":["Pantograph"],"max_hp_gain":0,"max_hp_loss":0,"event_name":"Scrap Ooze","floor":10,"gold_loss":0},{"damage_healed":0,"gold_gain":0,"cards_transformed":["bronze:Strike"],"player_choice":"Change","damage_taken":0,"max_hp_gain":0,"max_hp_loss":0,"event_name":"Living Wall","floor":12,"gold_loss":0,"cards_obtained":["bronze:Deprecate"]}],"is_beta":false,"boss_relics":[],"items_purged_floors":[],"is_endless":false,"potions_floor_spawned":[3,6,8,15],"killed_by":"WA_ARCHETYPE_RETAIN","ascension_level":2}}