{"host":"vr9me2kif8p2xyyc","time":1612476021,"event":{"mods":["2.2 Compatiblity","A Magickal Journey","AchievementEnabler","Act Like it!","Arknights","Aspiration","Astrologer","Bard","Bartender","BaseMod","Beaked The Cultist","Better Match","Better Note","Better Skull","Better Third Choice","BetterRewards","Block Reminder","Booster Modes","CapriCore","Challenge The Spire","ChefMod","Clawfect","Colored Map","Colored Powertips","Conjunction","Conspire","Downfall","Elementarium","Energized Spire","Friendly Minions","GifTheSpireLib","Glutton Mod","Halation","Hallownest","Hermit","Hubris","Jorbs\u0027s Wanderer Trilogy","Kratos Character Expansion","Mad Scientist","Marisa????????","Minty Spire (QoL Compilation)","Pale of the Ancients","Permanent Neow","Potionbrewer","QueenMod","Quick Restart","Random Character Button","Rare Cards Sparkle","Relic Stats","Reliquary","Remilia??????","Replay The Spire","Reworked Bosses","Robot Space Explorer","SCP261 Mod","SIMod","Shade Mod","Shop Mod","Slumbering Mod","Spicy Shops","Spikes Relics","Spire Arcade","StSLib","Stuff the Spire","SuperFastMode","Td1madao Mod","The Alterego","The Animator","The Blackbeard","The Bladedancer","The Blue Laboratory","The Bug Knight","The Caster","The Clintock","The Construct","The Cursed","The Death Knight","The Disciple","The Dragon Tamer","The Druid","The Elementalist","The Exalted","The Extravagant","The Fake Hero","The Florist","The Forsaken","The Gatherer","The Hayseed","The Hierophant","The Immortal","The Judge","The Jungle","The Kombatant","The Marked","The Mystic","The Necromancer","The Poker Player","The Problem Sleuth","The Runesmith","The Sage","The Servant 0.9.4","The Spell Scribe","The Valiant","TheBandit","TheFirefly","TheVacant","TheWitcher","Treasure Hunter","Wandering Minibosses","Yohane!","thorton"],"gold_per_floor":[113,113,113,129,18,49,63,63,63,63,78,78,95,95,95,192,192,204,204,204,15,39,61,61,71,71],"floor_reached":25,"language":"ENG","playtime":1336,"items_purged":["Regret"],"score":201,"play_id":"308a3c65-efbb-4557-9d86-dd75c3e9a66a","local_time":"20210204160021","is_ascension_mode":false,"campfire_choices":[{"data":"theMarked:Toughness","floor":8,"key":"SMITH"},{"data":"theMarked:ContemptForTheProud","floor":10,"key":"SMITH"},{"data":"theMarked:MuscleMemory","floor":24,"key":"SMITH"}],"circlet_count":0,"master_deck":["theMarked:Strike","theMarked:Strike","theMarked:Strike","theMarked:Strike","theMarked:Strike","theMarked:Defend","theMarked:Defend","theMarked:Defend","theMarked:Defend","theMarked:SoldierOfQuellstein","SnafuTest:CurseWeakArmy","theMarked:Toughness+1","theMarked:ContemptForTheProud+1","theMarked:StartUp","theMarked:Improvise","theMarked:Improvise+1","theMarked:OneWithTheBlade","theMarked:ComboAttacks","theMarked:Convert","theMarked:MuscleMemory+1","TheSimpletonMod:Spoilage","theMarked:EternalStudent","TH:BikiniMail","theMarked:HeightenedSenses","astrologer:TheChariot+1","Shame","Normality","theMarked:Heritage","theMarked:ResourceFulStrike+1","theMarked:HeightenedSenses"],"relics":["theMarked:ArtifactOfAir","StuffTheSpire:RedRose","aspiration:FrozenJewel","sagemod:Creepy_Carousel","reliquary:PurpleTingedLeaf","elementalistmod:YellowCirclet","Bromod:ArcaneEnergize","HollowMod:PaleOreRelic","halation:IllGainedPizza","HollowMod:LifeEnderRelic"],"acts_visited":["Exordium","TheCity"],"potions_floor_usage":[16,23],"damage_taken":[{"damage":7,"enemies":"Small Slimes","floor":1,"turns":4},{"damage":2,"enemies":"2 Louse","floor":4,"turns":3},{"damage":14,"enemies":"3 Sentries","floor":6,"turns":7},{"damage":4,"enemies":"Cultist","floor":7,"turns":3},{"damage":5,"enemies":"Blue Slaver","floor":11,"turns":4},{"damage":3,"enemies":"2 Fungi Beasts","floor":13,"turns":3},{"damage":31,"enemies":"Hexaghost","floor":16,"turns":8},{"damage":28,"enemies":"Chosen","floor":18,"turns":5},{"damage":12,"enemies":"Shell Parasite","floor":22,"turns":4},{"damage":17,"enemies":"Snecko","floor":23,"turns":5},{"damage":37,"enemies":"Gremlin Leader","floor":25,"turns":6}],"seed_played":"3979184192642888954","potions_obtained":[{"floor":1,"key":"SCP261:EnergyGasPotion"},{"floor":11,"key":"blueLaboratory:EmptyBottle"},{"floor":13,"key":"blueLaboratory:BottleOfVodka"},{"floor":16,"key":"blueLaboratory:BottleOfRum"}],"is_trial":false,"path_per_floor":["M","?","?","M","$","E","M","R","T","R","M","?","M","?","R_BF","B",null,"M","?","?","$","M","M","R","E"],"character_chosen":"THE_DEFAULT","items_purchased":["theMarked:Improvise","halation:IllGainedPizza","HollowMod:LifeEnderRelic"],"campfire_rested":0,"item_purchase_floors":[5,21,21],"current_hp_per_floor":[63,63,63,61,61,47,43,43,43,43,38,38,36,45,68,39,79,52,52,52,52,41,24,24,0,0],"gold":71,"neow_bonus":"THREE_RARE_CARDS","is_daily":false,"chose_seed":false,"campfire_upgraded":3,"win_rate":0.0,"timestamp":1612476021,"path_taken":["M","?","?","M","$","E","?","R","T","R","M","?","M","?","R_BF","BOSS","M","?","?","$","M","M","R","E"],"items_purchased_type":["Card","Relic","Relic"],"build_version":"2020-12-22","purchased_purges":1,"victory":false,"max_hp_per_floor":[70,70,70,70,70,70,70,70,70,70,70,70,70,79,79,79,79,79,79,79,79,79,79,79,79,79],"relic_stats":{"counters":[118,660],"obtain_stats":[{"hermit:ClaspedLocket":34,"conspire:RoyalGoblet":34,"Gremlin Horn":32,"CeramicFish":10,"potionbrewer:AlchemistFlask":19,"Conjunction:SoulLantern":46,"Whetstone":40,"Old Coin":38,"theForsaken:HumbleEgg":0,"Archangels Feather":17,"Strawberry":42,"Honey Jar":17,"halation:KoshaPiece":26,"HollowMod:PaleOreRelic":20,"Replay:Wax Seal":3,"MerchantsRug":30,"Sneakers":0,"Happy Flower":23,"wanderingMiniBosses:ThiefScarf":46,"aspiration:Nostalgia":0,"ReplayTheSpireMod:CursedCoin":13,"conspire:SlowCooker":17,"Bromod:ArcaneConsequence":10,"aspiration:FrozenJewel":3,"WarpedTongs":5,"potionbrewer:Torch":12,"SlaversCollar":17,"Bottled Flame":26,"aspiration:EmptySkull":9,"ReplayTheSpireMod:Shallot":26,"sagemod:Creepy_Carousel":6,"Bromod:ArcaneEnergize":17,"Simple Rune":17,"Onion Ring":14,"theSlumbering:EnchantedHammer":17,"thethorton:CrushedCigarette":34,"hermit:Momento":0,"Abe\u0027s Treasure":17,"NlothsMask":21,"Meat on the Bone":0,"ReplayFunnel":11,"SnailShell":47,"Torii":0,"halation:TrafficLight":0,"BrokenLever":43,"halation:WeightlessCrab":50,"Incense Burner":7,"Juzu Bracelet":9,"sagemod:Blowpipe":6,"sagemod:The_Guidebook_Guide":48,"Winged Necklace":46,"Replay:Bandana":10,"Dream Catcher":10,"reliquary:HotPoker":24,"theForsaken:Kindling":25,"MiniBlackHole":14,"elementalistmod:YellowCirclet":4,"astrologer:SkyMirror":0,"halation:Toothbrush":7,"StuffTheSpire:RedRose":14,"halation:LettersToHer":4,"HollowMod:LifeEnderRelic":21,"Golden Idol":3,"Guide Book":42,"halation:IllGainedPizza":21,"Replay:WaspNest":8,"theSlumbering:SlimeShield":28,"hubris:Towel":7,"Frozen Egg 2":43,"Orichalcum":9,"halation:SelfBoilingWater":17,"Bromod:ArcaneMomentum":48,"Calling Bell":17,"Strange Spoon":0,"halation:SwordOfLegend":9,"halation:EternalFortune":39,"Snack Pack":9,"SpikesRelics:DaevaFist":38,"Garlic":10,"Runesmith:AutoHammer":50,"Membership Card":4,"halation:PinkSoulGem":3,"Toy Ornithopter":9,"reliquary:PurpleTingedLeaf":9,"Huge Egg":26,"ReplayTheSpireMod:ShopPack":28},{"hermit:ClaspedLocket":16,"conspire:RoyalGoblet":33,"Gremlin Horn":55,"CeramicFish":5,"potionbrewer:AlchemistFlask":27,"Conjunction:SoulLantern":41,"Whetstone":60,"Old Coin":36,"theForsaken:HumbleEgg":88,"Archangels Feather":95,"Strawberry":39,"Honey Jar":26,"halation:KoshaPiece":30,"HollowMod:PaleOreRelic":115,"Replay:Wax Seal":78,"MerchantsRug":14,"Sneakers":0,"Happy Flower":29,"wanderingMiniBosses:ThiefScarf":41,"aspiration:Nostalgia":0,"ReplayTheSpireMod:CursedCoin":48,"conspire:SlowCooker":73,"Bromod:ArcaneConsequence":22,"aspiration:FrozenJewel":108,"WarpedTongs":101,"potionbrewer:Torch":83,"SlaversCollar":49,"Bottled Flame":98,"aspiration:EmptySkull":5,"ReplayTheSpireMod:Shallot":53,"sagemod:Creepy_Carousel":110,"Bromod:ArcaneEnergize":114,"Simple Rune":95,"Onion Ring":106,"theSlumbering:EnchantedHammer":85,"thethorton:CrushedCigarette":56,"hermit:Momento":0,"Abe\u0027s Treasure":9,"NlothsMask":27,"Meat on the Bone":76,"ReplayFunnel":104,"SnailShell":41,"Torii":65,"halation:TrafficLight":18,"BrokenLever":39,"halation:WeightlessCrab":42,"Incense Burner":91,"Juzu Bracelet":92,"sagemod:Blowpipe":21,"sagemod:The_Guidebook_Guide":41,"Winged Necklace":41,"Replay:Bandana":70,"Dream Catcher":81,"reliquary:HotPoker":98,"theForsaken:Kindling":30,"MiniBlackHole":8,"elementalistmod:YellowCirclet":20,"astrologer:SkyMirror":0,"halation:Toothbrush":102,"StuffTheSpire:RedRose":48,"halation:LettersToHer":101,"HollowMod:LifeEnderRelic":115,"Golden Idol":44,"Guide Book":61,"halation:IllGainedPizza":115,"Replay:WaspNest":47,"theSlumbering:SlimeShield":14,"hubris:Towel":21,"Frozen Egg 2":61,"Orichalcum":69,"halation:SelfBoilingWater":95,"Bromod:ArcaneMomentum":41,"Calling Bell":95,"Strange Spoon":65,"halation:SwordOfLegend":80,"halation:EternalFortune":59,"Snack Pack":21,"SpikesRelics:DaevaFist":59,"Garlic":93,"Runesmith:AutoHammer":42,"Membership Card":67,"halation:PinkSoulGem":2,"Toy Ornithopter":47,"reliquary:PurpleTingedLeaf":111,"Huge Egg":12,"ReplayTheSpireMod:ShopPack":30},{"hermit:ClaspedLocket":98,"conspire:RoyalGoblet":194,"Gremlin Horn":335,"CeramicFish":16,"potionbrewer:AlchemistFlask":145,"Conjunction:SoulLantern":257,"Whetstone":357,"Old Coin":213,"theForsaken:HumbleEgg":508,"Archangels Feather":552,"Strawberry":240,"Honey Jar":143,"halation:KoshaPiece":166,"HollowMod:PaleOreRelic":645,"Replay:Wax Seal":442,"MerchantsRug":72,"Sneakers":0,"Happy Flower":158,"wanderingMiniBosses:ThiefScarf":257,"aspiration:Nostalgia":0,"ReplayTheSpireMod:CursedCoin":289,"conspire:SlowCooker":422,"Bromod:ArcaneConsequence":124,"aspiration:FrozenJewel":612,"WarpedTongs":580,"potionbrewer:Torch":476,"SlaversCollar":295,"Bottled Flame":571,"aspiration:EmptySkull":16,"ReplayTheSpireMod:Shallot":325,"sagemod:Creepy_Carousel":622,"Bromod:ArcaneEnergize":640,"Simple Rune":552,"Onion Ring":604,"theSlumbering:EnchantedHammer":493,"thethorton:CrushedCigarette":342,"hermit:Momento":0,"Abe\u0027s Treasure":38,"NlothsMask":145,"Meat on the Bone":435,"ReplayFunnel":598,"SnailShell":257,"Torii":383,"halation:TrafficLight":109,"BrokenLever":240,"halation:WeightlessCrab":263,"Incense Burner":517,"Juzu Bracelet":523,"sagemod:Blowpipe":117,"sagemod:The_Guidebook_Guide":257,"Winged Necklace":257,"Replay:Bandana":402,"Dream Catcher":458,"reliquary:HotPoker":571,"theForsaken:Kindling":166,"MiniBlackHole":27,"elementalistmod:YellowCirclet":113,"astrologer:SkyMirror":0,"halation:Toothbrush":587,"StuffTheSpire:RedRose":289,"halation:LettersToHer":580,"HollowMod:LifeEnderRelic":645,"Golden Idol":274,"Guide Book":363,"halation:IllGainedPizza":645,"Replay:WaspNest":285,"theSlumbering:SlimeShield":72,"hubris:Towel":117,"Frozen Egg 2":363,"Orichalcum":396,"halation:SelfBoilingWater":552,"Bromod:ArcaneMomentum":257,"Calling Bell":552,"Strange Spoon":383,"halation:SwordOfLegend":452,"halation:EternalFortune":352,"Snack Pack":117,"SpikesRelics:DaevaFist":352,"Garlic":535,"Runesmith:AutoHammer":263,"Membership Card":388,"halation:PinkSoulGem":7,"Toy Ornithopter":285,"reliquary:PurpleTingedLeaf":625,"Huge Egg":57,"ReplayTheSpireMod:ShopPack":166}]},"card_choices":[{"not_picked":["theMarked:Levitate","theMarked:DispelDoubt"],"picked":"theMarked:Toughness","floor":0},{"not_picked":["theMarked:ElectricStrings","theMarked:WardOff"],"picked":"theMarked:ContemptForTheProud","floor":1},{"not_picked":["theMarked:RepellingDischarge","theMarked:TwofoldDefense"],"picked":"theMarked:StartUp","floor":4},{"not_picked":["theMarked:BanishingStrike","theMarked:LightningStrikesTwice"],"picked":"theMarked:OneWithTheBlade","floor":6},{"not_picked":["TH:BikiniMail","TH:TreasureMap"],"picked":"SKIP","floor":6},{"not_picked":["theMarked:Memento","theMarked:ChainLightning"],"picked":"theMarked:ComboAttacks","floor":7},{"not_picked":["TH:ArmorSpikes","TH:CursedSword"],"picked":"SKIP","floor":9},{"not_picked":["theMarked:TakeCover","theMarked:Indomitable"],"picked":"theMarked:Convert","floor":11},{"not_picked":["theMarked:GodGivenPower","theMarked:ResourceFulStrike"],"picked":"theMarked:MuscleMemory","floor":13},{"not_picked":["theMarked:Toughness","theMarked:TurnInvisible"],"picked":"theMarked:EternalStudent","floor":16},{"not_picked":["TH:EnergyPotion"],"picked":"TH:BikiniMail","floor":16},{"not_picked":["theMarked:Memento","theMarked:TunnelVision"],"picked":"theMarked:HeightenedSenses","floor":18},{"not_picked":["theMarked:Aftermath","theMarked:ResourceFulStrike"],"picked":"theMarked:Heritage","floor":22},{"not_picked":["theMarked:TunnelVision","theMarked:Aftermath+1"],"picked":"theMarked:ResourceFulStrike+1","floor":23}],"player_experience":1213702,"relics_obtained":[{"floor":6,"key":"sagemod:Creepy_Carousel"},{"floor":9,"key":"reliquary:PurpleTingedLeaf"}],"event_choices":[{"damage_healed":0,"gold_gain":0,"player_choice":"Gave Potion","damage_taken":0,"relics_obtained":["aspiration:FrozenJewel"],"max_hp_gain":0,"max_hp_loss":0,"event_name":"WeMeetAgain","floor":3,"gold_loss":0},{"cards_removed":["theMarked:Toughness"],"damage_healed":0,"gold_gain":0,"player_choice":"Take \u0026 Give","damage_taken":0,"max_hp_gain":0,"max_hp_loss":0,"event_name":"betterNote:BetterNote","floor":19,"gold_loss":0,"cards_obtained":["astrologer:TheChariot"]},{"damage_healed":0,"gold_gain":0,"player_choice":"Stole Relic","damage_taken":0,"relics_obtained":["HollowMod:PaleOreRelic"],"max_hp_gain":0,"max_hp_loss":0,"event_name":"Addict","floor":20,"gold_loss":0,"cards_obtained":["Shame"]}],"is_beta":false,"boss_relics":[{"not_picked":["StuffTheSpire:RunicHypercube","Runic Dome"],"picked":"Bromod:ArcaneEnergize"}],"items_purged_floors":[5],"is_endless":false,"potions_floor_spawned":[1,11,13,16],"killed_by":"Gremlin Leader","ascension_level":0}}