{"host":"6q6idgl71g9ab7at","time":1612424804,"event":{"mods":["BaseMod","Minty Spire (QoL Compilation)","StSLib","SuperFastMode"],"gold_per_floor":[112,131,141,216,54,54,84,84,137,149,149,149,169,69,69,69,69],"floor_reached":16,"language":"KOR","playtime":230,"items_purged":["Defend_R","Defend_R"],"score":120,"play_id":"2b702d87-31a2-4f2f-a9d6-316720efd0e2","local_time":"20210204164644","is_ascension_mode":true,"campfire_choices":[{"data":"Madness","floor":6,"key":"SMITH"},{"data":"Pommel Strike","floor":8,"key":"SMITH"},{"data":"Bash","floor":11,"key":"SMITH"},{"data":"Headbutt","floor":15,"key":"SMITH"}],"circlet_count":0,"master_deck":["Strike_R","Strike_R","Strike_R","Strike_R","Strike_R","Defend_R","Defend_R","Bash+1","Headbutt+1","Headbutt","Madness+1","Pommel Strike+1","Shrug It Off"],"relics":["Burning Blood","StoneCalendar","PreservedInsect","MealTicket"],"acts_visited":["Exordium"],"potions_floor_usage":[],"damage_taken":[{"damage":0,"enemies":"Small Slimes","floor":1,"turns":3},{"damage":6,"enemies":"Cultist","floor":2,"turns":3},{"damage":7,"enemies":"Jaw Worm","floor":3,"turns":3},{"damage":25,"enemies":"3 Sentries","floor":7,"turns":7},{"damage":6,"enemies":"Exordium Wildlife","floor":10,"turns":3},{"damage":6,"enemies":"3 Louse","floor":13,"turns":3},{"damage":48,"enemies":"The Guardian","floor":16,"turns":4}],"seed_played":"-7950043463004914955","potions_obtained":[{"floor":7,"key":"Regen Potion"},{"floor":10,"key":"PowerPotion"}],"is_trial":false,"path_per_floor":["M","M","M","?","$","R","E","R","T","M","R","?","M","$","R","B"],"character_chosen":"IRONCLAD","items_purchased":["Madness"],"campfire_rested":0,"item_purchase_floors":[5],"current_hp_per_floor":[62,62,61,50,50,50,31,31,31,31,31,31,31,46,46,0,0],"gold":69,"neow_bonus":"ONE_RARE_RELIC","is_daily":false,"chose_seed":false,"campfire_upgraded":4,"win_rate":0.0,"timestamp":1612424804,"path_taken":["M","M","M","?","$","R","E","R","T","M","R","?","?","?","R","BOSS"],"items_purchased_type":["Card"],"build_version":"2020-12-22","purchased_purges":2,"victory":false,"max_hp_per_floor":[80,80,80,80,80,80,80,80,80,80,80,80,80,80,80,80,80],"card_choices":[{"not_picked":["Heavy Blade","Cleave"],"picked":"Headbutt","floor":1},{"not_picked":["Intimidate","Shockwave","Power Through"],"picked":"SKIP","floor":2},{"not_picked":["Juggernaut","Fire Breathing"],"picked":"Headbutt","floor":3},{"not_picked":["Wild Strike","Pummel"],"picked":"Pommel Strike","floor":7},{"not_picked":["Blood for Blood","Thunderclap","Inflame"],"picked":"SKIP","floor":10},{"not_picked":["Flex","Wild Strike"],"picked":"Shrug It Off","floor":13}],"player_experience":7214,"relics_obtained":[{"floor":7,"key":"PreservedInsect"},{"floor":9,"key":"MealTicket"}],"event_choices":[{"damage_healed":0,"gold_gain":75,"player_choice":"Gather Gold","damage_taken":11,"max_hp_gain":0,"max_hp_loss":0,"event_name":"World of Goop","floor":4,"gold_loss":0},{"damage_healed":0,"gold_gain":0,"player_choice":"Bought 0 Potions","damage_taken":0,"max_hp_gain":0,"max_hp_loss":0,"event_name":"The Woman in Blue","floor":12,"gold_loss":0}],"is_beta":false,"boss_relics":[],"items_purged_floors":[5,14],"is_endless":false,"potions_floor_spawned":[7,10],"killed_by":"The Guardian","ascension_level":4}}