{"host":"rtw1tnr74gozsrw1","time":1612406154,"event":{"mods":["BaseMod","Colored Map","Colored Powertips","Highlight Path","Minty Spire (QoL Compilation)","StSLib","The Jungle"],"gold_per_floor":[112,131,131,150,163,163,197,197,197,122,122,122,152,172,172,269,269,279,279,179,278,288,288,320,320,345,345,270,287,287,287,287],"floor_reached":31,"language":"ENG","playtime":616,"items_purged":["Strike_B","Defend_B"],"score":313,"play_id":"3a49e175-c4e3-4c3d-b48a-ff27e1ce4229","local_time":"20210204033554","is_ascension_mode":true,"campfire_choices":[{"data":"Redo","floor":6,"key":"SMITH"},{"data":"Chaos","floor":8,"key":"SMITH"},{"data":"Self Repair","floor":11,"key":"SMITH"},{"floor":15,"key":"REST"},{"data":"Dualcast","floor":23,"key":"SMITH"},{"data":"Doom and Gloom","floor":25,"key":"SMITH"},{"floor":27,"key":"REST"}],"circlet_count":0,"master_deck":["Defend_B","Defend_B","Zap","Dualcast+1","Redo+1","Doom and Gloom+1","Doom and Gloom+1","Self Repair+1","Chaos+1","Electrodynamics","Hyperbeam+1","Double Energy+1","Heatsinks+1","Conserve Battery+1","Seek"],"relics":["Cracked Core","NeowsBlessing","Orichalcum","Toy Ornithopter","Symbiotic Virus","Astrolabe","Omamori","Regal Pillow"],"acts_visited":["Exordium","TheCity"],"potions_floor_usage":[16,24],"damage_taken":[{"damage":0,"enemies":"Jaw Worm","floor":1,"turns":1},{"damage":0,"enemies":"2 Louse","floor":2,"turns":1},{"damage":0,"enemies":"Cultist","floor":4,"turns":1},{"damage":1,"enemies":"Lots of Slimes","floor":5,"turns":2},{"damage":25,"enemies":"Lagavulin","floor":7,"turns":5},{"damage":34,"enemies":"Gremlin Nob","floor":13,"turns":4},{"damage":6,"enemies":"Looter","floor":14,"turns":2},{"damage":14,"enemies":"Slime Boss","floor":16,"turns":8},{"damage":5,"enemies":"Spheric Guardian","floor":18,"turns":3},{"damage":18,"enemies":"2 Thieves","floor":22,"turns":3},{"damage":40,"enemies":"Gremlin Leader","floor":24,"turns":6},{"damage":36,"enemies":"Centurion and Healer","floor":29,"turns":4},{"damage":0,"enemies":"Snake Plant","floor":31,"turns":1}],"seed_played":"5409950531119592988","potions_obtained":[{"floor":5,"key":"ColorlessPotion"},{"floor":7,"key":"SpeedPotion"},{"floor":13,"key":"FearPotion"},{"floor":18,"key":"Strength Potion"},{"floor":29,"key":"Dexterity Potion"}],"is_trial":false,"path_per_floor":["M","M","?","M","M","R","E","R","T","$","R","?","E","M","R","B",null,"M","?","$","?","M","R","E","R","T","R","?","M","?","M"],"character_chosen":"DEFECT","items_purchased":[],"campfire_rested":2,"item_purchase_floors":[],"current_hp_per_floor":[75,75,75,75,74,74,56,56,56,56,56,56,32,26,48,49,75,75,75,75,75,67,67,42,42,42,75,75,49,49,49,49],"gold":287,"neow_bonus":"THREE_ENEMY_KILL","is_daily":false,"chose_seed":false,"campfire_upgraded":5,"win_rate":0.0,"timestamp":1612406154,"path_taken":["M","M","?","M","M","R","E","R","T","$","R","?","E","M","R","BOSS","M","?","$","?","M","R","E","R","T","R","?","M","?","?"],"items_purchased_type":[],"build_version":"2020-12-22","purchased_purges":2,"victory":false,"max_hp_per_floor":[75,75,75,75,75,75,75,75,75,75,75,75,75,75,75,75,75,75,75,75,75,75,75,75,75,75,75,75,75,75,75,75],"card_choices":[{"not_picked":["Leap","Beam Cell"],"picked":"Redo","floor":1},{"not_picked":["Stack","Melter"],"picked":"Doom and Gloom","floor":2},{"not_picked":["Stack","Cold Snap"],"picked":"Doom and Gloom","floor":4},{"not_picked":["Gash","Sunder"],"picked":"Self Repair","floor":5},{"not_picked":["Amplify","Fusion"],"picked":"Chaos","floor":7},{"not_picked":["Heatsinks","Leap","Hologram"],"picked":"SKIP","floor":13},{"not_picked":["Hologram","Ball Lightning","Go for the Eyes"],"picked":"SKIP","floor":14},{"not_picked":["Echo Form","Thunder Strike"],"picked":"Electrodynamics","floor":16},{"not_picked":["Go for the Eyes+1","Rebound+1","Ball Lightning"],"picked":"SKIP","floor":18},{"not_picked":["Sunder","Reprogram"],"picked":"Conserve Battery+1","floor":22},{"not_picked":["Cold Snap","Ball Lightning"],"picked":"Seek","floor":24},{"not_picked":["Lockon","Stack","Cold Snap+1"],"picked":"SKIP","floor":29}],"player_experience":102280,"relics_obtained":[{"floor":7,"key":"Orichalcum"},{"floor":9,"key":"Toy Ornithopter"},{"floor":13,"key":"Symbiotic Virus"},{"floor":24,"key":"Omamori"},{"floor":26,"key":"Regal Pillow"}],"event_choices":[{"damage_healed":0,"gold_gain":0,"player_choice":"Ignored","damage_taken":0,"max_hp_gain":0,"max_hp_loss":0,"event_name":"Liars Game","floor":3,"gold_loss":0},{"damage_healed":0,"gold_gain":0,"player_choice":"Fled","damage_taken":0,"max_hp_gain":0,"max_hp_loss":0,"event_name":"Scrap Ooze","floor":12,"gold_loss":0},{"damage_healed":0,"gold_gain":0,"player_choice":"Ignored","damage_taken":0,"max_hp_gain":0,"max_hp_loss":0,"event_name":"The Mausoleum","floor":19,"gold_loss":0},{"damage_healed":0,"gold_gain":99,"player_choice":"Stole From Cult","damage_taken":0,"max_hp_gain":0,"max_hp_loss":0,"event_name":"Nest","floor":21,"gold_loss":0},{"cards_removed":["Defend_B"],"damage_healed":0,"gold_gain":0,"player_choice":"Gave Gold","damage_taken":0,"max_hp_gain":0,"max_hp_loss":0,"event_name":"Beggar","floor":28,"gold_loss":75},{"damage_healed":0,"gold_gain":0,"player_choice":"Forge","damage_taken":0,"max_hp_gain":0,"max_hp_loss":0,"event_name":"Accursed Blacksmith","floor":30,"gold_loss":0,"cards_upgraded":["Doom and Gloom"]}],"is_beta":false,"boss_relics":[{"not_picked":["Black Star","Ectoplasm"],"picked":"Astrolabe"}],"items_purged_floors":[10,20],"is_endless":false,"potions_floor_spawned":[5,7,13,18,29],"killed_by":"Snake Plant","ascension_level":4}}