{"host":"6xsbn6ynqlzwllfm","time":1612450710,"event":{"mods":["2.2 Compatiblity","BaseMod","Bestiary","Colored Map","Colored Powertips","Curses Come First","Downfall","Highlight Path","Keyboard Shortcuts","Minty Spire (QoL Compilation)","Relic Stats","Slay the Relics Exporter","StSLib","SuperFastMode"],"gold_per_floor":[99,99,159,159,259,284,284,284,48,66,85,85,103,135,154,154,154,154],"floor_reached":16,"language":"ENG","playtime":1661,"items_purged":["downfall:Malfunctioning"],"score":108,"play_id":"4d72d092-88e1-4d99-9f68-f6d94fc16bac","local_time":"20210204095830","is_ascension_mode":false,"campfire_choices":[{"floor":1,"key":"RECALL"},{"data":"bronze:FineTuning","floor":12,"key":"SMITH"}],"circlet_count":0,"master_deck":["bronze:Strike","bronze:Strike","bronze:Defend+1","bronze:Defend","bronze:Defend","bronze:Defend+1","bronze:Replicate","bronze:Goto","bronze:ChosenStrike","bronze:Optimize+1","bronze:Explode","bronze:Flail","bronze:Philosophize+1","bronze:DarkDash","bronze:ClassDefault","bronze:FineTuning+1","bronze:Break","bronze:FineTuning","bronze:BronzeOrb","bronze:Boost"],"relics":["bronze:BronzeCore","downfall:HeartsMalice","Art of War","Singing Bowl","Pear","Sling","bronze:ProtectiveGoggles"],"acts_visited":["Exordium"],"potions_floor_usage":[9,9,9,16,16],"damage_taken":[{"damage":0,"enemies":"Jaw Worm","floor":2,"turns":1},{"damage":0,"enemies":"3 Sentries","floor":3,"turns":1},{"damage":0,"enemies":"3 Sentries","floor":4,"turns":1},{"damage":31,"enemies":"downfall:Heads","floor":5,"turns":5},{"damage":16,"enemies":"Gremlin Nob","floor":6,"turns":5},{"damage":9,"enemies":"downfall:FleeingMerchant","floor":9,"turns":4},{"damage":0,"enemies":"2 Louse","floor":10,"turns":2},{"damage":0,"enemies":"Small Slimes","floor":11,"turns":2},{"damage":4,"enemies":"Blue Slaver","floor":13,"turns":2},{"damage":10,"enemies":"3 Sentries","floor":14,"turns":3},{"damage":4,"enemies":"Gremlin Gang","floor":15,"turns":5},{"damage":17,"enemies":"IC_STATUS_ARCHETYPE","floor":16,"turns":4}],"seed_played":"4899310535264649250","potions_obtained":[{"floor":3,"key":"CultistPotion"},{"floor":4,"key":"hexamod:SoulburnPotion"},{"floor":6,"key":"AttackPotion"},{"floor":13,"key":"CultistPotion"},{"floor":14,"key":"Explosive Potion"},{"floor":15,"key":"Weak Potion"}],"is_trial":false,"path_per_floor":["R","M","?","?","?","E","T","?","$","M","M","R","M","E","M","B"],"character_chosen":"THE_AUTOMATON","items_purchased":["Sling"],"campfire_rested":0,"item_purchase_floors":[9],"current_hp_per_floor":[70,70,70,70,39,23,33,33,24,24,24,24,20,10,8,0,0,0],"gold":154,"neow_bonus":"THREE_ENEMY_KILL","is_daily":false,"chose_seed":false,"campfire_upgraded":1,"win_rate":0.0,"timestamp":1612450710,"path_taken":["R","M","?","?","?","E","T","?","?","M","M","R","M","E","M","BOSS"],"items_purchased_type":["Relic"],"build_version":"2020-12-22","purchased_purges":1,"victory":false,"max_hp_per_floor":[70,70,70,70,70,70,80,80,80,80,80,80,80,80,82,82,82,82],"relic_stats":{"Singing Bowl":2,"counters":[12,32],"Art of War":[6],"obtain_stats":[{"bronze:BronzeCore":0,"Pear":7,"Singing Bowl":6,"bronze:ProtectiveGoggles":14,"downfall:HeartsMalice":0,"Art of War":3,"Sling":9},{"bronze:BronzeCore":0,"Pear":5,"Singing Bowl":5,"bronze:ProtectiveGoggles":10,"downfall:HeartsMalice":0,"Art of War":2,"Sling":6},{"bronze:BronzeCore":0,"Pear":10,"Singing Bowl":10,"bronze:ProtectiveGoggles":23,"downfall:HeartsMalice":0,"Art of War":0,"Sling":14}]},"card_choices":[{"not_picked":["bronze:Deprecate","bronze:Frontload"],"picked":"bronze:ChosenStrike","floor":2},{"not_picked":["bronze:Flail","bronze:CutThrough"],"picked":"bronze:Optimize","floor":3},{"not_picked":[],"picked":"bronze:Explode","floor":4},{"not_picked":["bronze:Allocate","bronze:Repair"],"picked":"bronze:Flail","floor":4},{"not_picked":["bronze:BitShift","bronze:GetLatest"],"picked":"bronze:Philosophize","floor":5},{"not_picked":["bronze:ChosenStrike","bronze:Allocate"],"picked":"bronze:ClassDefault","floor":6},{"not_picked":["bronze:BuggyMess","bronze:FollowUp"],"picked":"bronze:FineTuning","floor":9},{"not_picked":["bronze:Philosophize","bronze:Invalidate"],"picked":"bronze:Break","floor":10},{"not_picked":["bronze:DelayedGuard","bronze:WildBeam"],"picked":"bronze:FineTuning","floor":11},{"not_picked":["bronze:BitShift","bronze:ChildClass"],"picked":"bronze:BronzeOrb","floor":13},{"not_picked":["bronze:BuggyMess","bronze:Overheat"],"picked":"bronze:Boost","floor":14},{"not_picked":["bronze:Boost","bronze:ForLoop","bronze:Overheat"],"picked":"Singing Bowl","floor":15}],"player_experience":1608990,"relics_obtained":[{"floor":3,"key":"Art of War"},{"floor":6,"key":"Singing Bowl"},{"floor":7,"key":"Pear"},{"floor":14,"key":"bronze:ProtectiveGoggles"}],"event_choices":[],"is_beta":false,"boss_relics":[],"items_purged_floors":[9],"is_endless":false,"potions_floor_spawned":[3,4,6,13,14,15],"killed_by":"IC_STATUS_ARCHETYPE","ascension_level":0}}