{"host":"sc0o2qwpf9j16a4i","time":1612446250,"event":{"mods":["AchievementEnabler","BaseMod","BetterRewards","Block Reminder","Colored Map","Colored Powertips","Custom Start","Highlight Path","Minty Spire (QoL Compilation)","Relic Stats"],"gold_per_floor":[115,37,37,52,52,88,88,88,88,103,139,139,151,196,208,351,363,393,365,377,389,415,427,474,486,498,534,586,617,629,659,671,806,818,853,151,0,16,16,54,75,116,116,116,116,449,461,50,50,50],"floor_reached":51,"language":"ENG","playtime":1079,"items_purged":["Doubt","Decay"],"score":1034,"play_id":"f79f395b-bcaf-4c4f-8c06-dd19431299c7","local_time":"20210204154410","daily_mods":["Cursed Run","Red Cards","Lethality"],"is_ascension_mode":false,"campfire_choices":[{"data":"Fire Breathing","floor":8,"key":"SMITH"},{"data":"Limit Break","floor":15,"key":"SMITH"},{"data":"Armaments","floor":23,"key":"SMITH"},{"data":"Terror","floor":25,"key":"SMITH"},{"data":"Storm of Steel","floor":30,"key":"SMITH"},{"data":"Pommel Strike","floor":32,"key":"SMITH"},{"data":"Apotheosis","floor":49,"key":"SMITH"}],"circlet_count":0,"master_deck":["Survivor","Neutralize+1","Sucker Punch+1","Fire Breathing+1","Injury","Dagger Throw","Wild Strike+1","Pommel Strike+1","Terror+1","Limit Break+1","Reaper","Reaper","Armaments+1","Power Through","Demon Form+1","Finisher","Havoc","Dagger Spray","Storm of Steel+1","Double Tap","Doppelganger","Dodge and Roll","Clumsy","Decay","Pommel Strike+1","Clumsy","PiercingWail","Second Wind","Doubt","Impervious","Apotheosis+1","Limit Break+1","Acrobatics","Flame Barrier","Apotheosis","Mind Blast","Dramatic Entrance","Leg Sweep","Shame","Shame","Footwork+1","Clumsy"],"relics":["Cursed Key","Darkstone Periapt","Du-Vu Doll","Matryoshka","Tiny Chest","InkBottle","Nunchaku","MawBank","MealTicket","Pandora\u0027s Box","Snake Skull","Shuriken","StrikeDummy","Unceasing Top","Torii","Sozu","DollysMirror","Pear","Red Mask","Sundial","TungstenRod","Potion Belt","Frozen Egg 2","Ninja Scroll"],"acts_visited":["Exordium","TheCity","TheBeyond"],"potions_floor_usage":[16,16,24,27,31],"damage_taken":[{"damage":1,"enemies":"Small Slimes","floor":1,"turns":4},{"damage":2,"enemies":"Jaw Worm","floor":4,"turns":3},{"damage":28,"enemies":"Gremlin Nob","floor":6,"turns":4},{"damage":0,"enemies":"2 Louse","floor":10,"turns":1},{"damage":7,"enemies":"3 Sentries","floor":11,"turns":4},{"damage":0,"enemies":"Lagavulin","floor":14,"turns":5},{"damage":23,"enemies":"Hexaghost","floor":16,"turns":5},{"damage":9,"enemies":"Chosen","floor":18,"turns":4},{"damage":0,"enemies":"Shell Parasite","floor":22,"turns":1},{"damage":15,"enemies":"Slavers","floor":24,"turns":3},{"damage":11,"enemies":"Snecko","floor":27,"turns":3},{"damage":3,"enemies":"Book of Stabbing","floor":28,"turns":2},{"damage":4,"enemies":"Chosen and Byrds","floor":29,"turns":2},{"damage":28,"enemies":"Centurion and Healer","floor":31,"turns":3},{"damage":33,"enemies":"Automaton","floor":33,"turns":5},{"damage":19,"enemies":"Orb Walker","floor":35,"turns":4},{"damage":0,"enemies":"3 Shapes","floor":38,"turns":4},{"damage":0,"enemies":"Reptomancer","floor":40,"turns":1},{"damage":1,"enemies":"Sphere and 2 Shapes","floor":41,"turns":2},{"damage":7,"enemies":"Nemesis","floor":42,"turns":3},{"damage":2,"enemies":"4 Shapes","floor":47,"turns":1},{"damage":71,"enemies":"Time Eater","floor":50,"turns":10}],"seed_played":"7503716429225990814","potions_obtained":[{"floor":10,"key":"FairyPotion"},{"floor":13,"key":"CultistPotion"},{"floor":13,"key":"BlessingOfTheForge"},{"floor":14,"key":"LiquidBronze"},{"floor":18,"key":"Block Potion"},{"floor":22,"key":"Swift Potion"},{"floor":29,"key":"DuplicationPotion"}],"is_trial":true,"path_per_floor":["M","$","?","M","?","E","?","R","T","M","E","?","?","E","R","B",null,"M","?","T","?","M","R","E","R","T","M","E","M","R","M","R","B",null,"M","$","?","M","?","E","M","E","T","T","?","?","M","$","R","B",null],"character_chosen":"THE_SILENT","items_purchased":["Fire Breathing","Apotheosis","DollysMirror","Pear","Acrobatics","Footwork+1","Ninja Scroll"],"campfire_rested":0,"item_purchase_floors":[2,36,36,36,36,48,48],"current_hp_per_floor":[69,69,75,73,58,30,30,30,36,36,29,29,29,29,29,12,88,79,79,85,91,91,91,76,76,82,95,92,88,88,106,106,79,112,99,122,122,122,112,122,121,122,128,134,127,127,125,127,127,133],"gold":50,"neow_bonus":"","is_daily":false,"chose_seed":false,"campfire_upgraded":7,"win_rate":0.0,"timestamp":1612446250,"path_taken":["M","$","?","M","?","E","?","R","T","M","E","?","?","E","R","BOSS","M","?","?","?","M","R","E","R","T","M","E","M","R","M","R","BOSS","M","$","?","M","?","E","M","E","T","?","?","?","M","?","R","BOSS"],"items_purchased_type":["Card","Card","Relic","Relic","Card","Card","Relic"],"build_version":"2020-12-22","purchased_purges":2,"victory":true,"max_hp_per_floor":[70,70,76,76,76,76,76,76,82,82,82,82,82,82,82,88,88,88,88,94,100,100,100,100,100,106,106,106,106,106,106,106,112,112,112,122,122,122,122,122,122,122,128,134,127,127,127,127,127,133],"relic_stats":{"Darkstone Periapt":60,"Torii":6,"counters":[22,74],"Snake Skull":[0],"Cursed Key":5,"MawBank":288,"Sozu":2,"Nunchaku":[10],"Shuriken":[15],"Sundial":[0],"Tiny Chest":2,"MealTicket":15,"Pandora\u0027s Box":["Reaper","Armaments","Power Through","Demon Form","Finisher","Havoc","Dagger Spray","Storm of Steel","Double Tap","Doppelganger"],"obtain_stats":[{"Darkstone Periapt":0,"Torii":28,"Snake Skull":20,"Cursed Key":0,"Sozu":34,"Nunchaku":11,"Matryoshka":6,"DollysMirror":36,"Sundial":40,"Ninja Scroll":48,"Tiny Chest":9,"MealTicket":14,"Red Mask":37,"InkBottle":9,"Potion Belt":43,"Pear":36,"Golden Idol":3,"Frozen Egg 2":44,"MawBank":12,"Du-Vu Doll":0,"Shuriken":20,"Pandora\u0027s Box":17,"StrikeDummy":24,"Unceasing Top":26,"TungstenRod":42},{"Darkstone Periapt":0,"Torii":12,"Snake Skull":8,"Cursed Key":0,"Sozu":15,"Nunchaku":5,"Matryoshka":3,"DollysMirror":16,"Sundial":18,"Ninja Scroll":21,"Tiny Chest":3,"MealTicket":6,"Red Mask":16,"InkBottle":3,"Potion Belt":20,"Pear":16,"Golden Idol":1,"Frozen Egg 2":20,"MawBank":5,"Du-Vu Doll":0,"Shuriken":8,"Pandora\u0027s Box":7,"StrikeDummy":10,"Unceasing Top":10,"TungstenRod":20},{"Darkstone Periapt":0,"Torii":39,"Snake Skull":30,"Cursed Key":0,"Sozu":49,"Nunchaku":16,"Matryoshka":11,"DollysMirror":53,"Sundial":58,"Ninja Scroll":64,"Tiny Chest":11,"MealTicket":21,"Red Mask":53,"InkBottle":11,"Potion Belt":63,"Pear":53,"Golden Idol":4,"Frozen Egg 2":63,"MawBank":16,"Du-Vu Doll":0,"Shuriken":30,"Pandora\u0027s Box":26,"StrikeDummy":34,"Unceasing Top":34,"TungstenRod":63}],"InkBottle":[20],"Unceasing Top":[4],"TungstenRod":8},"card_choices":[{"not_picked":["Prepared","Catalyst"],"picked":"Sucker Punch","floor":1},{"not_picked":["Clash","Dagger Spray"],"picked":"Dagger Throw","floor":4},{"not_picked":["Infinite Blades","Slice"],"picked":"Wild Strike","floor":6},{"not_picked":["Blade Dance","Hemokinesis"],"picked":"Pommel Strike","floor":10},{"not_picked":["Sword Boomerang","True Grit"],"picked":"Terror","floor":11},{"not_picked":["Deflect","Warcry"],"picked":"Limit Break","floor":14},{"not_picked":["Malaise","Fiend Fire"],"picked":"Reaper","floor":16},{"not_picked":["Blade Dance","Slice+1"],"picked":"Dodge and Roll","floor":18},{"not_picked":["Quick Slash","Havoc+1"],"picked":"Pommel Strike+1","floor":22},{"not_picked":["Anger","Thunderclap","Flying Knee"],"picked":"SKIP","floor":24},{"not_picked":["Headbutt","Rupture+1","Combust+1"],"picked":"SKIP","floor":27},{"not_picked":["Slice","Carnage+1"],"picked":"PiercingWail","floor":28},{"not_picked":["Setup","Juggernaut","Combust"],"picked":"SKIP","floor":29},{"not_picked":["Heavy Blade+1","Wild Strike+1"],"picked":"Second Wind","floor":31},{"not_picked":["Glass Knife","Bludgeon"],"picked":"Impervious","floor":33},{"not_picked":["Bane","Reflex","Havoc"],"picked":"SKIP","floor":35},{"not_picked":["Prepared","Pommel Strike"],"picked":"Flame Barrier","floor":38},{"not_picked":["Sadistic Nature","Purity"],"picked":"Apotheosis","floor":39},{"not_picked":["Flash of Steel","Metamorphosis"],"picked":"Mind Blast","floor":39},{"not_picked":["Enlightenment","Bandage Up"],"picked":"Dramatic Entrance","floor":39},{"not_picked":["Dagger Spray","Cleave+1"],"picked":"Leg Sweep","floor":40},{"not_picked":["Endless Agony","Blade Dance","Riddle With Holes+1"],"picked":"SKIP","floor":41},{"not_picked":["Headbutt","Sucker Punch+1","True Grit"],"picked":"SKIP","floor":42},{"not_picked":["Twin Strike","Deadly Poison+1","Flechettes"],"picked":"SKIP","floor":47}],"player_experience":1182903,"relics_obtained":[{"floor":6,"key":"Matryoshka"},{"floor":9,"key":"Tiny Chest"},{"floor":9,"key":"InkBottle"},{"floor":11,"key":"Nunchaku"},{"floor":14,"key":"MealTicket"},{"floor":20,"key":"Snake Skull"},{"floor":20,"key":"Shuriken"},{"floor":24,"key":"StrikeDummy"},{"floor":26,"key":"Unceasing Top"},{"floor":28,"key":"Torii"},{"floor":40,"key":"Sundial"},{"floor":42,"key":"TungstenRod"},{"floor":43,"key":"Potion Belt"},{"floor":44,"key":"Frozen Egg 2"}],"event_choices":[{"damage_healed":0,"gold_gain":0,"player_choice":"Take Wound","damage_taken":0,"relics_obtained":["Golden Idol"],"max_hp_gain":0,"max_hp_loss":0,"event_name":"Golden Idol","floor":3,"gold_loss":0,"cards_obtained":["Injury"]},{"damage_healed":0,"gold_gain":0,"player_choice":"Entered Light","damage_taken":15,"max_hp_gain":0,"max_hp_loss":0,"event_name":"Shining Light","floor":5,"gold_loss":0,"cards_upgraded":["Defend_G","Sucker Punch"]},{"damage_healed":0,"gold_gain":0,"player_choice":"Grow","damage_taken":0,"max_hp_gain":0,"max_hp_loss":0,"event_name":"Living Wall","floor":7,"gold_loss":0,"cards_upgraded":["Neutralize"]},{"damage_healed":0,"gold_gain":0,"player_choice":"Searched \u00272\u0027 times","damage_taken":0,"relics_obtained":["MawBank"],"max_hp_gain":0,"max_hp_loss":0,"event_name":"Dead Adventurer","floor":12,"gold_loss":0},{"damage_healed":0,"gold_gain":0,"player_choice":"Got Potions","damage_taken":0,"max_hp_gain":0,"max_hp_loss":0,"event_name":"Lab","floor":13,"gold_loss":0},{"damage_healed":0,"gold_gain":0,"player_choice":"Upgraded Two","damage_taken":0,"max_hp_gain":0,"max_hp_loss":0,"event_name":"Designer","floor":19,"gold_loss":40,"cards_upgraded":["Wild Strike","Demon Form"]},{"damage_healed":0,"gold_gain":0,"player_choice":"Smashed Altar","damage_taken":0,"max_hp_gain":0,"max_hp_loss":0,"event_name":"Forgotten Altar","floor":21,"gold_loss":0,"cards_obtained":["Decay"]},{"damage_healed":0,"gold_gain":0,"player_choice":"Paid","damage_taken":0,"relics_obtained":["Red Mask"],"max_hp_gain":0,"max_hp_loss":0,"event_name":"Tomb of Lord Red Mask","floor":37,"gold_loss":151},{"damage_healed":0,"gold_gain":0,"player_choice":"Memory 3","damage_taken":10,"max_hp_gain":0,"max_hp_loss":0,"event_name":"SensoryStone","floor":39,"gold_loss":0},{"damage_healed":0,"gold_gain":0,"player_choice":"Max HP","damage_taken":0,"max_hp_gain":0,"max_hp_loss":7,"event_name":"Winding Halls","floor":45,"gold_loss":0},{"damage_healed":0,"gold_gain":333,"player_choice":"Gave Idol","damage_taken":0,"max_hp_gain":0,"max_hp_loss":0,"event_name":"The Moai Head","floor":46,"relics_lost":["Golden Idol"],"gold_loss":0}],"is_beta":false,"boss_relics":[{"not_picked":["WristBlade","Runic Pyramid"],"picked":"Pandora\u0027s Box"},{"not_picked":["Coffee Dripper","Black Star"],"picked":"Sozu"}],"items_purged_floors":[36,48],"is_endless":false,"potions_floor_spawned":[10,14,18,22,29,38,47],"ascension_level":0}}