{"host":"w01zow3jg16g8jdh","time":1612447631,"event":{"mods":["AchievementEnabler","BaseMod","DeckTracker","Keyboard Shortcuts","Minty Spire (QoL Compilation)","Permanent Neow","StSLib","SuperFastMode"],"gold_per_floor":[12,12,23,40,50,50,77,87,87,113,113,140,150,150,150,224,224,235,247,258,258,173,199,249,261,261,261,289,289,56,71,71,145,145,161,186,186,206,106,106,134,134,134,169,169,169,169,204,204,204,204,204,204,79,112,112],"floor_reached":57,"language":"KOR","playtime":1411,"items_purged":["Strike_P+1","Strike_P+1","Strike_P+1"],"score":3092,"play_id":"78021269-cd12-40d1-b367-a4ecbde0c6cd","local_time":"20210204230711","is_ascension_mode":true,"campfire_choices":[{"data":"Eruption","floor":6.0,"key":"SMITH"},{"floor":11.0,"key":"REST"},{"floor":15.0,"key":"REST"},{"floor":27.0,"key":"REST"},{"floor":29.0,"key":"REST"},{"floor":32.0,"key":"REST"},{"floor":40.0,"key":"RECALL"},{"floor":42.0,"key":"REST"},{"floor":46.0,"key":"REST"},{"floor":49,"key":"REST"},{"floor":53,"key":"REST"}],"circlet_count":0,"master_deck":["AscendersBane","Defend_P+1","Eruption+1","Vigilance+1","BowlingBash+1","MentalFortress+1","FearNoEvil+1","LessonLearned+1","Vault+1","Adaptation+1","Wallop+1","Adaptation+1"],"relics":["PureWater","Lantern","MealTicket","Torii","Fusion Hammer","Question Card","Whetstone","Blood Vial","Prayer Wheel","TheAbacus","Sozu","CaptainsWheel","Oddly Smooth Stone","Bottled Lightning","Dream Catcher","Boot","Bag of Preparation"],"acts_visited":["Exordium","TheCity","TheBeyond","TheEnding"],"potions_floor_usage":[],"damage_taken":[{"damage":14.0,"enemies":"Jaw Worm","floor":1.0,"turns":5.0},{"damage":0.0,"enemies":"2 Louse","floor":3.0,"turns":2.0},{"damage":7.0,"enemies":"Small Slimes","floor":4.0,"turns":4.0},{"damage":14.0,"enemies":"3 Louse","floor":5.0,"turns":5.0},{"damage":16.0,"enemies":"Gremlin Nob","floor":7.0,"turns":3.0},{"damage":0.0,"enemies":"Large Slime","floor":8.0,"turns":3.0},{"damage":2.0,"enemies":"3 Sentries","floor":10.0,"turns":4.0},{"damage":0.0,"enemies":"Gremlin Nob","floor":12.0,"turns":3.0},{"damage":1.0,"enemies":"Blue Slaver","floor":13.0,"turns":4.0},{"damage":0.0,"enemies":"Slime Boss","floor":16.0,"turns":5.0},{"damage":10.0,"enemies":"Spheric Guardian","floor":18.0,"turns":5.0},{"damage":4.0,"enemies":"3 Byrds","floor":19.0,"turns":5.0},{"damage":17.0,"enemies":"Snake Plant","floor":20.0,"turns":4.0},{"damage":23.0,"enemies":"Gremlin Leader","floor":23.0,"turns":6.0},{"damage":0.0,"enemies":"Centurion and Healer","floor":25.0,"turns":5.0},{"damage":24.0,"enemies":"Book of Stabbing","floor":28.0,"turns":3.0},{"damage":9.0,"enemies":"Shelled Parasite and Fungi","floor":31.0,"turns":4.0},{"damage":13.0,"enemies":"Automaton","floor":33.0,"turns":8.0},{"damage":0.0,"enemies":"3 Shapes","floor":35.0,"turns":4.0},{"damage":0.0,"enemies":"Mind Bloom Boss Battle","floor":36.0,"turns":5.0},{"damage":0.0,"enemies":"3 Darklings","floor":38.0,"turns":9.0},{"damage":52.0,"enemies":"Giant Head","floor":41.0,"turns":12.0},{"damage":0.0,"enemies":"Nemesis","floor":44.0,"turns":4.0},{"damage":8,"enemies":"Giant Head","floor":48,"turns":6},{"damage":2,"enemies":"Donu and Deca","floor":50,"turns":9},{"damage":9,"enemies":"Awakened One","floor":51,"turns":5},{"damage":0,"enemies":"Shield and Spear","floor":55,"turns":3},{"damage":24,"enemies":"The Heart","floor":56,"turns":10}],"seed_played":"-1470919526409218896","potions_obtained":[{"floor":1.0,"key":"FearPotion"},{"floor":7.0,"key":"Ambrosia"},{"floor":8.0,"key":"SteroidPotion"},{"floor":10.0,"key":"DistilledChaos"},{"floor":12.0,"key":"EntropicBrew"},{"floor":18.0,"key":"LiquidMemories"},{"floor":23.0,"key":"Swift Potion"},{"floor":25.0,"key":"AttackPotion"},{"floor":28.0,"key":"Swift Potion"}],"is_trial":false,"path_per_floor":["M","?","M","M","M","R","E","M","T","E","R","E","M","?","R","B",null,"M","M","M","?","?","E","?","M","T","R","E","R","$","M","R","B",null,"M","?","?","M","$","R","E","R","T","E","?","R","?","E","R","B","B",null,"R","$","E","B",null],"character_chosen":"WATCHER","items_purchased":["TheAbacus"],"campfire_rested":9,"item_purchase_floors":[30],"current_hp_per_floor":[47,47,47,40,26,26,10,10,10,8,28,28,27,7,27,27,58,48,44,27,27,27,4,4,4,4,24,2,22,37,30,50,39,61,63,65,65,65,65,65,13,32,32,34,34,53,53,47,65,63,56,63,65,65,65,41],"gold":112,"neow_bonus":"REMOVE_TWO","is_daily":false,"chose_seed":false,"campfire_upgraded":1,"win_rate":0.0,"timestamp":1612447631,"path_taken":["M","?","M","M","M","R","E","M","T","E","R","E","M","?","R","BOSS","M","M","M","?","?","E","?","M","T","R","E","R","$","M","R","BOSS","M","?","?","M","$","R","E","R","T","E","?","R","?","E","R","BOSS","BOSS","R","$","E","BOSS"],"items_purchased_type":["Relic"],"build_version":"2020-12-22","purchased_purges":3,"victory":true,"max_hp_per_floor":[68,68,68,68,68,68,68,68,68,68,68,68,68,68,68,68,68,68,68,68,68,68,68,68,68,68,68,68,68,68,68,68,68,68,68,68,65,65,65,65,65,65,65,65,65,65,65,65,65,65,65,65,65,65,65,65],"card_choices":[{"not_picked":["CutThroughFate","Evaluate","SashWhip"],"picked":"SKIP","floor":1.0},{"not_picked":["Perseverance","FlyingSleeves","Devotion"],"picked":"SKIP","floor":3.0},{"not_picked":["CutThroughFate","FlyingSleeves","SashWhip"],"picked":"SKIP","floor":4.0},{"not_picked":["Nirvana","JustLucky"],"picked":"EmptyBody","floor":5.0},{"not_picked":["ConjureBlade","LikeWater"],"picked":"BowlingBash","floor":7.0},{"not_picked":["EmptyFist","Vengeance"],"picked":"MentalFortress","floor":8.0},{"not_picked":["Worship","JustLucky"],"picked":"FearNoEvil","floor":10.0},{"not_picked":["BowlingBash","PathToVictory","EmptyBody"],"picked":"SKIP","floor":12.0},{"not_picked":["Halt","EmptyFist"],"picked":"LessonLearned","floor":13.0},{"not_picked":["Omniscience","DevaForm"],"picked":"Vault","floor":16.0},{"not_picked":["WreathOfFlame","DeceiveReality","ThirdEye"],"picked":"SKIP","floor":18.0},{"not_picked":["BowlingBash","Prostrate+1","EmptyFist"],"picked":"SKIP","floor":19.0},{"not_picked":["Sanctity","FlurryOfBlows","Study"],"picked":"SKIP","floor":20.0},{"not_picked":["Swivel","ClearTheMind","ThirdEye","EmptyMind"],"picked":"SKIP","floor":23.0},{"not_picked":["Sanctity","ReachHeaven","CutThroughFate"],"picked":"Adaptation","floor":25.0},{"not_picked":["SashWhip","Evaluate","Halt","FlyingSleeves"],"picked":"SKIP","floor":28.0},{"not_picked":["Protect","Brilliance","WindmillStrike"],"picked":"Wallop+1","floor":31.0},{"not_picked":["JustLucky","Wireheading+1","WreathOfFlame+1","Consecrate"],"picked":"SKIP","floor":31.0},{"not_picked":["Evaluate","ClearTheMind+1","Wireheading","FollowUp+1"],"picked":"SKIP","floor":35.0},{"not_picked":["SashWhip","Study","Prostrate+1","Protect+1"],"picked":"SKIP","floor":35.0},{"not_picked":["Vengeance","CrushJoints+1","CutThroughFate","SashWhip"],"picked":"SKIP","floor":38.0},{"not_picked":["WindmillStrike+1","CarveReality","Protect","FlurryOfBlows"],"picked":"SKIP","floor":38.0},{"not_picked":["LikeWater","Consecrate","Alpha","Collect"],"picked":"SKIP","floor":41.0},{"not_picked":["WreathOfFlame","JustLucky+1","CrushJoints","FlyingSleeves"],"picked":"SKIP","floor":44.0},{"not_picked":["FollowUp+1","ClearTheMind+1","Meditate+1"],"picked":"Adaptation+1","floor":46.0},{"not_picked":["SignatureMove","Conclude","Weave","TalkToTheHand"],"picked":"SKIP","floor":48},{"not_picked":["Collect","Crescendo+1","Wireheading+1","SandsOfTime"],"picked":"SKIP","floor":55}],"player_experience":356385,"relics_obtained":[{"floor":7.0,"key":"Lantern"},{"floor":10.0,"key":"MealTicket"},{"floor":12.0,"key":"Torii"},{"floor":23.0,"key":"Whetstone"},{"floor":26.0,"key":"Blood Vial"},{"floor":28.0,"key":"Prayer Wheel"},{"floor":36.0,"key":"CaptainsWheel"},{"floor":41.0,"key":"Oddly Smooth Stone"},{"floor":43.0,"key":"Bottled Lightning"},{"floor":44.0,"key":"Dream Catcher"},{"floor":48,"key":"Boot"},{"floor":55,"key":"Bag of Preparation"}],"event_choices":[{"cards_removed":["Defend_P"],"damage_healed":0.0,"max_hp_gain":0.0,"max_hp_loss":0.0,"gold_gain":0.0,"event_name":"Living Wall","player_choice":"Forget","floor":2.0,"gold_loss":0.0,"damage_taken":0.0},{"damage_healed":0.0,"max_hp_gain":0.0,"max_hp_loss":0.0,"gold_gain":0.0,"event_name":"Shining Light","player_choice":"Entered Light","floor":14.0,"gold_loss":0.0,"damage_taken":20.0,"cards_upgraded":["Vigilance","FearNoEvil"]},{"damage_healed":0.0,"max_hp_gain":0.0,"max_hp_loss":0.0,"gold_gain":0.0,"event_name":"Ghosts","player_choice":"Ignored","floor":21.0,"gold_loss":0.0,"damage_taken":0.0},{"damage_healed":0.0,"max_hp_gain":0.0,"max_hp_loss":0.0,"gold_gain":0.0,"event_name":"Addict","player_choice":"Obtained Relic","floor":22.0,"gold_loss":85.0,"damage_taken":0.0,"relics_obtained":["Question Card"]},{"damage_healed":0.0,"max_hp_gain":0.0,"max_hp_loss":0.0,"gold_gain":50.0,"event_name":"Nest","player_choice":"Stole From Cult","floor":24.0,"gold_loss":0.0,"damage_taken":0.0},{"damage_healed":0.0,"max_hp_gain":0.0,"max_hp_loss":0.0,"gold_gain":0.0,"event_name":"MindBloom","player_choice":"Fight","floor":36.0,"gold_loss":0.0,"damage_taken":0.0},{"damage_healed":0.0,"max_hp_gain":0.0,"max_hp_loss":3.0,"gold_gain":0.0,"event_name":"Winding Halls","player_choice":"Max HP","floor":37.0,"gold_loss":0.0,"damage_taken":0.0},{"cards_removed":["EmptyBody"],"damage_healed":0.0,"max_hp_gain":0.0,"max_hp_loss":0.0,"gold_gain":0.0,"event_name":"Falling","player_choice":"Removed Skill","floor":45.0,"gold_loss":0.0,"damage_taken":0.0},{"cards_removed":["Defend_P"],"damage_healed":0.0,"max_hp_gain":0.0,"max_hp_loss":0.0,"gold_gain":0.0,"event_name":"Purifier","player_choice":"Purged","floor":47.0,"gold_loss":0.0,"damage_taken":0.0}],"is_beta":false,"boss_relics":[{"not_picked":["Pandora\u0027s Box","Ectoplasm"],"picked":"Fusion Hammer"},{"not_picked":["Runic Dome","Black Star"],"picked":"Sozu"}],"items_purged_floors":[30,39,54],"is_endless":false,"potions_floor_spawned":[1,7,8,10,12,18,23,25,28,35,41],"ascension_level":20}}