{"host":"1xo5g347e5o4auts","time":1612435761,"event":{"mods":["BaseMod","Minty Spire (QoL Compilation)","Permanent Neow","StSLib"],"gold_per_floor":[117,117,117,129,156,181,106,106,130,150,185,31,71,100,100,188,188,199,224,139,161,186,186,186,186],"floor_reached":24,"language":"ENG","playtime":730,"items_purged":["Strike_P"],"score":582,"play_id":"6168336f-0788-4105-afd4-ed4e1d465cb6","local_time":"20210204124921","is_ascension_mode":true,"campfire_choices":[{"data":"CutThroughFate","floor":8.0,"key":"SMITH"},{"data":"Conclude","floor":15.0,"key":"SMITH"},{"floor":23,"key":"REST"}],"circlet_count":0,"master_deck":["AscendersBane","Strike_P","Defend_P+1","Defend_P+1","Defend_P","Eruption","Vigilance","ThirdEye","Collect","CutThroughFate+1","FearNoEvil","EmptyFist","Conclude+1","Wallop","Adaptation","CutThroughFate","Establishment","ThirdEye+1","Halt+1","Protect"],"relics":["PureWater","CloakClasp","Bronze Scales","Bag of Preparation","Ancient Tea Set","CeramicFish","Vajra","SlaversCollar","War Paint"],"acts_visited":["Exordium","TheCity"],"potions_floor_usage":[22],"damage_taken":[{"damage":0.0,"enemies":"Small Slimes","floor":1.0,"turns":6.0},{"damage":0.0,"enemies":"Cultist","floor":4.0,"turns":3.0},{"damage":4.0,"enemies":"Lagavulin","floor":6.0,"turns":7.0},{"damage":0.0,"enemies":"Jaw Worm","floor":10.0,"turns":1.0},{"damage":15.0,"enemies":"3 Sentries","floor":11.0,"turns":5.0},{"damage":0.0,"enemies":"Gremlin Nob","floor":13.0,"turns":2.0},{"damage":0.0,"enemies":"2 Fungi Beasts","floor":14.0,"turns":1.0},{"damage":0.0,"enemies":"Slime Boss","floor":16.0,"turns":5.0},{"damage":0.0,"enemies":"3 Byrds","floor":18.0,"turns":3.0},{"damage":0.0,"enemies":"2 Thieves","floor":19.0,"turns":2.0},{"damage":22,"enemies":"Snake Plant","floor":21,"turns":5},{"damage":36,"enemies":"Cultist and Chosen","floor":22,"turns":6},{"damage":38,"enemies":"Book of Stabbing","floor":24,"turns":2}],"seed_played":"7889663136118614580","potions_obtained":[{"floor":6.0,"key":"ColorlessPotion"},{"floor":10.0,"key":"AttackPotion"},{"floor":11.0,"key":"Regen Potion"},{"floor":13.0,"key":"LiquidMemories"},{"floor":19.0,"key":"SpeedPotion"}],"is_trial":false,"path_per_floor":["M","?","?","M","T","E","?","R","T","M","E","$","E","M","R","B",null,"M","M","?","M","M","R","E"],"character_chosen":"WATCHER","items_purchased":["Wallop"],"campfire_rested":1,"item_purchase_floors":[12],"current_hp_per_floor":[61,54,54,54,54,50,50,50,50,50,35,35,35,35,35,35,55,55,55,55,33,12,30,0,0],"gold":186,"neow_bonus":"ONE_RARE_RELIC","is_daily":false,"chose_seed":false,"campfire_upgraded":2,"win_rate":0.0,"timestamp":1612435761,"path_taken":["M","?","?","?","?","E","?","R","T","M","E","$","E","M","R","BOSS","M","M","?","M","M","R","E"],"items_purchased_type":["Card"],"build_version":"2020-12-22","purchased_purges":1,"victory":false,"max_hp_per_floor":[62,62,62,62,62,62,62,62,62,62,62,62,62,62,62,62,62,62,62,62,62,62,62,62,62],"card_choices":[{"not_picked":["WindmillStrike","JustLucky"],"picked":"ThirdEye","floor":1.0},{"not_picked":["ThirdEye","Perseverance"],"picked":"CutThroughFate","floor":4.0},{"not_picked":["Crescendo","Evaluate"],"picked":"FearNoEvil","floor":6.0},{"not_picked":["Study","CutThroughFate"],"picked":"EmptyFist","floor":10.0},{"not_picked":["PathToVictory","DeusExMachina"],"picked":"Conclude","floor":11.0},{"not_picked":["CrushJoints","FearNoEvil"],"picked":"Adaptation","floor":13.0},{"not_picked":["ReachHeaven","Crescendo"],"picked":"CutThroughFate","floor":14.0},{"not_picked":["Devotion","Alpha"],"picked":"Establishment","floor":16.0},{"not_picked":["Pray","Halt","Crescendo"],"picked":"SKIP","floor":18.0},{"not_picked":["Fasting2","LikeWater"],"picked":"ThirdEye+1","floor":19.0},{"not_picked":["ThirdEye","Prostrate"],"picked":"Halt+1","floor":21},{"not_picked":["Study+1","EmptyBody"],"picked":"Protect","floor":22}],"player_experience":1435521,"relics_obtained":[{"floor":5.0,"key":"Bronze Scales"},{"floor":6.0,"key":"Bag of Preparation"},{"floor":9.0,"key":"Ancient Tea Set"},{"floor":11.0,"key":"CeramicFish"},{"floor":13.0,"key":"Vajra"}],"event_choices":[{"cards_removed":["Defend_P"],"damage_healed":0.0,"max_hp_gain":0.0,"max_hp_loss":0.0,"gold_gain":0.0,"event_name":"Golden Wing","player_choice":"Card Removal","floor":2.0,"gold_loss":0.0,"damage_taken":7.0},{"damage_healed":0.0,"max_hp_gain":0.0,"max_hp_loss":0.0,"gold_gain":0.0,"cards_transformed":["Strike_P"],"event_name":"Transmorgrifier","player_choice":"Transformed","floor":3.0,"gold_loss":0.0,"damage_taken":0.0,"cards_obtained":["Collect"]},{"cards_removed":["Strike_P"],"damage_healed":0.0,"max_hp_gain":0.0,"max_hp_loss":0.0,"gold_gain":0.0,"event_name":"The Cleric","player_choice":"Card Removal","floor":7.0,"gold_loss":75.0,"damage_taken":0.0},{"damage_healed":0.0,"max_hp_gain":0.0,"max_hp_loss":0.0,"gold_gain":0.0,"event_name":"Addict","player_choice":"Obtained Relic","floor":20.0,"gold_loss":85.0,"damage_taken":0.0,"relics_obtained":["War Paint"]}],"is_beta":false,"boss_relics":[{"not_picked":["Astrolabe","Calling Bell"],"picked":"SlaversCollar"}],"items_purged_floors":[12],"is_endless":false,"potions_floor_spawned":[6,10,11,13,19],"killed_by":"Book of Stabbing","ascension_level":20}}