{"host":"amvb77pwe2wp6zyc","time":1612438236,"event":{"mods":["2.2 Compatiblity","AchievementEnabler","AlwaysNeverKeys","BaseMod","BetterRewards","Downfall","Duelist Mod","GifTheSpireLib","Minty Spire (QoL Compilation)","Permanent Neow","Quick Restart","Relic Filter","Shop Mod","StSLib","SuperFastMode","Trackpad"],"gold_per_floor":[146,164,164,183,183,183,203,203,227,227,240,28,38,38,38,112,112,124,124,135,150,170,199,199,199,199,230,230,258,258,133,133,207,207,227,227,243,253,271,306,306,332,355,373,402,252,264,289,289,289,289,289,132,157,157,157],"floor_reached":55,"language":"DEU","playtime":2208,"items_purged":["theDuelist:NaturiaBeast","theDuelist:Sparks","theDuelist:NaturiaCliff","theDuelist:NaturiaTulip+1"],"score":1574,"play_id":"2ae3bb0c-daeb-486f-9b05-6323e1f4aed0","local_time":"20210204123036","is_ascension_mode":true,"campfire_choices":[{"floor":6.0,"key":"DIG"},{"data":"theDuelist:Sparks","floor":8.0,"key":"PURGE"},{"data":"theDuelist:Sparks","floor":10.0,"key":"PURGE"},{"floor":15.0,"key":"REST"},{"data":"theDuelist:CastleWalls","floor":24.0,"key":"PURGE"},{"data":"theDuelist:CastleWalls","floor":28.0,"key":"PURGE"},{"data":"theDuelist:CastleWalls","floor":32.0,"key":"PURGE"},{"data":"theDuelist:NaturiaRock","floor":41.0,"key":"PURGE"},{"data":"theDuelist:NaturiaPineapple","floor":49.0,"key":"SMITH"},{"data":"theDuelist:NaturiaPineapple","floor":52,"key":"SMITH"}],"circlet_count":0,"master_deck":["AscendersBane","Bandage Up","Bandage Up","Bandage Up+1","theDuelist:NaturiaPineapple+1","theDuelist:LonefireBlossom","theDuelist:NaturiaPineapple+1"],"relics":["theDuelist:MillenniumPuzzle","theDuelist:CardPoolRelic","theDuelist:CardPoolBasicRelic","theDuelist:BoosterPackPoolRelic","theDuelist:CardPoolAddRelic","theDuelist:CardPoolMinusRelic","theDuelist:CardPoolSaveRelic","theDuelist:CardPoolOptionsRelic","trackpad:FieryHotPepper","Peace Pipe","Shovel","Blue Candle","Unceasing Top","Bird Faced Urn","MerchantsRug","Sozu","Mummified Hand","StoneCalendar","trackpad:SneckoScepter","trackpad:ZombieHeart","SlaversCollar","Black Star","trackpad:GuardianSpirit","theDuelist:DuelistTeaSet","Dream Catcher","Omamori","Whetstone","Self Forming Clay","theDuelist:MarkExxod","theDuelist:SummonAnchor","Mercury Hourglass"],"acts_visited":["Exordium","TheCity","TheBeyond","TheEnding"],"potions_floor_usage":[],"damage_taken":[{"damage":3.0,"enemies":"Small Slimes","floor":1.0,"turns":3.0},{"damage":0.0,"enemies":"Jaw Worm","floor":2.0,"turns":3.0},{"damage":0.0,"enemies":"Cultist","floor":4.0,"turns":3.0},{"damage":1.0,"enemies":"Blue Slaver","floor":7.0,"turns":4.0},{"damage":1.0,"enemies":"Red Slaver","floor":11.0,"turns":2.0},{"damage":0.0,"enemies":"3 Louse","floor":13.0,"turns":2.0},{"damage":7.0,"enemies":"Hexaghost","floor":16.0,"turns":9.0},{"damage":0.0,"enemies":"Shell Parasite","floor":18.0,"turns":5.0},{"damage":4.0,"enemies":"Spheric Guardian","floor":20.0,"turns":4.0},{"damage":0.0,"enemies":"Chosen and Byrds","floor":21.0,"turns":4.0},{"damage":5.0,"enemies":"Shelled Parasite and Fungi","floor":22.0,"turns":4.0},{"damage":19.0,"enemies":"Slavers","floor":23.0,"turns":3.0},{"damage":0.0,"enemies":"theDuelist:KaibaA2","floor":27.0,"turns":4.0},{"damage":5.0,"enemies":"Gremlin Leader","floor":29.0,"turns":4.0},{"damage":2.0,"enemies":"Champ","floor":33.0,"turns":7.0},{"damage":0.0,"enemies":"3 Shapes","floor":35.0,"turns":2.0},{"damage":1.0,"enemies":"Orb Walker","floor":37.0,"turns":2.0},{"damage":0.0,"enemies":"Sphere and 2 Shapes","floor":38.0,"turns":3.0},{"damage":1.0,"enemies":"Writhing Mass","floor":39.0,"turns":3.0},{"damage":1.0,"enemies":"Reptomancer","floor":40.0,"turns":3.0},{"damage":1.0,"enemies":"Nemesis","floor":42.0,"turns":3.0},{"damage":1.0,"enemies":"4 Shapes","floor":44.0,"turns":1.0},{"damage":21.0,"enemies":"Reptomancer","floor":45.0,"turns":3.0},{"damage":1.0,"enemies":"Maw","floor":47.0,"turns":1.0},{"damage":1.0,"enemies":"Mind Bloom Boss Battle","floor":48.0,"turns":1.0},{"damage":16.0,"enemies":"Time Eater","floor":50.0,"turns":5.0},{"damage":1,"enemies":"Shield and Spear","floor":54,"turns":1},{"damage":103,"enemies":"The Heart","floor":55,"turns":5}],"seed_played":"6284151741703423218","potions_obtained":[{"floor":7.0,"key":"theDuelist:BurningPotion"},{"floor":11.0,"key":"theDuelist:FireBottle"}],"is_trial":false,"path_per_floor":["M","M","?","M","?","R","M","R","T","R","M","$","M","?","R","B",null,"M","?","M","M","M","E","R","?","T","E","R","E","$","$","R","B",null,"M","?","M","M","M","E","R","E","T","M","E","$","M","?","R","B",null,"R","$","E","B"],"character_chosen":"THE_DUELIST","items_purchased":["trackpad:FieryHotPepper","Peace Pipe","Shovel","MerchantsRug","theDuelist:MarkExxod"],"campfire_rested":1,"item_purchase_floors":[0,0,0,12,53],"current_hp_per_floor":[28,28,23,23,23,23,22,22,22,22,25,25,29,29,50,47,64,68,68,64,68,66,51,51,51,51,59,59,62,62,62,62,69,71,74,74,75,78,79,80,80,81,81,84,65,65,79,88,88,73,85,85,95,101,0,0],"gold":157,"neow_bonus":"","is_daily":false,"chose_seed":false,"campfire_upgraded":2,"win_rate":0.0,"timestamp":1612438236,"path_taken":["M","M","?","M","?","R","M","R","T","R","?","$","M","?","R","BOSS","M","?","M","M","M","E","R","?","T","E","R","E","?","$","R","BOSS","M","?","M","M","M","E","R","E","T","M","E","$","M","?","R","BOSS","R","$","E","BOSS"],"items_purchased_type":["Relic","Relic","Relic","Relic","Relic"],"build_version":"2020-12-22","purchased_purges":4,"victory":false,"max_hp_per_floor":[70,70,70,70,70,70,70,70,70,70,70,70,70,70,70,70,70,70,70,70,70,70,70,70,70,70,70,70,70,70,70,70,71,71,74,74,75,78,79,80,80,81,81,85,86,86,87,88,88,89,89,89,99,101,101,101],"card_choices":[{"not_picked":["theDuelist:NaturiaCliff","theDuelist:NaturiaEggplant","theDuelist:NaturiaAntjaw","theDuelist:NaturiaRagweed","theDuelist:NaturiaRock"],"picked":"SKIP","floor":1.0},{"not_picked":["theDuelist:NaturiaCliff","theDuelist:NaturiaDragonfly","theDuelist:NaturiaEggplant","theDuelist:NaturiaHydrangea","theDuelist:NaturiaSpiderfang"],"picked":"SKIP","floor":2.0},{"not_picked":["theDuelist:NaturiaCliff","theDuelist:NaturiaLandoise","theDuelist:CrystalRose","theDuelist:NaturiaGaiastrio","theDuelist:NaturiaRock"],"picked":"SKIP","floor":4.0},{"not_picked":["Forethought","Panacea","PanicButton"],"picked":"Bandage Up","floor":7.0},{"not_picked":["theDuelist:Alpacaribou","theDuelist:MillenniumScorpion","theDuelist:AcidTrapHole","theDuelist:Wildfire"],"picked":"theDuelist:NaturiaPineapple","floor":11.0},{"not_picked":["theDuelist:NaturiaExterio","theDuelist:PotDuality","theDuelist:NaturiaMarron","theDuelist:NaturiaCosmobeet","theDuelist:GracefulCharity"],"picked":"SKIP","floor":13.0},{"not_picked":["theDuelist:NaturiaDragonfly","theDuelist:NaturiaCliff","theDuelist:NaturiaSunflower","theDuelist:NaturiaRock","theDuelist:NaturiaBrambi"],"picked":"SKIP","floor":18.0},{"not_picked":["theDuelist:ConvulsionNature","theDuelist:LeodrakeMane+1","theDuelist:LairWire+1","theDuelist:NaturiaSacredTree"],"picked":"SKIP","floor":20.0},{"not_picked":["theDuelist:NaturiaEggplant","theDuelist:NaturiaSunflower","theDuelist:NaturiaAntjaw","theDuelist:FossilDig","theDuelist:FrozenRose"],"picked":"SKIP","floor":21.0},{"not_picked":["theDuelist:NaturiaHydrangea+1","theDuelist:NaturiaEggplant","theDuelist:NaturiaRagweed","theDuelist:NaturiaRosewhip","theDuelist:NaturiaParadizo"],"picked":"SKIP","floor":22.0},{"not_picked":["theDuelist:CastleWalls","theDuelist:CastleWalls","theDuelist:NaturiaRock","theDuelist:NaturiaTulip+1"],"picked":"Bandage Up","floor":23.0},{"not_picked":["theDuelist:NaturiaEggplant","theDuelist:NaturiaDragonfly","theDuelist:SummoningSwarm","theDuelist:NaturiaStinkbug","theDuelist:VenomShot"],"picked":"SKIP","floor":27.0},{"not_picked":["theDuelist:WildNatureRelease+1","theDuelist:PotDuality","theDuelist:LeodrakeMane","theDuelist:NaturiaSacredTree","theDuelist:SeedSacredTree"],"picked":"SKIP","floor":29.0},{"not_picked":["theDuelist:BottomlessTrapHole","theDuelist:DigitalBug","theDuelist:NaturiaStrawberry","theDuelist:HeartUnderdog","theDuelist:Canyon"],"picked":"SKIP","floor":35.0},{"not_picked":["theDuelist:NaturiaDragonfly","theDuelist:NaturiaAntjaw+1","theDuelist:NaturiaSunflower","theDuelist:NaturiaCliff+1","theDuelist:SurvivalInstinct"],"picked":"SKIP","floor":37.0},{"not_picked":["theDuelist:NaturiaDragonfly","theDuelist:NaturiaAntjaw+1","theDuelist:NaturiaSunflower","theDuelist:NaturiaCliff+1","theDuelist:SurvivalInstinct"],"picked":"SKIP","floor":37.0},{"not_picked":["theDuelist:NaturiaLandoise","theDuelist:NaturiaButterfly","theDuelist:NaturiaStrawberry+1","theDuelist:NaturiaBeans","theDuelist:NaturalDisaster+1"],"picked":"SKIP","floor":38.0},{"not_picked":["theDuelist:NaturiaRock","theDuelist:NaturiaTulip+1","Bandage Up"],"picked":"Bandage Up+1","floor":39.0},{"not_picked":["theDuelist:NaturiaCliff+1","theDuelist:NaturiaTulip","theDuelist:NaturiaRock+1"],"picked":"theDuelist:NaturiaPineapple","floor":40.0},{"not_picked":["theDuelist:NaturiaCliff","theDuelist:NaturiaRock+1","theDuelist:Spore","theDuelist:NaturiaRagweed","theDuelist:LairWire"],"picked":"SKIP","floor":42.0},{"not_picked":["theDuelist:NaturiaStrawberry","theDuelist:NaturiaGuardian","theDuelist:NaturiaStagBeetle+1","theDuelist:NaturiaBambooShoot+1"],"picked":"theDuelist:LonefireBlossom","floor":44.0},{"not_picked":["Dark Shackles","Mayhem","Purity+1","Transmutation"],"picked":"SKIP","floor":45.0},{"not_picked":["theDuelist:NaturiaLeodrake","theDuelist:NaturalDisaster","theDuelist:LeodrakeMane","theDuelist:Anteater+1","theDuelist:NatureReflection"],"picked":"SKIP","floor":47.0},{"not_picked":["theDuelist:NaturiaCliff+1","theDuelist:NaturiaTulip","theDuelist:NaturiaRock","theDuelist:LonefireBlossom+1"],"picked":"theDuelist:NaturiaPineapple","floor":48.0},{"not_picked":["theDuelist:NaturiaDragonfly+1","theDuelist:NaturiaCliff+1","theDuelist:NaturiaTulip+1","theDuelist:NaturiaRock+1","theDuelist:NaturiaCherries+1"],"picked":"SKIP","floor":54}],"player_experience":398185,"relics_obtained":[{"floor":6.0,"key":"Unceasing Top"},{"floor":9.0,"key":"Bird Faced Urn"},{"floor":23.0,"key":"Mummified Hand"},{"floor":26.0,"key":"StoneCalendar"},{"floor":27.0,"key":"trackpad:SneckoScepter"},{"floor":29.0,"key":"trackpad:ZombieHeart"},{"floor":40.0,"key":"Black Star"},{"floor":42.0,"key":"trackpad:GuardianSpirit"},{"floor":42.0,"key":"theDuelist:DuelistTeaSet"},{"floor":43.0,"key":"Dream Catcher"},{"floor":45.0,"key":"Omamori"},{"floor":45.0,"key":"Whetstone"},{"floor":48.0,"key":"Self Forming Clay"},{"floor":54,"key":"theDuelist:SummonAnchor"},{"floor":54,"key":"Mercury Hourglass"}],"event_choices":[{"damage_healed":0.0,"max_hp_gain":0.0,"max_hp_loss":0.0,"gold_gain":0.0,"event_name":"Accursed Blacksmith","player_choice":"Forge","floor":5.0,"gold_loss":0.0,"damage_taken":0.0,"cards_upgraded":["theDuelist:NaturiaTulip"]},{"damage_healed":0.0,"max_hp_gain":0.0,"max_hp_loss":0.0,"gold_gain":0.0,"event_name":"Upgrade Shrine","player_choice":"Upgraded","floor":14.0,"gold_loss":0.0,"damage_taken":0.0,"cards_upgraded":["theDuelist:NaturiaPineapple"]},{"damage_healed":0.0,"max_hp_gain":0.0,"max_hp_loss":0.0,"gold_gain":0.0,"event_name":"Egyptian Village","player_choice":"Leave","duelist":true,"floor":19.0,"gold_loss":0.0,"damage_taken":0.0},{"damage_healed":0.0,"max_hp_gain":0.0,"max_hp_loss":0.0,"gold_gain":0.0,"event_name":"Vampires","player_choice":"Ignored","floor":25.0,"gold_loss":0.0,"damage_taken":0.0},{"cards_removed":["theDuelist:NaturiaPineapple"],"damage_healed":0.0,"max_hp_gain":0.0,"max_hp_loss":0.0,"gold_gain":0.0,"event_name":"Falling","player_choice":"Removed Skill","floor":36.0,"gold_loss":0.0,"damage_taken":0.0},{"damage_healed":0.0,"max_hp_gain":0.0,"max_hp_loss":0.0,"gold_gain":0.0,"event_name":"MindBloom","player_choice":"Fight","floor":48.0,"gold_loss":0.0,"damage_taken":0.0}],"is_beta":false,"boss_relics":[{"not_picked":["Snecko Eye","Ectoplasm"],"picked":"Sozu"},{"not_picked":["theDuelist:MillenniumKey","Pandora\u0027s Box"],"picked":"SlaversCollar"}],"items_purged_floors":[0,12,31,46],"is_endless":false,"potions_floor_spawned":[7,11,20,21,23,29,35,37,38,40,44,48,54],"killed_by":"The Heart","ascension_level":14}}