{"host":"dxldt284mdio0lzg","time":1612454889,"event":{"mods":["AchievementEnabler","BaseMod","Colored Map","Colored Powertips","Minty Spire (QoL Compilation)","SuperFastMode"],"gold_per_floor":[110,110,128,203,30,30,45,45,45,76,36,53,53,86,86,184,184,197,148,168,16,0,0,25,40,67,99,59,75,75,86,86,186,236,252,272,100,113,113,140,140,140,140,151,171,181,192,192,192],"floor_reached":48,"language":"ENG","playtime":2085,"items_purged":[],"score":562,"play_id":"700df494-be3d-4de0-b5e4-de607b6065e4","local_time":"20210204170809","is_ascension_mode":false,"campfire_choices":[{"floor":13,"key":"REST"},{"data":"Chill","floor":15,"key":"SMITH"},{"data":"Electrodynamics","floor":23,"key":"SMITH"},{"data":"Double Energy","floor":30,"key":"SMITH"},{"floor":32,"key":"REST"},{"floor":41,"key":"REST"}],"circlet_count":0,"master_deck":["Strike_B","Strike_B","Strike_B","Strike_B+1","Defend_B","Defend_B","Defend_B","Defend_B","Zap","Dualcast","Blind","Go for the Eyes+1","Tempest","Bandage Up","Steam","FTL","Double Energy+1","Barrage","Chill+1","Seek","Electrodynamics+1","Redo+1","Gash","Static Discharge+1","Reboot+1","Blizzard+1","FTL+1","Ball Lightning+1","Electrodynamics+1","Hello World+1","Skim+1","Sadistic Nature+1","Gash","Gash+1","Coolheaded+1","Tempest+1","Barrage","Gash+1","Ball Lightning"],"relics":["Cracked Core","TungstenRod","Kunai","Meat on the Bone","Toy Ornithopter","Nuclear Battery","Membership Card","Omamori","Potion Belt","Frozen Egg 2","Tiny House","Ancient Tea Set","Bottled Flame","Vajra"],"acts_visited":["Exordium","TheCity","TheBeyond"],"potions_floor_usage":[16,18,24,24,33,33,33,33,33,40,40,48,48,48],"damage_taken":[{"damage":3,"enemies":"Jaw Worm","floor":1,"turns":3},{"damage":0,"enemies":"2 Louse","floor":3,"turns":3},{"damage":0,"enemies":"Small Slimes","floor":7,"turns":3},{"damage":19,"enemies":"3 Sentries","floor":10,"turns":7},{"damage":7,"enemies":"Exordium Wildlife","floor":12,"turns":5},{"damage":6,"enemies":"Gremlin Nob","floor":14,"turns":4},{"damage":61,"enemies":"Slime Boss","floor":16,"turns":15},{"damage":19,"enemies":"Chosen","floor":18,"turns":5},{"damage":0,"enemies":"3 Byrds","floor":20,"turns":2},{"damage":26,"enemies":"Slavers","floor":24,"turns":3},{"damage":24,"enemies":"Snecko","floor":25,"turns":5},{"damage":2,"enemies":"Gremlin Leader","floor":27,"turns":6},{"damage":4,"enemies":"Sentry and Sphere","floor":29,"turns":3},{"damage":7,"enemies":"3 Cultists","floor":31,"turns":4},{"damage":34,"enemies":"Collector","floor":33,"turns":7},{"damage":4,"enemies":"3 Shapes","floor":35,"turns":2},{"damage":15,"enemies":"Orb Walker","floor":36,"turns":3},{"damage":37,"enemies":"Transient","floor":38,"turns":5},{"damage":57,"enemies":"Giant Head","floor":40,"turns":10},{"damage":10,"enemies":"3 Darklings","floor":44,"turns":4},{"damage":12,"enemies":"Jaw Worm Horde","floor":45,"turns":3},{"damage":32,"enemies":"Spire Growth","floor":46,"turns":5},{"damage":24,"enemies":"Transient","floor":47,"turns":5},{"damage":50,"enemies":"Reptomancer","floor":48,"turns":3}],"seed_played":"7707852405184597447","potions_obtained":[{"floor":3,"key":"DistilledChaos"},{"floor":10,"key":"PowerPotion"},{"floor":12,"key":"EntropicBrew"},{"floor":18,"key":"DistilledChaos"},{"floor":27,"key":"PotionOfCapacity"},{"floor":31,"key":"EssenceOfSteel"},{"floor":34,"key":"Ancient Potion"},{"floor":36,"key":"SpeedPotion"},{"floor":44,"key":"SkillPotion"},{"floor":45,"key":"LiquidMemories"},{"floor":47,"key":"LiquidBronze"}],"is_trial":false,"path_per_floor":["M","?","M","?","$","T","M","?","T","E","$","M","R","E","R","B",null,"M","$","M","$","?","R","E","M","T","E","?","M","R","M","R","B",null,"M","M","$","M","?","E","R","?","T","M","M","M","M","E"],"character_chosen":"DEFECT","items_purchased":["Bandage Up","Steam","FTL","Chill","Gash","Membership Card","Ancient Tea Set","Sadistic Nature+1","Gash"],"campfire_rested":3,"item_purchase_floors":[5,5,5,11,19,21,37,37,37],"current_hp_per_floor":[72,57,57,46,46,46,50,50,50,35,35,44,66,64,64,24,75,60,60,64,64,64,64,52,40,40,42,42,42,42,39,61,50,80,76,65,65,44,44,13,35,76,76,66,54,38,30,0,0],"gold":192,"neow_bonus":"RANDOM_COLORLESS","is_daily":false,"chose_seed":false,"campfire_upgraded":3,"win_rate":0.0,"timestamp":1612454889,"path_taken":["M","?","M","?","?","?","M","?","T","E","$","M","R","E","R","BOSS","M","$","M","$","?","R","E","M","T","E","?","?","R","M","R","BOSS","M","M","$","M","?","E","R","?","T","?","M","M","M","E"],"items_purchased_type":["Card","Card","Card","Card","Card","Relic","Relic","Card","Card"],"build_version":"2020-12-22","purchased_purges":0,"victory":false,"max_hp_per_floor":[75,75,75,75,75,75,75,75,75,75,75,75,75,75,75,75,75,75,75,75,75,75,75,75,75,75,75,75,75,75,75,75,75,80,80,80,80,80,76,76,76,76,76,76,76,76,76,76,76],"card_choices":[{"not_picked":["Panacea","Madness"],"picked":"Blind","floor":0},{"not_picked":["Hologram","Conserve Battery"],"picked":"Go for the Eyes","floor":1},{"not_picked":["Conserve Battery","Hologram"],"picked":"Tempest","floor":3},{"not_picked":["Compile Driver","Tempest"],"picked":"Double Energy","floor":7},{"not_picked":["Tempest","Heatsinks"],"picked":"Barrage","floor":10},{"not_picked":["Cold Snap","Go for the Eyes"],"picked":"Seek","floor":12},{"not_picked":["Sweeping Beam","Machine Learning","Creative AI"],"picked":"SKIP","floor":14},{"not_picked":["Biased Cognition","Machine Learning"],"picked":"Electrodynamics","floor":16},{"not_picked":["Conserve Battery+1","Blizzard"],"picked":"Redo","floor":18},{"not_picked":["Coolheaded","Cold Snap"],"picked":"Static Discharge+1","floor":20},{"not_picked":["Force Field","Reprogram+1"],"picked":"Reboot","floor":24},{"not_picked":["Heatsinks+1","Conserve Battery","Cold Snap"],"picked":"SKIP","floor":25},{"not_picked":["Leap+1","Compile Driver"],"picked":"Blizzard+1","floor":27},{"not_picked":["Hologram","Coolheaded"],"picked":"FTL+1","floor":29},{"not_picked":["Gash","Fusion"],"picked":"Ball Lightning+1","floor":31},{"not_picked":["All For One","Thunder Strike"],"picked":"Electrodynamics+1","floor":33},{"not_picked":["Go for the Eyes","Cold Snap"],"picked":"Hello World+1","floor":34},{"not_picked":["Undo+1","Beam Cell"],"picked":"Chaos","floor":35},{"not_picked":["Consume","Conserve Battery+1"],"picked":"Skim+1","floor":36},{"not_picked":["Steam Power+1","Sweeping Beam+1"],"picked":"Gash+1","floor":38},{"not_picked":["Go for the Eyes","Scrape+1"],"picked":"Coolheaded+1","floor":40},{"not_picked":["Sweeping Beam","Redo"],"picked":"Tempest+1","floor":44},{"not_picked":["Rainbow","Compile Driver+1"],"picked":"Barrage","floor":45},{"not_picked":["Scrape","Compile Driver"],"picked":"Gash+1","floor":46},{"not_picked":["Compile Driver","Conserve Battery+1"],"picked":"Ball Lightning","floor":47}],"player_experience":93957,"relics_obtained":[{"floor":6,"key":"TungstenRod"},{"floor":9,"key":"Kunai"},{"floor":10,"key":"Meat on the Bone"},{"floor":14,"key":"Toy Ornithopter"},{"floor":24,"key":"Omamori"},{"floor":26,"key":"Potion Belt"},{"floor":27,"key":"Frozen Egg 2"},{"floor":40,"key":"Bottled Flame"},{"floor":43,"key":"Vajra"}],"event_choices":[{"damage_healed":0,"gold_gain":0,"player_choice":"Entered Light","damage_taken":15,"max_hp_gain":0,"max_hp_loss":0,"event_name":"Shining Light","floor":2,"gold_loss":0,"cards_upgraded":["Go for the Eyes","Strike_B"]},{"damage_healed":0,"gold_gain":75,"player_choice":"Gather Gold","damage_taken":11,"max_hp_gain":0,"max_hp_loss":0,"event_name":"World of Goop","floor":4,"gold_loss":0},{"damage_healed":0,"gold_gain":0,"player_choice":"Ignored","damage_taken":0,"max_hp_gain":0,"max_hp_loss":0,"event_name":"Golden Wing","floor":8,"gold_loss":0},{"damage_healed":0,"gold_gain":0,"player_choice":"Paid Fearfully","damage_taken":0,"max_hp_gain":0,"max_hp_loss":0,"event_name":"Masked Bandits","floor":22,"gold_loss":16},{"damage_healed":0,"gold_gain":0,"player_choice":"Upgrade","damage_taken":0,"max_hp_gain":0,"max_hp_loss":0,"event_name":"Designer","floor":28,"gold_loss":40,"cards_upgraded":["Redo"]},{"damage_healed":0,"gold_gain":0,"player_choice":"Max HP","damage_taken":0,"max_hp_gain":0,"max_hp_loss":4,"event_name":"Winding Halls","floor":39,"gold_loss":0},{"cards_removed":["Chaos"],"damage_healed":41,"gold_gain":0,"player_choice":"Offered Uncommon","damage_taken":0,"max_hp_gain":0,"max_hp_loss":0,"event_name":"Bonfire Elementals","floor":42,"gold_loss":0}],"is_beta":false,"boss_relics":[{"not_picked":["Coffee Dripper","Runic Pyramid"],"picked":"Nuclear Battery"},{"not_picked":["FrozenCore","Runic Dome"],"picked":"Tiny House"}],"items_purged_floors":[],"is_endless":false,"potions_floor_spawned":[3,10,12,14,18,24,27,31,36,44,45,47],"killed_by":"Reptomancer","ascension_level":0}}