{"host":"l2kmo5ss1fnqnmvo","time":1612405865,"event":{"mods":["BaseMod","Colored Powertips","Decade(王小明)","Lobotomy","Minty Spire (QoL Compilation)","Reimu（博丽灵梦）","WarShipGirlsR/战舰少女R mod"],"gold_per_floor":[114,126,145,36,53,83,83,100,100,0,0,12,39,39,39,135,135,149,159,179,179,179,204,220,234,258,258,258,258,110,137,137,256,315,352,352,56,72,100,100,137,155,155,190,215,240,266,288,288,288,288,288,28,72,72],"floor_reached":56,"language":"ZHS","playtime":4628,"items_purged":["Decade_Attack","Decade_Attack","WallGazer","NMDAZYYGL"],"score":1400,"play_id":"e5c2da57-09be-4358-9817-99ffe6c6d340","local_time":"20210204113105","is_ascension_mode":true,"campfire_choices":[{"floor":7.0,"key":"RECALL"},{"floor":11.0,"key":"REST"},{"floor":15.0,"key":"REST"},{"floor":27.0,"key":"REST"},{"data":"DecadeViolentEmotion","floor":29.0,"key":"SMITH"},{"data":"J.A.X.","floor":32.0,"key":"SMITH"},{"data":"Blade_Metal","floor":40.0,"key":"SMITH"},{"data":"Blade_Mach","floor":49.0,"key":"SMITH"},{"data":"FormRideAxel","floor":52.0,"key":"SMITH"}],"circlet_count":0,"master_deck":["Decade_Attack","Decade_Attack","KamenRide","Decade_SpecialSkill","Decade_Defend","Decade_Defend","Decade_Defend","Decade_Defend","Kuuga_GouramAttack","GreedKing","FieryBird","FormRideTitan","Kabuto_ClockUp+1","UnarmedAttack1","Kuuga_GouramAttack","UnarmedAttack1+1","UnarmedAttack4","VoidDream","FormRideAxel+1","UniverseFragment","RideBooker_Skill_1","OSAHOGD","UnarmedAttack3","DecadeViolentEmotion+1","CurseOfTheBell","DenO_Sword","Decade_Illusion","Hibiki_Attack1","FormRideBasshaa","Necronomicurse","Scarecrow","FormRideAxel","Decade_Defend2+1","J.A.X.+1","Decade_Defend2","Kuuga_Rising","KamenRideAgito","Blade_Metal+1","KamenRideKuuga","BodiesMountain","Blade_Mach","BlueStar","Decade_Defend3+1","Blade_Mach+1","AutoVajin+1"],"relics":["Decadriver","TOEIDeficitBill","CogitoBucket","Letter Opener","SkinProphecy","Blood Vial","Calling Bell","Bag of Preparation","StrikeDummy","PureWhite:ReiMu","AspirationHeart","Necronomicon","InkBottle","Potion Belt","CeramicFish","Tiny House","Theresia","Bag of Marbles","Incense Burner","Bottled Flame","Lantern","HornCleat","CrazyTorch:ReiMu","Happy Flower"],"acts_visited":["Exordium","TheCity","TheBeyond","TheEnding"],"potions_floor_usage":[55],"damage_taken":[{"damage":6.0,"enemies":"Cultist","floor":1.0,"turns":3.0},{"damage":0.0,"enemies":"Small Slimes","floor":2.0,"turns":2.0},{"damage":15.0,"enemies":"Jaw Worm","floor":3.0,"turns":3.0},{"damage":22.0,"enemies":"2 Fungi Beasts","floor":5.0,"turns":4.0},{"damage":14.0,"enemies":"Lagavulin","floor":6.0,"turns":7.0},{"damage":39.0,"enemies":"Large Slime","floor":8.0,"turns":6.0},{"damage":4.0,"enemies":"Blue Slaver","floor":12.0,"turns":2.0},{"damage":0.0,"enemies":"Gremlin Nob","floor":13.0,"turns":3.0},{"damage":0.0,"enemies":"Slime Boss","floor":16.0,"turns":3.0},{"damage":2.0,"enemies":"Chosen","floor":18.0,"turns":4.0},{"damage":67.0,"enemies":"Spheric Guardian","floor":19.0,"turns":11.0},{"damage":7.0,"enemies":"Snecko","floor":20.0,"turns":5.0},{"damage":22.0,"enemies":"Slavers","floor":23.0,"turns":2.0},{"damage":12.0,"enemies":"Centurion and Healer","floor":24.0,"turns":3.0},{"damage":18.0,"enemies":"3 Cultists","floor":25.0,"turns":5.0},{"damage":17.0,"enemies":"Champ","floor":33.0,"turns":6.0},{"damage":34.0,"enemies":"3 Darklings","floor":35.0,"turns":4.0},{"damage":0.0,"enemies":"Orb Walker","floor":36.0,"turns":2.0},{"damage":3.0,"enemies":"Transient","floor":38.0,"turns":5.0},{"damage":8.0,"enemies":"4 Shapes","floor":39.0,"turns":3.0},{"damage":3.0,"enemies":"Reptomancer","floor":41.0,"turns":3.0},{"damage":0.0,"enemies":"Jaw Worm Horde","floor":42.0,"turns":1.0},{"damage":16.0,"enemies":"Nemesis","floor":44.0,"turns":3.0},{"damage":27.0,"enemies":"Writhing Mass","floor":45.0,"turns":4.0},{"damage":0.0,"enemies":"Spire Growth","floor":46.0,"turns":3.0},{"damage":33.0,"enemies":"Giant Head","floor":47.0,"turns":7.0},{"damage":0.0,"enemies":"Transient","floor":48.0,"turns":5.0},{"damage":28.0,"enemies":"FixerMidnight","floor":50.0,"turns":5.0},{"damage":3.0,"enemies":"Shield and Spear","floor":54.0,"turns":3.0},{"damage":3,"enemies":"The Heart","floor":55,"turns":3}],"seed_played":"-1484194240531249437","potions_obtained":[{"floor":1.0,"key":"EntropicBrew"},{"floor":2.0,"key":"GamblersBrew"},{"floor":6.0,"key":"Explosive Potion"},{"floor":8.0,"key":"Block Potion"},{"floor":12.0,"key":"ZuzhouPotion:ReiMu"},{"floor":19.0,"key":"Weak Potion"},{"floor":24.0,"key":"Energy Potion"},{"floor":25.0,"key":"EssenceOfSteel"},{"floor":34.0,"key":"SkillPotion"},{"floor":35.0,"key":"ZuzhouPotion:ReiMu"},{"floor":41.0,"key":"Swift Potion"},{"floor":44.0,"key":"PowerPotion"},{"floor":47.0,"key":"DistilledChaos"},{"floor":48.0,"key":"FairyPotion"}],"is_trial":false,"path_per_floor":["M","M","M","$","M","E","R","M","T","$","R","M","E","?","R","B",null,"M","M","M","?","?","E","M","M","T","R","?","R","$","T","R","B",null,"M","M","$","M","M","R","E","M","T","E","M","M","E","M","R","B",null,"R","$","E","B",null],"character_chosen":"Decade","items_purchased":["Kuuga_GouramAttack","Decade_Defend2","Bag of Marbles","CrazyTorch:ReiMu"],"campfire_rested":3,"item_purchase_floors":[4,30,37,53],"current_hp_per_floor":[64,69,64,64,42,33,33,14,14,14,35,27,28,28,50,53,76,72,61,58,42,42,23,23,19,19,49,49,49,49,49,49,34,107,80,56,56,58,52,52,62,64,64,52,41,57,57,74,74,55,76,76,76,77,80],"gold":72,"neow_bonus":"","is_daily":false,"chose_seed":false,"campfire_upgraded":5,"win_rate":0.0,"timestamp":1612405865,"path_taken":["M","M","M","?","M","E","R","M","T","$","R","M","E","?","R","BOSS","BOSS","M","M","M","?","?","E","M","M","T","R","?","R","$","?","R","BOSS","M","M","$","M","?","R","E","M","T","E","M","M","E","M","R","BOSS","R","$","E","BOSS"],"items_purchased_type":["Card","Card","Relic","Relic"],"build_version":"2020-12-22","purchased_purges":4,"victory":true,"max_hp_per_floor":[70,70,70,70,70,70,70,70,70,70,70,72,74,74,74,76,76,78,92,94,94,94,96,98,100,100,100,100,100,100,100,100,102,107,111,56,56,58,60,60,62,64,64,66,68,70,72,74,74,76,76,76,76,78,80],"card_choices":[{"not_picked":["UnarmedAttack4","KamenRideHibiki"],"picked":"Kuuga_GouramAttack","floor":1.0},{"not_picked":["DreamingCurrent","BeautyBeast","Wellcheers"],"picked":"Singing Bowl","floor":1.0},{"not_picked":["CrumblingArmor","Wellcheers"],"picked":"GreedKing","floor":1.0},{"not_picked":["Decade_Dash2","UnarmedAttack6","KamenRideHibiki"],"picked":"SKIP","floor":1.0},{"not_picked":["Scarecrow","Wellcheers"],"picked":"FieryBird","floor":2.0},{"not_picked":["PhotonAcceleration","UnarmedAttack5"],"picked":"FormRideTitan","floor":2.0},{"not_picked":["Kuuga_GouramAttack","RideBooker_Skill_3"],"picked":"Kabuto_ClockUp","floor":3.0},{"not_picked":["Decade_Dash2","Decade_Dash1"],"picked":"UnarmedAttack1","floor":3.0},{"not_picked":["KamenRideKiva","UnarmedAttack6"],"picked":"UnarmedAttack1","floor":5.0},{"not_picked":["UnarmedAttack5","FormRideStorm"],"picked":"UnarmedAttack4","floor":5.0},{"not_picked":["BlueStar","Bloodbath"],"picked":"VoidDream","floor":5.0},{"not_picked":["Woodsman","RedShoes","SpiderBud"],"picked":"Singing Bowl","floor":6.0},{"not_picked":["RideBooker","FormRideDragon"],"picked":"FormRideAxel","floor":6.0},{"not_picked":["Kiva_Bats","Blade_Kick","Kabuto_ClockUp"],"picked":"SKIP","floor":6.0},{"not_picked":["BeautyBeast","ShyLook","MeatLantern"],"picked":"Singing Bowl","floor":8.0},{"not_picked":["QueenBee","Murderer"],"picked":"UniverseFragment","floor":8.0},{"not_picked":["Blade_Beat","AutoVajin"],"picked":"RideBooker_Skill_1","floor":8.0},{"not_picked":["ShyLook","Scorched"],"picked":"OSAHOGD","floor":12.0},{"not_picked":["FormRideJack","UnarmedAttack7","Decade_Dash1"],"picked":"SKIP","floor":12.0},{"not_picked":["RedShoes","BigBadWolf","LongBird"],"picked":"Singing Bowl","floor":13.0},{"not_picked":["FormRideBasshaa","DenO_Sword"],"picked":"UnarmedAttack3","floor":13.0},{"not_picked":["Kuuga_Rising","DenO_Climax"],"picked":"DecadeViolentEmotion","floor":16.0},{"not_picked":["Laetitia","QueenBee"],"picked":"WallGazer","floor":18.0},{"not_picked":["PhotonAcceleration","AutoVajin"],"picked":"DenO_Sword","floor":18.0},{"not_picked":["Blade_Slash","Blade_Beat"],"picked":"Decade_Illusion","floor":18.0},{"not_picked":["DenO_Sword","Decade_Invisible+1"],"picked":"Hibiki_Attack1","floor":19.0},{"not_picked":["Decade_Dash2","Kiva_Frozen","FormRideGaruru+1"],"picked":"SKIP","floor":19.0},{"not_picked":["SnowQueen","DespairKnight","ShyLook"],"picked":"Singing Bowl","floor":20.0},{"not_picked":["FormRideJack","UnarmedAttack7"],"picked":"FormRideBasshaa","floor":20.0},{"not_picked":["ShyLook","QueenOfHatred"],"picked":"Scarecrow","floor":23.0},{"not_picked":["MirrorWorld","UnarmedAttack7"],"picked":"FormRideAxel","floor":23.0},{"not_picked":["Bloodbath","LittleHelper","Freischutz"],"picked":"Singing Bowl","floor":24.0},{"not_picked":["FormRideBasshaa","Decade_Dash2","KamenRideDecade+1"],"picked":"SKIP","floor":24.0},{"not_picked":["MeatLantern","OldLady","Bloodbath"],"picked":"Singing Bowl","floor":25.0},{"not_picked":["Decade_Dash1","RideBooker"],"picked":"Decade_Defend2+1","floor":25.0},{"not_picked":["HappyTeddy","Scorched","DreamingCurrent"],"picked":"Singing Bowl","floor":33.0},{"not_picked":["Hibiki_FEVER","Kiva_Swallow"],"picked":"NMDAZYYGL","floor":33.0},{"not_picked":["NMDAZYYGL","TimeVent"],"picked":"Kuuga_Rising","floor":33.0},{"not_picked":["FormRideGaruru","UnarmedAttack8+1"],"picked":"KamenRideAgito","floor":34.0},{"not_picked":["Decade_Dash1+1","AttackRide+1"],"picked":"Blade_Metal","floor":35.0},{"not_picked":["FormRideDragon+1","Blade_Metal"],"picked":"KamenRideKuuga","floor":35.0},{"not_picked":["Murderer","LittlePrince","HappyTeddy"],"picked":"Singing Bowl","floor":35.0},{"not_picked":["LaLuna","Scorched","Laetitia"],"picked":"Singing Bowl","floor":36.0},{"not_picked":["KamenRideBlade","Blade_Kick","KamenRideDecade+1"],"picked":"SKIP","floor":36.0},{"not_picked":["DenO_Sword+1","RideBooker_Skill_2+1","Blade_Kick"],"picked":"SKIP","floor":36.0},{"not_picked":["Murderer","OldLady","ShyLook"],"picked":"Singing Bowl","floor":38.0},{"not_picked":["MirrorWorld","FormRideFlame+1","FormRideStorm"],"picked":"SKIP","floor":38.0},{"not_picked":["Decade_Dash1","DragClaw","FormRideGaruru+1"],"picked":"SKIP","floor":38.0},{"not_picked":["Laetitia","LittleHelper"],"picked":"BodiesMountain","floor":39.0},{"not_picked":["UnarmedAttack3+1","KamenRideKuuga","AttackRide"],"picked":"SKIP","floor":39.0},{"not_picked":["WhiteNight","Alriune","Laetitia"],"picked":"Singing Bowl","floor":41.0},{"not_picked":["Hibiki_FEVER","DenO_Ax+1"],"picked":"Blade_Mach","floor":41.0},{"not_picked":["Hibiki_Attack2","FormRideTitan","DenO_Sword"],"picked":"SKIP","floor":42.0},{"not_picked":["FairyFestival","OldLady","Woodsman"],"picked":"Singing Bowl","floor":44.0},{"not_picked":["FormRideDogga+1","DenO_Ax+1","KamenRideBlade"],"picked":"SKIP","floor":44.0},{"not_picked":["DespairKnight","RedShoes"],"picked":"BlueStar","floor":45.0},{"not_picked":["DenO_Ax","DenO_Sword","TimeVent"],"picked":"SKIP","floor":45.0},{"not_picked":["Decade_Dash1","DenO_Sword"],"picked":"Decade_Defend3+1","floor":46.0},{"not_picked":["Mercenary","SingingMachine","QueenOfHatred"],"picked":"Singing Bowl","floor":46.0},{"not_picked":["KamenRideHibiki","MirrorWorld+1","Decade_Dash1+1"],"picked":"SKIP","floor":46.0},{"not_picked":["DenO_Gun","KamenRideKiva+1","Blade_Slash+1"],"picked":"SKIP","floor":47.0},{"not_picked":["Decade_Dash2","KamenRideBlade+1","NMDAZYYGL"],"picked":"SKIP","floor":47.0},{"not_picked":["Blade_Beat+1","FormRideDogga+1"],"picked":"Blade_Mach","floor":48.0},{"not_picked":["HappyTeddy","DespairKnight","Freischutz"],"picked":"Singing Bowl","floor":48.0},{"not_picked":["UnarmedAttack1+1","KamenRideDecade+1","UnarmedAttack9"],"picked":"SKIP","floor":48.0},{"not_picked":["DreamingCurrent","Mercenary","QueenBee"],"picked":"Singing Bowl","floor":54.0},{"not_picked":["KamenRideKabuto","UnarmedAttack9"],"picked":"AutoVajin+1","floor":54.0}],"player_experience":614014,"relics_obtained":[{"floor":6.0,"key":"Letter Opener"},{"floor":13.0,"key":"Blood Vial"},{"floor":17.0,"key":"Bag of Preparation"},{"floor":17.0,"key":"StrikeDummy"},{"floor":17.0,"key":"PureWhite:ReiMu"},{"floor":21.0,"key":"Necronomicon"},{"floor":23.0,"key":"InkBottle"},{"floor":26.0,"key":"Potion Belt"},{"floor":31.0,"key":"CeramicFish"},{"floor":41.0,"key":"Incense Burner"},{"floor":43.0,"key":"Bottled Flame"},{"floor":44.0,"key":"Lantern"},{"floor":47.0,"key":"HornCleat"},{"floor":54.0,"key":"Happy Flower"}],"event_choices":[{"damage_healed":0.0,"max_hp_gain":0.0,"max_hp_loss":0.0,"gold_gain":0.0,"event_name":"Living Wall","player_choice":"Grow","floor":14.0,"gold_loss":0.0,"damage_taken":0.0,"cards_upgraded":["Kabuto_ClockUp"]},{"damage_healed":0.0,"max_hp_gain":0.0,"max_hp_loss":0.0,"gold_gain":0.0,"event_name":"Cursed Tome","player_choice":"Obtained Book","floor":21.0,"gold_loss":0.0,"damage_taken":16.0},{"damage_healed":0.0,"max_hp_gain":0.0,"max_hp_loss":0.0,"gold_gain":0.0,"event_name":"Ghosts","player_choice":"Ignored","floor":22.0,"gold_loss":0.0,"damage_taken":0.0},{"damage_healed":0.0,"max_hp_gain":0.0,"max_hp_loss":0.0,"gold_gain":0.0,"event_name":"Drug Dealer","player_choice":"Obtain J.A.X.","floor":28.0,"gold_loss":0.0,"damage_taken":0.0,"cards_obtained":["J.A.X."]}],"is_beta":false,"boss_relics":[{"not_picked":["Busted Crown","Runic Pyramid"],"picked":"Calling Bell"},{"not_picked":["Runic Dome","Pandora\u0027s Box"],"picked":"Tiny House"}],"items_purged_floors":[4,10,30,37],"is_endless":false,"potions_floor_spawned":[1,2,6,8,12,19,24,25,35,41,44,47,48],"ascension_level":1}}