{"host":"neeznpvpgo0qgfkd","time":1612413085,"event":{"mods":["AchievementEnabler","BaseMod","BetterRewards","Colored Map","Colored Powertips","Exacting","Minty Spire (QoL Compilation)","Permanent Neow","Quick Restart","Shop Mod"],"gold_per_floor":[133,147,181,231,280,280,609,623,623,648,661,679,706,76,76,152,152,184,184,184,202,202,233,244,271,271,286,302,329,362,394,394,471,471,482,181,0,16,26,54,54,54,54,81,119,145,155,168,168,168,168,168,168,16,45,45],"floor_reached":57,"language":"ENG","playtime":13598,"items_purged":["Defend_G"],"score":4155,"play_id":"2b1601ea-11d8-499e-a3a3-85e720808743","local_time":"20210203233125","is_ascension_mode":true,"campfire_choices":[{"floor":6.0,"key":"RECALL"},{"data":"Panache","floor":15.0,"key":"SMITH"},{"floor":32.0,"key":"DIG"},{"floor":42.0,"key":"DIG"},{"floor":49.0,"key":"DIG"},{"floor":53,"key":"DIG"}],"circlet_count":0,"master_deck":["AscendersBane","Strike_G+1","Strike_G+1","Strike_G+1","Strike_G+1","Strike_G+1","Defend_G+1","Defend_G+1","Defend_G+1","Defend_G+1","Survivor+1","Neutralize","Panache+1","Accuracy","Secret Weapon+1","Swift Strike","Cloak And Dagger+1","Poisoned Stab","Dash","Corpse Explosion+1","Slice","Blade Dance+1","Blade Dance+1","Burst+1","Blur+1","Dagger Spray","Choke","Backflip+1","Finisher","Noxious Fumes","Dagger Spray","Cloak And Dagger+1","Adrenaline+1","Outmaneuver+1","Tactician+1","Dagger Spray+1","Terror+1","Slice","Envenom","Tactician+1","Infinite Blades","Noxious Fumes","Phantasmal Killer+1","Tactician+1","Footwork","Flying Knee","Blur+1","Cloak And Dagger+1","Madness+1","Madness+1","Caltrops+1","Envenom","Caltrops","Accuracy","Footwork","Poisoned Stab","Accuracy"],"relics":["Ring of the Snake","Ninja Scroll","Toxic Egg 2","HornCleat","Prayer Wheel","Paper Crane","Mummified Hand","SacredBark","Bag of Marbles","StrikeDummy","Nunchaku","Dead Branch","Meat on the Bone","Shovel","Oddly Smooth Stone","SlaversCollar","Ancient Tea Set","MerchantsRug","Red Mask","Toy Ornithopter","StoneCalendar","Incense Burner","The Courier","War Paint","Mercury Hourglass","Tingsha"],"acts_visited":["Exordium","TheCity","TheBeyond","TheEnding"],"potions_floor_usage":[50],"damage_taken":[{"damage":0.0,"enemies":"Cultist","floor":1.0,"turns":3.0},{"damage":0.0,"enemies":"Small Slimes","floor":2.0,"turns":1.0},{"damage":2.0,"enemies":"Jaw Worm","floor":3.0,"turns":2.0},{"damage":3.0,"enemies":"3 Louse","floor":4.0,"turns":2.0},{"damage":0.0,"enemies":"Exordium Wildlife","floor":5.0,"turns":3.0},{"damage":0.0,"enemies":"3 Sentries","floor":7.0,"turns":4.0},{"damage":0.0,"enemies":"Blue Slaver","floor":8.0,"turns":1.0},{"damage":11.0,"enemies":"Gremlin Nob","floor":10.0,"turns":4.0},{"damage":0.0,"enemies":"Lots of Slimes","floor":11.0,"turns":2.0},{"damage":0.0,"enemies":"Large Slime","floor":12.0,"turns":2.0},{"damage":5.0,"enemies":"Gremlin Gang","floor":13.0,"turns":4.0},{"damage":0.0,"enemies":"Hexaghost","floor":16.0,"turns":4.0},{"damage":0.0,"enemies":"2 Thieves","floor":18.0,"turns":1.0},{"damage":0.0,"enemies":"Chosen","floor":21.0,"turns":3.0},{"damage":0.0,"enemies":"Gremlin Leader","floor":23.0,"turns":4.0},{"damage":0.0,"enemies":"3 Cultists","floor":24.0,"turns":2.0},{"damage":2.0,"enemies":"Book of Stabbing","floor":25.0,"turns":3.0},{"damage":0.0,"enemies":"Chosen and Byrds","floor":27.0,"turns":1.0},{"damage":0.0,"enemies":"Sentry and Sphere","floor":28.0,"turns":1.0},{"damage":0.0,"enemies":"Slavers","floor":29.0,"turns":1.0},{"damage":0.0,"enemies":"3 Cultists","floor":30.0,"turns":4.0},{"damage":0.0,"enemies":"Gremlin Leader","floor":31.0,"turns":2.0},{"damage":0.0,"enemies":"Champ","floor":33.0,"turns":2.0},{"damage":0.0,"enemies":"3 Shapes","floor":35.0,"turns":1.0},{"damage":0.0,"enemies":"3 Darklings","floor":38.0,"turns":2.0},{"damage":11.0,"enemies":"Sphere and 2 Shapes","floor":39.0,"turns":3.0},{"damage":0.0,"enemies":"Reptomancer","floor":40.0,"turns":3.0},{"damage":0.0,"enemies":"Giant Head","floor":44.0,"turns":2.0},{"damage":0.0,"enemies":"Reptomancer","floor":46.0,"turns":1.0},{"damage":0.0,"enemies":"Spire Growth","floor":47.0,"turns":2.0},{"damage":0.0,"enemies":"Transient","floor":48.0,"turns":6.0},{"damage":54,"enemies":"Awakened One","floor":50,"turns":13},{"damage":8,"enemies":"Donu and Deca","floor":51,"turns":2},{"damage":5,"enemies":"Shield and Spear","floor":55,"turns":3},{"damage":52,"enemies":"The Heart","floor":56,"turns":7}],"seed_played":"7284361506731054278","potions_obtained":[{"floor":2.0,"key":"EssenceOfSteel"},{"floor":5.0,"key":"SpeedPotion"},{"floor":8.0,"key":"PowerPotion"},{"floor":10.0,"key":"PowerPotion"},{"floor":16.0,"key":"Energy Potion"},{"floor":18.0,"key":"Strength Potion"},{"floor":23.0,"key":"ColorlessPotion"},{"floor":27.0,"key":"Strength Potion"},{"floor":28.0,"key":"Energy Potion"},{"floor":29.0,"key":"PowerPotion"},{"floor":31.0,"key":"SkillPotion"},{"floor":38.0,"key":"Swift Potion"},{"floor":39.0,"key":"PowerPotion"},{"floor":46.0,"key":"GamblersBrew"},{"floor":47.0,"key":"EssenceOfSteel"}],"is_trial":false,"path_per_floor":["M","M","M","M","M","R","E","M","T","E","M","M","M","$","R","B",null,"M","?","?","M","?","E","M","E","T","M","M","E","M","E","R","B",null,"M","$","?","M","M","E","?","R","T","E","$","E","M","M","R","B","B",null,"R","$","E","B",null],"character_chosen":"THE_SILENT","items_purchased":["Panache","Ninja Scroll","Toxic Egg 2","HornCleat","Accuracy","Secret Weapon+1","Swift Strike","Mummified Hand","Pear","Ancient Tea Set","Footwork","MerchantsRug","Accuracy","Footwork","Poisoned Stab"],"campfire_rested":0,"item_purchase_floors":[0,0,0,0,0,0,0,14,14,36,36,36,54,54,54],"current_hp_per_floor":[59,59,57,54,54,54,54,54,54,43,43,43,47,57,57,57,71,71,71,71,71,71,71,71,69,69,69,69,69,69,69,69,76,76,76,76,76,76,65,72,57,57,57,62,62,62,62,62,62,25,41,73,73,73,68,28],"gold":45,"neow_bonus":"","is_daily":false,"chose_seed":false,"campfire_upgraded":1,"win_rate":0.0,"timestamp":1612413085,"path_taken":["M","?","M","M","M","R","E","M","T","E","M","?","M","$","R","BOSS","M","?","?","?","?","E","M","E","T","M","M","E","M","E","R","BOSS","M","$","?","M","M","E","?","R","T","E","?","E","M","M","R","BOSS","BOSS","R","$","E","BOSS"],"items_purchased_type":["Card","Relic","Relic","Relic","Card","Card","Card","Relic","Relic","Relic","Card","Relic","Card","Card","Card"],"build_version":"2020-12-22","purchased_purges":1,"victory":true,"max_hp_per_floor":[66,66,66,66,66,66,66,66,66,66,66,66,66,76,76,76,76,76,76,76,76,76,76,76,76,76,76,76,76,76,76,76,76,76,76,76,76,76,76,83,83,83,83,83,83,83,83,83,83,83,83,83,83,83,83,83],"card_choices":[{"not_picked":["Flying Knee","Prepared+1"],"picked":"Cloak And Dagger+1","floor":1.0},{"not_picked":["Sucker Punch","Deflect+1"],"picked":"Poisoned Stab","floor":1.0},{"not_picked":["Underhanded Strike","Escape Plan+1"],"picked":"Dash","floor":2.0},{"not_picked":["PiercingWail+1","Predator"],"picked":"Corpse Explosion+1","floor":2.0},{"not_picked":["Acrobatics+1","Expertise+1"],"picked":"Slice","floor":3.0},{"not_picked":["Dodge and Roll+1","Backflip+1"],"picked":"Blade Dance+1","floor":3.0},{"not_picked":["Leg Sweep+1","Endless Agony"],"picked":"Blade Dance+1","floor":4.0},{"not_picked":["Dodge and Roll+1","Expertise+1"],"picked":"Burst+1","floor":4.0},{"not_picked":["Concentrate+1","Catalyst+1"],"picked":"Blur+1","floor":5.0},{"not_picked":["Slice","Dagger Throw"],"picked":"Dagger Spray","floor":5.0},{"not_picked":["Sucker Punch","Slice"],"picked":"Choke","floor":7.0},{"not_picked":["Slice","Dash","Eviscerate"],"picked":"SKIP","floor":8.0},{"not_picked":["Bane","Poisoned Stab","Setup+1"],"picked":"SKIP","floor":8.0},{"not_picked":["Slice","Bane","Deadly Poison+1"],"picked":"SKIP","floor":10.0},{"not_picked":["Malaise+1","Slice"],"picked":"Backflip+1","floor":11.0},{"not_picked":["Deadly Poison+1","Dagger Spray","Finisher"],"picked":"SKIP","floor":11.0},{"not_picked":["Deadly Poison+1","Dagger Spray"],"picked":"Finisher","floor":11.0},{"not_picked":["Deflect+1","Backflip+1"],"picked":"Noxious Fumes","floor":12.0},{"not_picked":["Dodge and Roll+1","Slice","Deflect+1"],"picked":"SKIP","floor":12.0},{"not_picked":["Outmaneuver+1","Masterful Stab"],"picked":"Dagger Spray","floor":13.0},{"not_picked":["Flying Knee","Bouncing Flask+1"],"picked":"Cloak And Dagger+1","floor":13.0},{"not_picked":["Burst+1","Corpse Explosion+1"],"picked":"Adrenaline+1","floor":16.0},{"not_picked":["Acrobatics+1","Bane"],"picked":"Outmaneuver+1","floor":18.0},{"not_picked":["Heel Hook","PiercingWail+1","Underhanded Strike"],"picked":"SKIP","floor":18.0},{"not_picked":["Prepared+1","Poisoned Stab","Masterful Stab"],"picked":"SKIP","floor":21.0},{"not_picked":["Eviscerate","Acrobatics+1","Malaise+1"],"picked":"SKIP","floor":21.0},{"not_picked":["All Out Attack","Bane"],"picked":"Tactician+1","floor":23.0},{"not_picked":["Deflect+1","Acrobatics+1"],"picked":"Dagger Spray+1","floor":24.0},{"not_picked":["Backstab+1","Finisher"],"picked":"Terror+1","floor":24.0},{"not_picked":["All Out Attack","Slice","Leg Sweep+1"],"picked":"SKIP","floor":25.0},{"not_picked":["All Out Attack","Leg Sweep+1"],"picked":"Slice","floor":25.0},{"not_picked":["Blur+1","Dodge and Roll+1"],"picked":"Envenom","floor":27.0},{"not_picked":["Eviscerate","Leg Sweep+1","Dagger Spray"],"picked":"SKIP","floor":27.0},{"not_picked":["Well Laid Plans","Outmaneuver+1"],"picked":"Tactician+1","floor":28.0},{"not_picked":["Underhanded Strike","Eviscerate","Reflex+1"],"picked":"SKIP","floor":28.0},{"not_picked":["Slice","PiercingWail+1","Quick Slash"],"picked":"SKIP","floor":29.0},{"not_picked":["Flechettes","Predator"],"picked":"Infinite Blades","floor":30.0},{"not_picked":["All Out Attack","Deadly Poison+1","Blade Dance+1"],"picked":"SKIP","floor":30.0},{"not_picked":["Cloak And Dagger+1","Riddle With Holes"],"picked":"Noxious Fumes","floor":31.0},{"not_picked":["Die Die Die","Grand Finale"],"picked":"Phantasmal Killer+1","floor":33.0},{"not_picked":["Expertise+1","Heel Hook"],"picked":"Tactician+1","floor":35.0},{"not_picked":["Choke","Underhanded Strike","Outmaneuver+1"],"picked":"SKIP","floor":35.0},{"not_picked":["Backflip+1","Dash+1","Distraction+1"],"picked":"SKIP","floor":38.0},{"not_picked":["Endless Agony","Calculated Gamble+1","Eviscerate+1"],"picked":"SKIP","floor":38.0},{"not_picked":["Dodge and Roll+1","PiercingWail+1"],"picked":"Flying Knee","floor":39.0},{"not_picked":["Burst+1","Concentrate+1"],"picked":"Blur+1","floor":39.0},{"not_picked":["Flying Knee","Dodge and Roll+1"],"picked":"Cloak And Dagger+1","floor":40.0},{"not_picked":["Quick Slash","Dagger Spray","Crippling Poison+1"],"picked":"SKIP","floor":44.0},{"not_picked":["Backflip+1","Acrobatics+1"],"picked":"Caltrops+1","floor":46.0},{"not_picked":["Bouncing Flask+1","Poisoned Stab"],"picked":"Envenom","floor":47.0},{"not_picked":["Footwork","Dodge and Roll+1"],"picked":"Caltrops","floor":47.0},{"not_picked":["Terror+1","Riddle With Holes","Blade Dance+1"],"picked":"SKIP","floor":48.0},{"not_picked":["Infinite Blades","Bane+1","Well Laid Plans+1"],"picked":"SKIP","floor":48.0},{"not_picked":["Heel Hook+1","Dagger Throw"],"picked":"Accuracy","floor":55}],"player_experience":1979154,"relics_obtained":[{"floor":7.0,"key":"Old Coin"},{"floor":10.0,"key":"Paper Crane"},{"floor":23.0,"key":"StrikeDummy"},{"floor":25.0,"key":"Nunchaku"},{"floor":26.0,"key":"Dead Branch"},{"floor":29.0,"key":"Meat on the Bone"},{"floor":31.0,"key":"Shovel"},{"floor":32.0,"key":"Oddly Smooth Stone"},{"floor":40.0,"key":"Strawberry"},{"floor":42.0,"key":"Toy Ornithopter"},{"floor":43.0,"key":"StoneCalendar"},{"floor":44.0,"key":"Incense Burner"},{"floor":46.0,"key":"The Courier"},{"floor":49.0,"key":"War Paint"},{"floor":53,"key":"Mercury Hourglass"},{"floor":55,"key":"Tingsha"}],"event_choices":[{"damage_healed":0.0,"max_hp_gain":0.0,"max_hp_loss":0.0,"gold_gain":0.0,"event_name":"The Mausoleum","player_choice":"Opened","floor":19.0,"gold_loss":0.0,"damage_taken":0.0,"relics_obtained":["Bag of Marbles"],"cards_obtained":["Writhe"]},{"cards_removed":["Writhe"],"damage_healed":0.0,"max_hp_gain":0.0,"max_hp_loss":0.0,"gold_gain":0.0,"event_name":"Fountain of Cleansing","player_choice":"Removed Curses","floor":20.0,"gold_loss":0.0,"damage_taken":0.0},{"damage_healed":0.0,"max_hp_gain":0.0,"max_hp_loss":0.0,"gold_gain":0.0,"event_name":"Back to Basics","player_choice":"Simplicity","floor":22.0,"gold_loss":0.0,"damage_taken":0.0,"cards_upgraded":["Strike_G","Strike_G","Strike_G","Strike_G","Strike_G","Defend_G","Defend_G","Defend_G","Defend_G"]},{"damage_healed":0.0,"max_hp_gain":0.0,"max_hp_loss":0.0,"gold_gain":0.0,"event_name":"Tomb of Lord Red Mask","player_choice":"Paid","floor":37.0,"gold_loss":181.0,"damage_taken":0.0,"relics_obtained":["Red Mask"]},{"damage_healed":0.0,"max_hp_gain":0.0,"max_hp_loss":0.0,"gold_gain":0.0,"event_name":"Winding Halls","player_choice":"Embrace Madness","floor":41.0,"gold_loss":0.0,"damage_taken":15.0,"cards_obtained":["Madness","Madness"]}],"is_beta":false,"boss_relics":[{"not_picked":["Runic Dome","Pandora\u0027s Box"],"picked":"SacredBark"},{"not_picked":["Snecko Eye","HoveringKite"],"picked":"SlaversCollar"}],"items_purged_floors":[14],"is_endless":false,"potions_floor_spawned":[5,8,10,11,16,18,23,27,29,31,38,39,46,47],"ascension_level":20}}