{"host":"c4psiqwczhd30bq5","time":1612474464,"event":{"mods":["Act Like it!","Aspiration","BaseMod","BetterRewards","Conspire","Downfall","Hallownest","Hubris","Minty Spire (QoL Compilation)","StSLib"],"gold_per_floor":[112,128,128,128,141,141,174,174,174,249,279,279,309,326,326,426,426,441,457,51,51,64,64,91,91,91,17,37,68,68,99,99,194,194,208,225,245,245,261,294,311,345,345,357,357,369,389,389,389,389,389,33,67,67],"floor_reached":56,"language":"ENG","playtime":2548,"items_purged":["Regret"],"score":1414,"play_id":"793dc046-e477-4b4d-b7e5-bc25d3dfd2cd","local_time":"20210204223424","is_ascension_mode":true,"campfire_choices":[{"data":"conspire:Charge","floor":6,"key":"SMITH"},{"floor":8,"key":"REST"},{"floor":12,"key":"REST"},{"floor":15,"key":"REST"},{"floor":23,"key":"REST"},{"data":"Limit Break","floor":30,"key":"SMITH"},{"floor":32,"key":"RECALL"},{"floor":46,"key":"REST"},{"floor":49,"key":"REST"},{"data":"Iron Wave","floor":52,"key":"SMITH"}],"circlet_count":0,"master_deck":["Strike_R+1","Strike_R+1","Strike_R+1","Strike_R+1","Defend_R+1","Defend_R+1","Defend_R+1","Defend_R+1","Bash","Anger","Cleave","conspire:Charge+1","Thunderclap","Reaper","hubris:ReadiedAction","Seeing Red","Limit Break","Iron Wave+1","Disarm","Inflame","Clash","Spot Weakness+1","Heavy Blade","Limit Break+1","Blood for Blood+1","Infernal Blade+1","Evolve+1","Spot Weakness","Perfected Strike+1","Inflame+1","Iron Wave","Fire Breathing+1","Shockwave+1","Pummel+1","Metallicize+1","hubris:SharpeningStone+1","Body Slam","Heavy Blade+1","Spot Weakness+1"],"relics":["Burning Blood","hubris:ToyBattleship","hubris:Teleporter","War Paint","Ornamental Fan","hubris:CuriousFeather","Bag of Preparation","hubris:VirtuousBlindfold","Vajra","aspiration:Stabinomicon","aspiration:FrozenJewel","hubris:Reverence","Astrolabe","Mango","hubris:GlazedTorus","hubris:IronBody","hubris:CrystalStatue"],"acts_visited":["Exordium","TheCity","TheBeyond","TheEnding"],"potions_floor_usage":[16,16,22,22,29,31,39,40,41,48,50,50,54,54,54],"damage_taken":[{"damage":0,"enemies":"Small Slimes","floor":1,"turns":3},{"damage":4,"enemies":"Jaw Worm","floor":2,"turns":4},{"damage":0,"enemies":"2 Louse","floor":5,"turns":2},{"damage":22,"enemies":"Lagavulin","floor":7,"turns":5},{"damage":32,"enemies":"3 Sentries","floor":11,"turns":8},{"damage":19,"enemies":"Gremlin Nob","floor":13,"turns":4},{"damage":23,"enemies":"Exordium Wildlife","floor":14,"turns":4},{"damage":3,"enemies":"Slime Boss","floor":16,"turns":6},{"damage":5,"enemies":"3 Byrds","floor":18,"turns":6},{"damage":36,"enemies":"Spheric Guardian","floor":19,"turns":6},{"damage":5,"enemies":"Shelled Parasite and Fungi","floor":22,"turns":4},{"damage":7,"enemies":"Book of Stabbing","floor":24,"turns":4},{"damage":2,"enemies":"Centurion and Healer","floor":28,"turns":5},{"damage":21,"enemies":"Gremlin Leader","floor":29,"turns":3},{"damage":10,"enemies":"Slavers","floor":31,"turns":4},{"damage":6,"enemies":"Automaton","floor":33,"turns":5},{"damage":0,"enemies":"Orb Walker","floor":35,"turns":1},{"damage":0,"enemies":"3 Shapes","floor":36,"turns":2},{"damage":7,"enemies":"3 Darklings","floor":37,"turns":5},{"damage":21,"enemies":"Spire Growth","floor":39,"turns":4},{"damage":28,"enemies":"Giant Head","floor":40,"turns":6},{"damage":26,"enemies":"Maw","floor":41,"turns":6},{"damage":76,"enemies":"Nemesis","floor":42,"turns":5},{"damage":7,"enemies":"3 Darklings","floor":45,"turns":3},{"damage":3,"enemies":"Jaw Worm Horde","floor":47,"turns":3},{"damage":45,"enemies":"4 Shapes","floor":48,"turns":5},{"damage":52,"enemies":"Donu and Deca","floor":50,"turns":6},{"damage":32,"enemies":"Shield and Spear","floor":54,"turns":5},{"damage":64,"enemies":"The Heart","floor":55,"turns":7}],"seed_played":"-6629770297896854278","potions_obtained":[{"floor":13,"key":"hexamod:SoulburnPotion"},{"floor":14,"key":"hexamod:SoulburnPotion"},{"floor":16,"key":"SkillPotion"},{"floor":22,"key":"ColorlessPotion"},{"floor":25,"key":"SmokeBomb"},{"floor":25,"key":"conspire:TimeTravelPotion"},{"floor":29,"key":"champ:CounterPotion"},{"floor":31,"key":"conspire:TimeTravelPotion"},{"floor":39,"key":"Energy Potion"},{"floor":40,"key":"bronze:BurnAndBuffPotion"},{"floor":42,"key":"hexamod:SoulburnPotion"},{"floor":47,"key":"LiquidMemories"},{"floor":48,"key":"champ:CounterPotion"}],"is_trial":false,"path_per_floor":["M","M","?","?","M","R","E","R","T","?","E","R","E","M","R","B",null,"M","M","$","?","M","R","E","?","T","$","M","E","R","E","R","B",null,"M","M","M","?","M","E","M","E","?","M","R","M","M","R","B",null,"R","$","E","B",null],"character_chosen":"IRONCLAD","items_purchased":["Vajra","Inflame","BloodPotion","AttackPotion","Dropkick","hubris:IronBody","EntropicBrew"],"campfire_rested":6,"item_purchase_floors":[20,20,20,20,27,53,53],"current_hp_per_floor":[80,80,80,80,80,80,64,80,80,69,57,80,73,62,80,80,80,80,50,50,50,56,80,80,80,80,80,80,80,80,80,80,80,80,80,80,80,80,80,82,94,24,24,50,78,94,56,84,75,94,94,94,80,44],"gold":67,"neow_bonus":"RANDOM_COMMON_RELIC","is_daily":false,"chose_seed":false,"campfire_upgraded":3,"win_rate":0.0,"timestamp":1612474464,"path_taken":["M","M","?","?","M","R","E","R","T","?","E","R","E","?","R","BOSS","M","M","$","?","M","R","E","?","T","$","M","E","R","E","R","BOSS","M","M","?","?","M","E","?","E","?","M","R","?","M","R","BOSS","R","$","E","BOSS"],"items_purchased_type":["Relic","Card","Potion","Potion","Card","Relic","Potion"],"build_version":"2020-12-22","purchased_purges":1,"victory":true,"max_hp_per_floor":[80,80,80,80,80,80,80,80,80,80,80,80,80,80,80,80,80,80,80,80,80,80,80,80,80,80,80,80,80,80,80,80,80,80,80,80,80,80,80,94,94,94,94,94,94,94,94,94,94,94,94,94,94,94],"card_choices":[{"not_picked":["Shrug It Off","Twin Strike"],"picked":"Anger","floor":1},{"not_picked":["Hemokinesis","True Grit"],"picked":"Cleave","floor":2},{"not_picked":["Wild Strike","Armaments"],"picked":"Thunderclap","floor":5},{"not_picked":["Intimidate","Clothesline"],"picked":"Reaper","floor":7},{"not_picked":["Hemokinesis","Entrench"],"picked":"Power Through","floor":11},{"not_picked":["Shrug It Off","Heavy Blade"],"picked":"hubris:ReadiedAction","floor":13},{"not_picked":["Clash","Burning Pact"],"picked":"Seeing Red","floor":14},{"not_picked":["Brutality","Berserk"],"picked":"Limit Break","floor":16},{"not_picked":["Body Slam","hubris:ReadiedAction"],"picked":"Iron Wave","floor":18},{"not_picked":["Thunderclap","Dark Embrace"],"picked":"Disarm","floor":19},{"not_picked":["Body Slam","Perfected Strike"],"picked":"Clash","floor":22},{"not_picked":["Inflame","Twin Strike"],"picked":"Spot Weakness+1","floor":24},{"not_picked":["Combust+1","Flame Barrier"],"picked":"Heavy Blade","floor":28},{"not_picked":["hubris:SharpeningStone","Intimidate"],"picked":"Limit Break","floor":29},{"not_picked":["Perfected Strike+1","Reckless Charge+1"],"picked":"Seeing Red+1","floor":31},{"not_picked":["Havoc+1","Thunderclap"],"picked":"Spot Weakness","floor":35},{"not_picked":["Spot Weakness","Clash"],"picked":"Perfected Strike+1","floor":36},{"not_picked":["Thunderclap+1","Cleave"],"picked":"Inflame+1","floor":37},{"not_picked":["Metallicize","Hemokinesis+1"],"picked":"Fire Breathing+1","floor":39},{"not_picked":["Heavy Blade","Burning Pact"],"picked":"Shockwave+1","floor":40},{"not_picked":["Battle Trance","Twin Strike"],"picked":"Pummel+1","floor":41},{"not_picked":["Dropkick","Berserk"],"picked":"Metallicize+1","floor":42},{"not_picked":["True Grit","Wild Strike+1"],"picked":"hubris:SharpeningStone+1","floor":45},{"not_picked":["Twin Strike","hubris:ReadiedAction+1"],"picked":"Body Slam","floor":47},{"not_picked":["Headbutt","Whirlwind+1"],"picked":"Heavy Blade+1","floor":48},{"not_picked":["Havoc","Inflame+1"],"picked":"Spot Weakness+1","floor":54}],"player_experience":274020,"relics_obtained":[{"floor":7,"key":"War Paint"},{"floor":9,"key":"Ornamental Fan"},{"floor":11,"key":"hubris:CuriousFeather"},{"floor":13,"key":"Bag of Preparation"},{"floor":24,"key":"aspiration:Stabinomicon"},{"floor":29,"key":"aspiration:FrozenJewel"},{"floor":31,"key":"hubris:Reverence"},{"floor":40,"key":"Mango"},{"floor":42,"key":"hubris:GlazedTorus"},{"floor":54,"key":"hubris:CrystalStatue"}],"event_choices":[{"damage_healed":0,"gold_gain":0,"player_choice":"Box","damage_taken":0,"relics_obtained":["hubris:Teleporter"],"max_hp_gain":0,"max_hp_loss":0,"event_name":"Big Fish","floor":3,"gold_loss":0,"cards_obtained":["Regret"]},{"damage_healed":0,"gold_gain":75,"player_choice":"Gather Gold","damage_taken":11,"max_hp_gain":0,"max_hp_loss":0,"event_name":"World of Goop","floor":10,"gold_loss":0},{"damage_healed":0,"gold_gain":0,"player_choice":"Simplicity","damage_taken":0,"max_hp_gain":0,"max_hp_loss":0,"event_name":"Back to Basics","floor":21,"gold_loss":0,"cards_upgraded":["Strike_R","Strike_R","Strike_R","Strike_R","Strike_R","Defend_R","Defend_R"]},{"damage_healed":0,"gold_gain":0,"player_choice":"Got Potions","damage_taken":0,"max_hp_gain":0,"max_hp_loss":0,"event_name":"Lab","floor":25,"gold_loss":0},{"cards_removed":["Seeing Red"],"damage_healed":0,"gold_gain":0,"player_choice":"Took Card","damage_taken":0,"max_hp_gain":0,"max_hp_loss":0,"event_name":"NoteForYourself","floor":38,"gold_loss":0,"cards_obtained":["Iron Wave"]},{"damage_healed":0,"gold_gain":0,"player_choice":"Ignored","damage_taken":0,"max_hp_gain":0,"max_hp_loss":0,"event_name":"Purifier","floor":44,"gold_loss":0}],"is_beta":false,"boss_relics":[{"not_picked":["conspire:SeveredTorchhead","Busted Crown"],"picked":"hubris:VirtuousBlindfold"},{"not_picked":["hubris:GrandSneckoEye","Pandora\u0027s Box"],"picked":"Astrolabe"}],"items_purged_floors":[20],"is_endless":false,"potions_floor_spawned":[13,14,16,22,29,31,36,39,40,42,47,48],"ascension_level":1}}