{"host":"0k696jvpnlqjk4gh","time":1612440341,"event":{"mods":["AchievementEnabler","BaseMod","Colored Map","Colored Powertips","Minty Spire (QoL Compilation)","Quick Restart"],"gold_per_floor":[112,112,112,112,212,248,248,287,333,353,377,377,377,396,396,396,396],"floor_reached":16,"language":"ENG","playtime":7728,"items_purged":[],"score":190,"play_id":"44e03e76-9267-4b94-bbbd-f8f473837ed8","local_time":"20210204120541","is_ascension_mode":true,"campfire_choices":[{"data":"Choke","floor":13,"key":"SMITH"},{"data":"Blade Dance","floor":15,"key":"SMITH"}],"circlet_count":0,"master_deck":["Strike_G","Strike_G","Strike_G","Strike_G","Strike_G","Defend_G","Defend_G","Defend_G","Defend_G","Defend_G","Survivor","Neutralize","Regret","Dagger Throw","Quick Slash","Choke+1","Outmaneuver","Blade Dance+1"],"relics":["Ring of the Snake","NeowsBlessing","Kunai","Golden Idol","The Courier","Eternal Feather","Ancient Tea Set","Ninja Scroll"],"acts_visited":["Exordium"],"potions_floor_usage":[16],"damage_taken":[{"damage":0,"enemies":"Small Slimes","floor":1,"turns":1},{"damage":0,"enemies":"Lagavulin","floor":6,"turns":1},{"damage":0,"enemies":"Gremlin Nob","floor":8,"turns":1},{"damage":0,"enemies":"Jaw Worm","floor":10,"turns":3},{"damage":0,"enemies":"2 Louse","floor":11,"turns":2},{"damage":3,"enemies":"Lots of Slimes","floor":14,"turns":4},{"damage":65,"enemies":"Hexaghost","floor":16,"turns":16}],"seed_played":"2776526209126259828","potions_obtained":[{"floor":8,"key":"FearPotion"},{"floor":14,"key":"DistilledChaos"}],"is_trial":false,"path_per_floor":["M","$","?","?","?","E","$","E","T","M","M","?","R","M","R","B"],"character_chosen":"THE_SILENT","items_purchased":[],"campfire_rested":0,"item_purchase_floors":[],"current_hp_per_floor":[70,70,70,65,65,65,65,65,65,65,65,65,65,62,65,0,0],"gold":396,"neow_bonus":"THREE_ENEMY_KILL","is_daily":false,"chose_seed":false,"campfire_upgraded":2,"win_rate":0.0,"timestamp":1612440341,"path_taken":["M","$","?","?","?","E","$","E","T","M","?","?","R","?","R","BOSS"],"items_purchased_type":[],"build_version":"2020-12-22","purchased_purges":0,"victory":false,"max_hp_per_floor":[70,70,70,65,65,65,65,65,65,65,65,65,65,65,65,65,65],"card_choices":[{"not_picked":["Underhanded Strike","Dagger Throw","Caltrops"],"picked":"SKIP","floor":1},{"not_picked":["Backflip","Outmaneuver"],"picked":"Dagger Throw","floor":6},{"not_picked":["Deadly Poison","Concentrate"],"picked":"Quick Slash","floor":8},{"not_picked":["Prepared","Bane"],"picked":"Choke","floor":10},{"not_picked":["Poisoned Stab","Envenom"],"picked":"Outmaneuver","floor":11},{"not_picked":["Well Laid Plans","Backflip"],"picked":"Blade Dance","floor":14}],"player_experience":146976,"relics_obtained":[{"floor":6,"key":"The Courier"},{"floor":8,"key":"Eternal Feather"},{"floor":9,"key":"Ancient Tea Set"}],"event_choices":[{"damage_healed":0,"gold_gain":0,"player_choice":"Box","damage_taken":0,"relics_obtained":["Kunai"],"max_hp_gain":0,"max_hp_loss":0,"event_name":"Big Fish","floor":3,"gold_loss":0,"cards_obtained":["Regret"]},{"damage_healed":0,"gold_gain":0,"player_choice":"Lose Max HP","damage_taken":0,"relics_obtained":["Golden Idol"],"max_hp_gain":0,"max_hp_loss":5,"event_name":"Golden Idol","floor":4,"gold_loss":0},{"damage_healed":0,"gold_gain":100,"player_choice":"Gold","damage_taken":0,"max_hp_gain":0,"max_hp_loss":0,"event_name":"Wheel of Change","floor":5,"gold_loss":0},{"damage_healed":0,"gold_gain":0,"player_choice":"Gave Potion","damage_taken":0,"relics_obtained":["Ninja Scroll"],"max_hp_gain":0,"max_hp_loss":0,"event_name":"WeMeetAgain","floor":12,"gold_loss":0}],"is_beta":false,"boss_relics":[],"items_purged_floors":[],"is_endless":false,"potions_floor_spawned":[8,14],"killed_by":"Hexaghost","ascension_level":4}}