{"host":"p1xsuo25udtrkbq2","time":1612418942,"event":{"mods":["BaseMod","Colored Map","Googly Eyes","Highlight Path","Minty Spire (QoL Compilation)","Quick Restart","Rare Cards Sparkle","Relic Stats","Slay the Relics Exporter","StSLib","everything is the same but u backflip on backflip"],"gold_per_floor":[109,54,129,129,18,48,68,96,122,140,140,140,140,178,178,178,178],"floor_reached":16,"language":"ENG","playtime":1021,"items_purged":[],"score":261,"play_id":"009ab48f-3111-4007-b903-213daaa89819","local_time":"20210204010902","is_ascension_mode":true,"campfire_choices":[{"floor":11,"key":"REST"},{"data":"Bullet Time","floor":12,"key":"SMITH"},{"data":"Crippling Poison","floor":15,"key":"SMITH"}],"circlet_count":0,"master_deck":["AscendersBane","Strike_G","Strike_G","Strike_G","Strike_G","Strike_G","Defend_G","Defend_G","Defend_G","Defend_G","Defend_G","Survivor","Neutralize","Flying Knee","Blade Dance","Acrobatics","Masterful Stab","Bullet Time+1","Backflip","Crippling Poison+1"],"relics":["Ring of the Snake","NeowsBlessing","Juzu Bracelet","Calipers","WingedGreaves","Orichalcum","Golden Idol","Frozen Egg 2"],"acts_visited":["Exordium"],"potions_floor_usage":[8],"damage_taken":[{"damage":0,"enemies":"2 Louse","floor":1,"turns":1},{"damage":0,"enemies":"3 Sentries","floor":6,"turns":1},{"damage":0,"enemies":"Small Slimes","floor":7,"turns":1},{"damage":22,"enemies":"Lagavulin","floor":8,"turns":8},{"damage":0,"enemies":"Jaw Worm","floor":10,"turns":3},{"damage":13,"enemies":"3 Sentries","floor":14,"turns":9},{"damage":55,"enemies":"The Guardian","floor":16,"turns":8}],"seed_played":"-8575704327432252314","potions_obtained":[{"floor":1,"key":"Weak Potion"}],"is_trial":false,"path_per_floor":["M","$","?","?","$","E","M","E","T","M","R","R","?","E","R","B"],"character_chosen":"THE_SILENT","items_purchased":["Blade Dance","FairyPotion"],"campfire_rested":1,"item_purchase_floors":[2,5],"current_hp_per_floor":[59,59,48,37,37,37,37,15,15,15,34,34,34,21,21,0,0],"gold":178,"neow_bonus":"THREE_ENEMY_KILL","is_daily":false,"chose_seed":false,"campfire_upgraded":2,"win_rate":0.0,"timestamp":1612418942,"path_taken":["M","$","?","?","$","E","M","E","T","M","R","R","?","E","R","BOSS"],"items_purchased_type":["Card","Potion"],"build_version":"2020-12-22","purchased_purges":0,"victory":false,"max_hp_per_floor":[66,66,66,66,66,66,66,66,66,66,66,66,60,60,60,60,60],"relic_stats":{"counters":[7,31],"Golden Idol":8,"Juzu Bracelet":0,"Orichalcum":[36],"obtain_stats":[{"Calipers":6,"NeowsBlessing":0,"Golden Idol":13,"WingedGreaves":8,"Juzu Bracelet":4,"Orichalcum":9,"Frozen Egg 2":14,"Ring of the Snake":0},{"Calipers":2,"NeowsBlessing":0,"Golden Idol":5,"WingedGreaves":4,"Juzu Bracelet":1,"Orichalcum":4,"Frozen Egg 2":6,"Ring of the Snake":0},{"Calipers":2,"NeowsBlessing":0,"Golden Idol":14,"WingedGreaves":11,"Juzu Bracelet":1,"Orichalcum":11,"Frozen Egg 2":23,"Ring of the Snake":0}],"Ring of the Snake":[14]},"card_choices":[{"not_picked":["Terror","Tactician"],"picked":"Flying Knee","floor":1},{"not_picked":["Dodge and Roll","Poisoned Stab"],"picked":"Acrobatics","floor":6},{"not_picked":["Outmaneuver","Eviscerate"],"picked":"Masterful Stab","floor":7},{"not_picked":["Dagger Throw","Dodge and Roll"],"picked":"Bullet Time","floor":8},{"not_picked":["Calculated Gamble","Poisoned Stab"],"picked":"Backflip","floor":10},{"not_picked":["Backflip","Poisoned Stab"],"picked":"Crippling Poison","floor":14}],"player_experience":978393,"relics_obtained":[{"floor":6,"key":"Calipers"},{"floor":8,"key":"WingedGreaves"},{"floor":9,"key":"Orichalcum"},{"floor":14,"key":"Frozen Egg 2"}],"event_choices":[{"damage_healed":0,"gold_gain":75,"player_choice":"Gather Gold","damage_taken":11,"max_hp_gain":0,"max_hp_loss":0,"event_name":"World of Goop","floor":3,"gold_loss":0},{"damage_healed":0,"gold_gain":0,"player_choice":"Success","damage_taken":11,"relics_obtained":["Juzu Bracelet"],"max_hp_gain":0,"max_hp_loss":0,"event_name":"Scrap Ooze","floor":4,"gold_loss":0},{"damage_healed":0,"gold_gain":0,"player_choice":"Lose Max HP","damage_taken":0,"relics_obtained":["Golden Idol"],"max_hp_gain":0,"max_hp_loss":6,"event_name":"Golden Idol","floor":13,"gold_loss":0}],"is_beta":false,"boss_relics":[],"items_purged_floors":[],"is_endless":false,"potions_floor_spawned":[1],"killed_by":"The Guardian","ascension_level":17}}