{"host":"erjc6dqs793djrmy","time":1612402637,"event":{"mods":["BaseMod","Minty Spire (QoL Compilation)","StSLib","The Animator"],"gold_per_floor":[112,112,130,12,12,52,227,227,227],"floor_reached":8,"language":"ENG","playtime":550,"items_purged":[],"score":89,"play_id":"9abfd46b-2c23-4b2b-bf40-dfdeb01c033b","local_time":"20210203203717","is_ascension_mode":true,"campfire_choices":[],"circlet_count":0,"master_deck":["AscendersBane","animator:Strike_TenSura","animator:Defend_TenSura","animator:Strike","animator:Strike","animator:Strike","animator:Defend","animator:Defend","animator:Defend","animator:Benimaru","animator:Shuna","animator:Shiro","animator:Scar","animator:ChlammyZell","animator:GoblinSlayer","Injury","animator:RoyMustang","Doubt"],"relics":["animator:TheMissingPiece","SacredBark","Golden Idol","Art of War"],"acts_visited":["Exordium"],"potions_floor_usage":[6],"damage_taken":[{"damage":9,"enemies":"Small Slimes","floor":1,"turns":3},{"damage":3,"enemies":"Cultist","floor":3,"turns":3},{"damage":29,"enemies":"3 Sentries","floor":6,"turns":6},{"damage":18,"enemies":"Lagavulin","floor":8,"turns":5}],"seed_played":"6162475835450523361","potions_obtained":[{"floor":1,"key":"Block Potion"}],"is_trial":false,"path_per_floor":["M","?","M","$","?","E","?","E"],"character_chosen":"THE_ANIMATOR","items_purchased":["animator:GoblinSlayer","PowerPotion"],"campfire_rested":0,"item_purchase_floors":[4,4],"current_hp_per_floor":[50,50,47,47,47,18,18,0,0],"gold":227,"neow_bonus":"BOSS_RELIC","is_daily":false,"chose_seed":false,"campfire_upgraded":0,"win_rate":0.0,"timestamp":1612402637,"path_taken":["M","?","?","$","?","E","?","E"],"items_purchased_type":["Card","Potion"],"build_version":"2020-12-22","purchased_purges":0,"victory":false,"max_hp_per_floor":[66,66,66,66,66,66,66,66,66],"card_choices":[{"not_picked":["animator:ShinjiMatou","animator:Sloth","animator:Gluttony"],"picked":"SKIP","floor":1},{"not_picked":["animator:Tet","animator:DolaRiku"],"picked":"animator:ChlammyZell","floor":3},{"not_picked":["animator:YuiTsuruno","animator:LizardPriest"],"picked":"animator:RoyMustang","floor":6}],"player_experience":421120,"relics_obtained":[{"floor":6,"key":"Art of War"}],"event_choices":[{"damage_healed":0,"gold_gain":0,"player_choice":"2 cards matched","damage_taken":0,"max_hp_gain":0,"max_hp_loss":0,"event_name":"Match and Keep!","floor":2,"gold_loss":0,"cards_obtained":["animator:Shiro","animator:Scar"]},{"damage_healed":0,"gold_gain":0,"player_choice":"Take Wound","damage_taken":0,"relics_obtained":["Golden Idol"],"max_hp_gain":0,"max_hp_loss":0,"event_name":"Golden Idol","floor":5,"gold_loss":0,"cards_obtained":["Injury"]},{"damage_healed":0,"gold_gain":175,"player_choice":"AGREE","damage_taken":0,"max_hp_gain":0,"max_hp_loss":0,"event_name":"Liars Game","floor":7,"gold_loss":0,"cards_obtained":["Doubt"]}],"is_beta":false,"boss_relics":[],"items_purged_floors":[],"is_endless":false,"potions_floor_spawned":[1],"killed_by":"Lagavulin","ascension_level":13}}