{"host":"gf8hyl7jhl0is674","time":1612464387,"event":{"mods":["2.2 Compatiblity","Act Like it!","Aspiration","BaseMod","CapriCore","Chen","Colored Map","Gensokyo","Hallownest","Jorbs\u0027s Wanderer Trilogy","Koishi","Marisa????????","Minty Spire (QoL Compilation)","Onozuka Komachi Mod","Permanent Neow","Reimu??????","StSLib","The Administrix","The Blue Laboratory","The Immortal","The Jungle","The Servant 0.9.4","Waifu the Spire","Yakumo Yukari mod"],"gold_per_floor":[114,114,39,39,39,39,39,51,74,87,87,98,98,131,131,131,131],"floor_reached":16,"language":"ENG","playtime":654,"items_purged":["Reflex"],"score":98,"play_id":"4adea62e-ced7-4b90-bdbf-ddf3a3efbcfd","local_time":"20210204114627","is_ascension_mode":false,"campfire_choices":[{"data":"Dash","floor":6,"key":"SMITH"},{"data":"WindmillStrike","floor":11,"key":"SMITH"},{"data":"EmptyBody","floor":13,"key":"SMITH"},{"data":"Study","floor":15,"key":"SMITH"}],"circlet_count":0,"master_deck":["Strike_P","Strike_P","Defend_P","Defend_P","Defend_P","Defend_P","FearNoEvil","Dash+1","Sucker Punch","Clumsy","Pain","WindmillStrike+1","EmptyBody+1","ThirdEye","Study+1"],"relics":["PureWater","Gensokyo:NagashiBinaDoll","Gensokyo:LunaticRedEyes","Pen Nib"],"acts_visited":["Gensokyo:Gensokyo"],"potions_floor_usage":[],"damage_taken":[{"damage":6,"enemies":"Gensokyo:3_Fairies","floor":1,"turns":6},{"damage":2,"enemies":"Gensokyo:2_Kodama","floor":8,"turns":2},{"damage":2,"enemies":"Gensokyo:Gryphon","floor":10,"turns":3},{"damage":6,"enemies":"Gensokyo:3_Kodama","floor":12,"turns":6},{"damage":14,"enemies":"Gensokyo:Cirno","floor":14,"turns":7},{"damage":44,"enemies":"Gensokyo:Kokoro","floor":16,"turns":13}],"seed_played":"8938611331513380628","potions_obtained":[{"floor":1,"key":"Strength Potion"},{"floor":8,"key":"blueLaboratory:MidnightOil"}],"is_trial":false,"path_per_floor":["M","?","$","?","$","R","?","M","T","M","R","M","R","E","R","B"],"character_chosen":"WATCHER","items_purchased":[],"campfire_rested":0,"item_purchase_floors":[],"current_hp_per_floor":[66,66,66,66,66,66,66,64,64,62,62,56,56,42,42,0,0],"gold":131,"neow_bonus":"REMOVE_CARD","is_daily":false,"chose_seed":false,"campfire_upgraded":4,"win_rate":0.0,"timestamp":1612464387,"path_taken":["M","?","$","?","$","R","?","M","T","M","R","?","R","E","R","BOSS"],"items_purchased_type":[],"build_version":"2020-12-22","purchased_purges":1,"victory":false,"max_hp_per_floor":[72,72,72,72,72,72,72,72,72,72,72,72,72,72,72,72,72],"card_choices":[{"not_picked":["DeceiveReality","EmptyBody"],"picked":"FearNoEvil","floor":1},{"not_picked":["PathToVictory","JustLucky"],"picked":"WindmillStrike","floor":8},{"not_picked":["PathToVictory","WindmillStrike"],"picked":"EmptyBody","floor":10},{"not_picked":["Indignation","BowlingBash"],"picked":"ThirdEye","floor":12},{"not_picked":["Sanctity","EmptyBody"],"picked":"Study","floor":14}],"player_experience":416906,"relics_obtained":[{"floor":14,"key":"Pen Nib"}],"event_choices":[],"is_beta":false,"boss_relics":[],"items_purged_floors":[3],"is_endless":false,"potions_floor_spawned":[1,8],"killed_by":"Gensokyo:Kokoro","ascension_level":0}}