{"host":"2zjdcgw4be5n15ja","time":1612438959,"event":{"mods":["2.2 Compatiblity","AchievementEnabler","BaseMod","Bestiary","Better Skull","Better Third Choice","BetterRewards","Colored Powertips","Downfall","Hermit","Marisa????????","Marked Mod","Minty Spire (QoL Compilation)","Quick Restart","Rare Cards Sparkle","Reimu??????","Relic Stats","Reliquary","StSLib","The Bug Knight","The Problem Sleuth","The Runesmith"],"gold_per_floor":[115,115,135,135,0,35,35],"floor_reached":6,"language":"ENG","playtime":320,"items_purged":[],"score":46,"play_id":"c6af0bbb-eacf-4e8b-8ebe-c0f854a43fda","local_time":"20210205004239","is_ascension_mode":true,"campfire_choices":[],"circlet_count":0,"master_deck":["Strike_R","Strike_R","Strike_R","Defend_R","Defend_R","Defend_R","Defend_R","Bash","Bloodletting","Corruption","Flex","Body Slam","Regret","Enlightenment"],"relics":["Burning Blood","Sundial","Art of War"],"acts_visited":["Exordium"],"potions_floor_usage":[6,6],"damage_taken":[{"damage":11,"enemies":"Small Slimes","floor":1,"turns":4},{"damage":10,"enemies":"Cultist","floor":3,"turns":4},{"damage":46,"enemies":"Lagavulin","floor":6,"turns":7}],"seed_played":"-7427714156011028859","potions_obtained":[{"floor":2,"key":"BlessingOfTheForge"},{"floor":2,"key":"champ:CounterPotion"},{"floor":2,"key":"EssenceOfSteel"},{"floor":6,"key":"sneckomod:MuddlingPotion"}],"is_trial":false,"path_per_floor":["M","?","M","?","?","E"],"character_chosen":"IRONCLAD","items_purchased":[],"campfire_rested":0,"item_purchase_floors":[],"current_hp_per_floor":[67,67,63,63,69,29,29],"gold":35,"neow_bonus":"TRANSFORM_TWO_CARDS","is_daily":false,"chose_seed":false,"campfire_upgraded":0,"win_rate":0.0,"timestamp":1612438959,"path_taken":["M","?","?","?","?","E"],"items_purchased_type":[],"build_version":"2020-12-22","purchased_purges":0,"victory":false,"max_hp_per_floor":[72,72,72,72,78,78,78],"relic_stats":{"counters":[3,15],"Sundial":[2],"Art of War":[0],"obtain_stats":[{"Sundial":4,"Art of War":6,"Burning Blood":0},{"Sundial":2,"Art of War":3,"Burning Blood":0},{"Sundial":8,"Art of War":15,"Burning Blood":0}],"Burning Blood":18},"card_choices":[{"not_picked":["Thunderclap","Sentinel"],"picked":"Flex","floor":1},{"not_picked":["Wild Strike","Pommel Strike"],"picked":"Body Slam","floor":3}],"player_experience":390015,"relics_obtained":[{"floor":6,"key":"Art of War"}],"event_choices":[{"damage_healed":0,"gold_gain":0,"player_choice":"Got Potions","damage_taken":0,"max_hp_gain":0,"max_hp_loss":0,"event_name":"Lab","floor":2,"gold_loss":0},{"damage_healed":0,"gold_gain":0,"player_choice":"Box","damage_taken":0,"relics_obtained":["Sundial"],"max_hp_gain":0,"max_hp_loss":0,"event_name":"Big Fish","floor":4,"gold_loss":0,"cards_obtained":["Regret"]},{"damage_healed":0,"gold_gain":0,"player_choice":"RENOUNCE","damage_taken":135,"max_hp_gain":0,"max_hp_loss":0,"event_name":"betterThird:BetterSerpent","floor":5,"gold_loss":135,"cards_obtained":["Enlightenment"]}],"is_beta":false,"boss_relics":[],"items_purged_floors":[],"is_endless":false,"potions_floor_spawned":[6],"killed_by":"Lagavulin","ascension_level":1}}