{"host":"l2kmo5ss1fnqnmvo","time":1612455886,"event":{"mods":["BaseMod","Colored Powertips","Decade(王小明)","Lobotomy","Minty Spire (QoL Compilation)","Reimu（博丽灵梦）","WarShipGirlsR/战舰少女R mod"],"gold_per_floor":[119,133,144,160,180,207,207,92,92,92,123,140,195,221,221,321,321,340,355,355,375,388,415,415,449,472,115,132,132,164,264,264,359,359,376,391,192,192,207,207,241,241,250,265,71,106,138,438,438,438],"floor_reached":51,"language":"ZHS","playtime":5311,"items_purged":["Decade_Attack","DecadeViolentEmotion","FormRideDogga","Decade_Attack"],"score":1204,"play_id":"a17e7e19-0b8c-4e18-9440-ba47306805ac","local_time":"20210205012446","is_ascension_mode":true,"campfire_choices":[{"floor":7.0,"key":"RECALL"},{"data":"KamenRide","floor":10.0,"key":"SMITH"},{"data":"Dragreder","floor":15.0,"key":"SMITH"},{"data":"Blade_Mach","floor":29.0,"key":"SMITH"},{"floor":32.0,"key":"DIG"},{"floor":40,"key":"DIG"},{"floor":42,"key":"DIG"},{"floor":49,"key":"DIG"}],"circlet_count":0,"master_deck":["KamenRide+1","Decade_SpecialSkill","Decade_Defend","Decade_Defend","Decade_Defend","Decade_Defend","FormRideBasshaa","UnarmedAttack3","DragShield","Kiva_Frozen","UnarmedAttack7","Kiva_Bats","Kiva_Bats","Kiva_Bats","Dragreder+1","RideBooker+1","Decade_Illusion","UnarmedAttack8","Kiva_Eat+1","FormRide+1","Decade_Defend2","FormRideGaruru+1","Kuuga_GouramAttack","Kiva_Bats+1","Blade_Mach+1","Blade_Mach+1","AutoVajin","Kiva_Eat","Blade_Metal","Blade_Mach","Kiva_Bats+1","Kiva_Bats","Decade_Illusion+1","Blade_Metal+1","Writhe","Kiva_Swallow","Blade_Mach+1"],"relics":["Decadriver","TOEIDeficitBill","RabbitCall","Orichalcum","Prayer Wheel","Gremlin Horn","White Beast Statue","Empty Cage","Darkstone Periapt","Smiling Mask","War Paint","HandDrill","Nunchaku","InkBottle","Shovel","Meat on the Bone","Pocketwatch","Cursed Key","Oddly Smooth Stone","Happy Flower","Mastiff:ReiMu","CeramicFish","Shuriken","OrangePellets","Toy Ornithopter","Centennial Puzzle"],"acts_visited":["Exordium","TheCity","TheBeyond"],"potions_floor_usage":[39,44,51,51,51],"damage_taken":[{"damage":12.0,"enemies":"Small Slimes","floor":1.0,"turns":3.0},{"damage":1.0,"enemies":"Cultist","floor":2.0,"turns":3.0},{"damage":3.0,"enemies":"2 Louse","floor":3.0,"turns":3.0},{"damage":11.0,"enemies":"Blue Slaver","floor":4.0,"turns":4.0},{"damage":6.0,"enemies":"Looter","floor":5.0,"turns":2.0},{"damage":15.0,"enemies":"Gremlin Nob","floor":6.0,"turns":4.0},{"damage":2.0,"enemies":"Lagavulin","floor":11.0,"turns":4.0},{"damage":7.0,"enemies":"2 Fungi Beasts","floor":12.0,"turns":3.0},{"damage":7.0,"enemies":"Lagavulin Event","floor":13.0,"turns":4.0},{"damage":8.0,"enemies":"3 Sentries","floor":14.0,"turns":3.0},{"damage":48.0,"enemies":"Hexaghost","floor":16.0,"turns":5.0},{"damage":0.0,"enemies":"Shell Parasite","floor":18.0,"turns":8.0},{"damage":7.0,"enemies":"Chosen","floor":19.0,"turns":5.0},{"damage":21.0,"enemies":"Shelled Parasite and Fungi","floor":21.0,"turns":5.0},{"damage":28.0,"enemies":"Snake Plant","floor":22.0,"turns":5.0},{"damage":6.0,"enemies":"Gremlin Leader","floor":23.0,"turns":5.0},{"damage":14.0,"enemies":"Book of Stabbing","floor":25.0,"turns":5.0},{"damage":14.0,"enemies":"Centurion and Healer","floor":28.0,"turns":6.0},{"damage":13.0,"enemies":"Gremlin Leader","floor":30.0,"turns":6.0},{"damage":5.0,"enemies":"Colosseum Slavers","floor":31.0,"turns":3.0},{"damage":0.0,"enemies":"Colosseum Nobs","floor":31.0,"turns":3.0},{"damage":35.0,"enemies":"Automaton","floor":33.0,"turns":5.0},{"damage":10,"enemies":"3 Darklings","floor":35,"turns":3},{"damage":18,"enemies":"3 Shapes","floor":36,"turns":2},{"damage":3,"enemies":"Spire Growth","floor":39,"turns":3},{"damage":0,"enemies":"Giant Head","floor":41,"turns":5},{"damage":0,"enemies":"Sphere and 2 Shapes","floor":44,"turns":2},{"damage":20,"enemies":"Transient","floor":46,"turns":5},{"damage":0,"enemies":"Reptomancer","floor":47,"turns":4},{"damage":18,"enemies":"Donu and Deca","floor":50,"turns":5},{"damage":70,"enemies":"Malkuth","floor":51,"turns":9},{"damage":6,"enemies":"Yesod","floor":51,"turns":9},{"damage":212,"enemies":"Tiphereth","floor":51,"turns":22},{"damage":395,"enemies":"Hokma","floor":51,"turns":12}],"seed_played":"-1232095902300922582","potions_obtained":[{"floor":1.0,"key":"ColorlessPotion"},{"floor":2.0,"key":"SteroidPotion"},{"floor":6.0,"key":"Regen Potion"},{"floor":11.0,"key":"GrandPatriotsElixir:ReiMu"},{"floor":12.0,"key":"Regen Potion"},{"floor":13.0,"key":"Dexterity Potion"},{"floor":16.0,"key":"Ancient Potion"},{"floor":21.0,"key":"Fruit Juice"},{"floor":22.0,"key":"BlessingOfTheForge"},{"floor":23.0,"key":"Block Potion"},{"floor":25.0,"key":"Block Potion"},{"floor":30.0,"key":"LiquidMemories"},{"floor":31.0,"key":"BlessingOfTheForge"},{"floor":33.0,"key":"LiquidMemories"},{"floor":39,"key":"SkillPotion"},{"floor":44,"key":"GrandPatriotsElixir:ReiMu"}],"is_trial":false,"path_per_floor":["M","M","M","M","M","E","R","$","T","R","E","M","?","E","R","B",null,"M","M","?","M","M","E","?","E","T","$","M","R","E","?","R","B",null,"M","M","$","?","M","R","E","R","T","M","$","M","E","?","R","B",null],"character_chosen":"Decade","items_purchased":["Kiva_Bats","HandDrill","Nunchaku","Oddly Smooth Stone","OrangePellets"],"campfire_rested":0,"item_purchase_floors":[8,27,27,37,45],"current_hp_per_floor":[58,59,56,46,46,54,54,54,54,54,54,56,63,55,55,53,70,70,63,63,64,39,54,54,48,48,48,46,46,47,75,75,69,75,65,52,52,52,75,75,75,75,81,81,81,91,91,91,91,91],"gold":438,"neow_bonus":"","is_daily":false,"chose_seed":false,"campfire_upgraded":3,"win_rate":0.0,"timestamp":1612455886,"path_taken":["M","M","M","M","M","E","R","$","T","R","E","M","?","E","R","BOSS","M","M","?","M","?","E","?","E","T","$","M","R","E","?","R","BOSS","M","M","$","?","M","R","E","R","T","?","$","M","E","?","R","BOSS"],"items_purchased_type":["Card","Relic","Relic","Relic","Relic"],"build_version":"2020-12-22","purchased_purges":4,"victory":true,"max_hp_per_floor":[70,70,70,70,70,70,70,70,70,70,70,70,70,70,70,70,70,70,70,70,75,75,75,75,75,75,75,75,75,75,75,75,75,75,75,75,75,75,75,75,75,75,81,81,81,91,91,91,91,91],"card_choices":[{"not_picked":["FormRideDragon","Blade_Beat"],"picked":"FormRideBasshaa","floor":1.0},{"not_picked":["Kuuga_GouramAttack","Hibiki_Attack1","Blade_Kick"],"picked":"SKIP","floor":1.0},{"not_picked":["KamenRideRyuki","FormRideDragon"],"picked":"UnarmedAttack3","floor":2.0},{"not_picked":["Hibiki_Attack1","KamenRideFaiz"],"picked":"DragShield","floor":2.0},{"not_picked":["Kuuga_GouramAttack","Decade_Defend2"],"picked":"Kiva_Frozen","floor":3.0},{"not_picked":["UnarmedAttack9","FormRideDragon"],"picked":"UnarmedAttack7","floor":3.0},{"not_picked":["RideBooker","KamenRideBlade","UnarmedAttack3"],"picked":"SKIP","floor":4.0},{"not_picked":["DenO_Rod","UnarmedAttack9","UnarmedAttack5"],"picked":"SKIP","floor":4.0},{"not_picked":["Decade_Dash1","FormRideDogga"],"picked":"Kiva_Bats","floor":5.0},{"not_picked":["AutoVajin","Decade_Dash2"],"picked":"FormRideDogga","floor":5.0},{"not_picked":["Kuuga_Rising","UnarmedAttack3"],"picked":"Kiva_Bats","floor":6.0},{"not_picked":["PrometheusPower","FormRidePegasus","FormRideJack"],"picked":"SKIP","floor":6.0},{"not_picked":["UnarmedAttack5","KamenRideKabuto","DenO_Rod"],"picked":"SKIP","floor":11.0},{"not_picked":["FormRideFlame","UnarmedAttack4","PrometheusPower"],"picked":"SKIP","floor":11.0},{"not_picked":["Decade_Dash2","FormRideDogga"],"picked":"Dragreder","floor":12.0},{"not_picked":["DragClaw","Decade_Invisible"],"picked":"RideBooker","floor":12.0},{"not_picked":["Decade_Dash1","FormRideDragon","KamenRideRyuki"],"picked":"SKIP","floor":12.0},{"not_picked":["Decade_Dash2","RideBooker_Skill_1"],"picked":"Decade_Illusion","floor":14.0},{"not_picked":["KamenRideKabuto","FormRideFlame"],"picked":"UnarmedAttack8","floor":14.0},{"not_picked":["DenO_Climax","UnarmedAttack9"],"picked":"Kiva_Eat","floor":16.0},{"not_picked":["TimeVent","FormRideAxel"],"picked":"DecadeViolentEmotion","floor":16.0},{"not_picked":["UnarmedAttack1","KamenRideDenO"],"picked":"FormRide+1","floor":18.0},{"not_picked":["FormRideDogga","Blade_Slash"],"picked":"Decade_Defend2","floor":18.0},{"not_picked":["FormRideBasshaa+1","UnarmedAttack8","FormRideFlame+1"],"picked":"SKIP","floor":18.0},{"not_picked":["FormRideTitan","DenO_Gun"],"picked":"FormRideGaruru+1","floor":19.0},{"not_picked":["Decade_Dash1","KamenRideAgito+1","PhotonAcceleration+1"],"picked":"SKIP","floor":19.0},{"not_picked":["RideBooker_Skill_3+1","DenO_Ax","UnarmedAttack1"],"picked":"SKIP","floor":19.0},{"not_picked":["Hibiki_Attack1","FormRideTitan+1"],"picked":"Kuuga_GouramAttack","floor":21.0},{"not_picked":["KamenRideKuuga+1","DenO_Sword"],"picked":"DecadeViolentEmotion","floor":21.0},{"not_picked":["RideBooker_Skill_1","MirrorWorld+1","KamenRideBlade"],"picked":"SKIP","floor":21.0},{"not_picked":["FormRideBasshaa","DragClaw"],"picked":"Kiva_Bats+1","floor":22.0},{"not_picked":["KamenRideDecade","Hibiki_Attack1+1","Blade_Beat+1"],"picked":"SKIP","floor":22.0},{"not_picked":["UnarmedAttack8","DenO_Ax","RideBooker_Skill_1"],"picked":"SKIP","floor":22.0},{"not_picked":["FormRide+1","FormRideStorm+1","KamenRideDecade+1"],"picked":"SKIP","floor":23.0},{"not_picked":["RideBooker_Skill_2","UnarmedAttack5","FormRideTitan"],"picked":"SKIP","floor":23.0},{"not_picked":["AttackRide","RideBooker_Skill_1"],"picked":"Blade_Mach","floor":25.0},{"not_picked":["DenO_Gun","Kuuga_Rising"],"picked":"Blade_Mach+1","floor":25.0},{"not_picked":["UnarmedAttack3","Blade_Slash","DenO_Ax"],"picked":"SKIP","floor":28.0},{"not_picked":["Decade_Dash1+1","FormRideDogga","DenO_Sword"],"picked":"SKIP","floor":28.0},{"not_picked":["RideBooker_Skill_2","Blade_Slash","Decade_Dash1"],"picked":"SKIP","floor":30.0},{"not_picked":["RideBooker","KamenRideAgito","RideBooker_Skill_3"],"picked":"SKIP","floor":30.0},{"not_picked":["DenO_Gun+1","FormRidePegasus"],"picked":"AutoVajin","floor":31.0},{"not_picked":["UnarmedAttack9","FormRideAxel"],"picked":"Kiva_Eat","floor":33.0},{"not_picked":["UnarmedAttack5","DenO_Ax"],"picked":"Blade_Metal","floor":35},{"not_picked":["DenO_Ax","UnarmedAttack1","Dragreder+1"],"picked":"SKIP","floor":35},{"not_picked":["DenO_Gun+1","KamenRideKabuto+1"],"picked":"Blade_Mach","floor":36},{"not_picked":["RideBooker_Skill_1+1","Blade_Beat"],"picked":"Kiva_Bats+1","floor":36},{"not_picked":["DenO_Sword","Blade_Kick"],"picked":"Kiva_Bats","floor":36},{"not_picked":["FormRideFlame+1","FormRideGaruru+1"],"picked":"Decade_Illusion+1","floor":39},{"not_picked":["KamenRideKuuga","Decade_Illusion"],"picked":"Blade_Metal+1","floor":39},{"not_picked":["UnarmedAttack8+1","DragShield","FormRideBasshaa"],"picked":"SKIP","floor":39},{"not_picked":["UnarmedAttack6+1","Blade_Slash","FormRideGaruru+1"],"picked":"SKIP","floor":41},{"not_picked":["DenO_Climax","Blade_Beat","PhotonAcceleration+1"],"picked":"SKIP","floor":41},{"not_picked":["FormRideGaruru","DenO_Rod","Hibiki_Attack3+1"],"picked":"SKIP","floor":44},{"not_picked":["DenO_Gun+1","Blade_Slash","FormRideJack"],"picked":"SKIP","floor":44},{"not_picked":["MirrorWorld+1","KamenRideKabuto"],"picked":"Kiva_Swallow","floor":46},{"not_picked":["FormRideGaruru","FormRideTitan+1"],"picked":"Blade_Mach+1","floor":46},{"not_picked":["AutoVajin","KamenRideHibiki","Decade_Defend2"],"picked":"SKIP","floor":46},{"not_picked":["UnarmedAttack5","FormRide+1","PhotonAcceleration"],"picked":"SKIP","floor":47},{"not_picked":["Blade_Slash+1","Hibiki_Attack1+1","RideBooker_Skill_2+1"],"picked":"SKIP","floor":47}],"player_experience":631056,"relics_obtained":[{"floor":6.0,"key":"Orichalcum"},{"floor":11.0,"key":"Prayer Wheel"},{"floor":13.0,"key":"Gremlin Horn"},{"floor":14.0,"key":"White Beast Statue"},{"floor":23.0,"key":"Darkstone Periapt"},{"floor":25.0,"key":"Smiling Mask"},{"floor":26.0,"key":"War Paint"},{"floor":30.0,"key":"InkBottle"},{"floor":31.0,"key":"Shovel"},{"floor":31.0,"key":"Meat on the Bone"},{"floor":32.0,"key":"Pocketwatch"},{"floor":40,"key":"Happy Flower"},{"floor":41,"key":"Mastiff:ReiMu"},{"floor":42,"key":"CeramicFish"},{"floor":43,"key":"Shuriken"},{"floor":47,"key":"Toy Ornithopter"},{"floor":49,"key":"Centennial Puzzle"}],"event_choices":[{"damage_healed":0.0,"max_hp_gain":0.0,"max_hp_loss":0.0,"gold_gain":0.0,"event_name":"Dead Adventurer","player_choice":"Searched \u00271\u0027 times","floor":13.0,"gold_loss":0.0,"damage_taken":0.0},{"cards_removed":["Decade_Attack"],"damage_healed":0.0,"max_hp_gain":0.0,"max_hp_loss":0.0,"gold_gain":0.0,"event_name":"Bonfire Elementals","player_choice":"Offered Basic","floor":20.0,"gold_loss":0.0,"damage_taken":0.0},{"damage_healed":0.0,"max_hp_gain":0.0,"max_hp_loss":0.0,"gold_gain":0.0,"event_name":"Colosseum","player_choice":"Fight","floor":31.0,"gold_loss":0.0,"damage_taken":0.0},{"damage_healed":0.0,"max_hp_gain":0.0,"max_hp_loss":0.0,"gold_gain":0.0,"event_name":"Colosseum","player_choice":"Fought Nobs","floor":31.0,"gold_loss":0.0,"damage_taken":0.0},{"damage_healed":0,"gold_gain":0,"player_choice":"Bought 0 Potions","damage_taken":0,"max_hp_gain":0,"max_hp_loss":0,"event_name":"The Woman in Blue","floor":38,"gold_loss":0},{"damage_healed":0,"gold_gain":300,"player_choice":"Gold","damage_taken":0,"max_hp_gain":0,"max_hp_loss":0,"event_name":"Wheel of Change","floor":48,"gold_loss":0}],"is_beta":false,"boss_relics":[{"not_picked":["Coffee Dripper","Pandora\u0027s Box"],"picked":"Empty Cage"},{"not_picked":["Sozu","SlaversCollar"],"picked":"Cursed Key"}],"items_purged_floors":[8,27,37,45],"is_endless":false,"potions_floor_spawned":[1,2,6,11,12,13,16,18,19,21,22,23,25,28,30,31,31,33,35,36,39,41,44,46,47,51,51,51,51],"ascension_level":4}}