{"host":"facnppb4175fcpe2","time":1612461025,"event":{"mods":["AchievementEnabler","BaseMod","Colored Map","Colored Powertips","Highlight Path","Minty Spire (QoL Compilation)","Quick Restart","Rare Cards Sparkle","Relic Stats","StSLib","SuperFastMode"],"gold_per_floor":[115,132,307,323,342,342,370,370,421,421,421],"floor_reached":10,"language":"ZHS","playtime":210,"items_purged":[],"score":88,"play_id":"e6636bca-d141-4d28-b4c7-63f1876336f1","local_time":"20210205015025","is_ascension_mode":true,"campfire_choices":[{"data":"Dagger Spray","floor":6,"key":"SMITH"}],"circlet_count":0,"master_deck":["Strike_G","Strike_G","Strike_G","Strike_G","Strike_G","Defend_G","Defend_G","Defend_G","Defend_G","Defend_G","Survivor","Neutralize","Quick Slash","Dagger Spray+1","Slice"],"relics":["Ring of the Snake","Sundial","Blood Vial"],"acts_visited":["Exordium"],"potions_floor_usage":[7],"damage_taken":[{"damage":6.0,"enemies":"Jaw Worm","floor":1.0,"turns":5.0},{"damage":7.0,"enemies":"Small Slimes","floor":2.0,"turns":4.0},{"damage":2.0,"enemies":"2 Louse","floor":4.0,"turns":3.0},{"damage":10,"enemies":"Gremlin Gang","floor":5,"turns":8},{"damage":27,"enemies":"Gremlin Nob","floor":7,"turns":4},{"damage":12,"enemies":"Lagavulin","floor":10,"turns":5}],"seed_played":"7959176333740398337","potions_obtained":[{"floor":2.0,"key":"Block Potion"},{"floor":5,"key":"Fire Potion"}],"is_trial":false,"path_per_floor":["M","M","?","M","M","R","E","?","T","E"],"character_chosen":"THE_SILENT","items_purchased":[],"campfire_rested":0,"item_purchase_floors":[],"current_hp_per_floor":[64,57,57,55,45,45,18,11,11,1,1],"gold":421,"neow_bonus":"TEN_PERCENT_HP_BONUS","is_daily":false,"chose_seed":false,"campfire_upgraded":1,"win_rate":0.0,"timestamp":1612461025,"path_taken":["M","M","?","M","M","R","E","?","T","E"],"items_purchased_type":[],"build_version":"2020-12-22","purchased_purges":0,"victory":false,"max_hp_per_floor":[77,77,77,77,77,77,77,77,77,77,77],"relic_stats":{"Blood Vial":2,"counters":[6,29],"Sundial":[0],"obtain_stats":[{"Blood Vial":9,"Sundial":7,"Ring of the Snake":0},{"Blood Vial":5,"Sundial":5,"Ring of the Snake":0},{"Blood Vial":24,"Sundial":24,"Ring of the Snake":0}],"Ring of the Snake":[12]},"card_choices":[{"not_picked":["Dodge and Roll","Bane","Quick Slash"],"picked":"SKIP","floor":1.0},{"not_picked":["Slice","Flying Knee"],"picked":"Quick Slash","floor":2.0},{"not_picked":["Bane","Acrobatics","Blur"],"picked":"SKIP","floor":4.0},{"not_picked":["Slice","Prepared"],"picked":"Dagger Spray","floor":5},{"not_picked":["Deadly Poison","Backflip"],"picked":"Slice","floor":7}],"player_experience":130483,"relics_obtained":[{"floor":7,"key":"Sundial"},{"floor":9,"key":"Blood Vial"}],"event_choices":[{"damage_healed":0.0,"max_hp_gain":0.0,"max_hp_loss":0.0,"gold_gain":175.0,"event_name":"Liars Game","player_choice":"AGREE","floor":3.0,"gold_loss":0.0,"damage_taken":0.0,"cards_obtained":["Doubt"]},{"cards_removed":["Doubt"],"damage_healed":0,"gold_gain":0,"player_choice":"Card Removal","damage_taken":7,"max_hp_gain":0,"max_hp_loss":0,"event_name":"Golden Wing","floor":8,"gold_loss":0}],"is_beta":false,"boss_relics":[],"items_purged_floors":[],"is_endless":false,"potions_floor_spawned":[2,5],"killed_by":"Lagavulin","ascension_level":6}}