{"host":"ELF","time":1612446025,"event":{"mods":["BaseMod","Bestiary","Minty Spire (QoL Compilation)","Relic Stats","Slay the Relics Exporter"],"gold_per_floor":[116,76,90,102,116,116,191,191,191,222,238,256,256,256],"floor_reached":13,"language":"ENG","playtime":335,"items_purged":[],"score":170,"play_id":"27a5e798-ff3a-495d-9df9-76d5335dcf89","local_time":"20210204074025","is_ascension_mode":true,"campfire_choices":[{"floor":6,"key":"REST"}],"circlet_count":0,"master_deck":["AscendersBane","Strike_R","Strike_R","Strike_R","Strike_R","Strike_R","Defend_R","Defend_R","Bash","Rampage","Sword Boomerang","Anger"],"relics":["Burning Blood","Meat on the Bone","Question Card"],"acts_visited":["Exordium"],"potions_floor_usage":[11],"damage_taken":[{"damage":6,"enemies":"Cultist","floor":1,"turns":3},{"damage":12,"enemies":"Jaw Worm","floor":3,"turns":2},{"damage":10,"enemies":"Small Slimes","floor":4,"turns":3},{"damage":18,"enemies":"Red Slaver","floor":5,"turns":3},{"damage":40,"enemies":"Lagavulin","floor":10,"turns":6},{"damage":4,"enemies":"Exordium Wildlife","floor":11,"turns":5},{"damage":26,"enemies":"Large Slime","floor":12,"turns":5},{"damage":35,"enemies":"3 Sentries","floor":13,"turns":3}],"seed_played":"7581967500520761763","potions_obtained":[{"floor":2,"key":"HeartOfIron"},{"floor":2,"key":"LiquidMemories"},{"floor":3,"key":"Ancient Potion"}],"is_trial":false,"path_per_floor":["M","?","M","M","M","R","?","?","T","E","M","M","E"],"character_chosen":"IRONCLAD","items_purchased":[],"campfire_rested":1,"item_purchase_floors":[],"current_hp_per_floor":[50,50,44,40,28,50,39,44,44,22,36,28,0,0],"gold":256,"neow_bonus":"REMOVE_TWO","is_daily":false,"chose_seed":false,"campfire_upgraded":0,"win_rate":0.0,"timestamp":1612446025,"path_taken":["M","?","M","M","?","R","?","?","T","E","?","M","E"],"items_purchased_type":[],"build_version":"2020-12-18","purchased_purges":0,"victory":false,"max_hp_per_floor":[75,75,75,75,75,75,75,75,75,75,75,75,75,75],"relic_stats":{"counters":[8,30],"Question Card":2,"obtain_stats":[{"Question Card":10,"Burning Blood":0,"Meat on the Bone":9},{"Question Card":5,"Burning Blood":0,"Meat on the Bone":4},{"Question Card":17,"Burning Blood":0,"Meat on the Bone":11}],"Burning Blood":42,"Meat on the Bone":36},"card_choices":[{"not_picked":["Disarm","Spot Weakness"],"picked":"Perfected Strike","floor":1},{"not_picked":["Perfected Strike","Hemokinesis"],"picked":"Rampage","floor":3},{"not_picked":["Dual Wield","Havoc","Wild Strike"],"picked":"SKIP","floor":4},{"not_picked":["Shockwave","Iron Wave","Reckless Charge"],"picked":"SKIP","floor":5},{"not_picked":["Flex","Clash"],"picked":"Sword Boomerang","floor":10},{"not_picked":["Iron Wave","Battle Trance","Warcry"],"picked":"Anger","floor":11},{"not_picked":["Infernal Blade","Disarm","Clash","Pommel Strike"],"picked":"SKIP","floor":12}],"player_experience":3392726,"relics_obtained":[{"floor":9,"key":"Meat on the Bone"},{"floor":10,"key":"Question Card"}],"event_choices":[{"damage_healed":0,"gold_gain":0,"player_choice":"Bought 3 Potions","damage_taken":0,"max_hp_gain":0,"max_hp_loss":0,"event_name":"The Woman in Blue","floor":2,"gold_loss":0},{"damage_healed":0,"gold_gain":75,"player_choice":"Gather Gold","damage_taken":11,"max_hp_gain":0,"max_hp_loss":0,"event_name":"World of Goop","floor":7,"gold_loss":0},{"cards_removed":["Perfected Strike"],"damage_healed":5,"gold_gain":0,"player_choice":"Offered Common","damage_taken":0,"max_hp_gain":0,"max_hp_loss":0,"event_name":"Bonfire Elementals","floor":8,"gold_loss":0},{"cards_removed":["Perfected Strike"],"damage_healed":5,"gold_gain":0,"player_choice":"Offered Special","damage_taken":0,"max_hp_gain":0,"max_hp_loss":0,"event_name":"Bonfire Elementals","floor":8,"gold_loss":0}],"is_beta":true,"boss_relics":[],"items_purged_floors":[],"is_endless":false,"potions_floor_spawned":[3,4,5],"killed_by":"3 Sentries","ascension_level":19}}