{"host":"x5w9zppki4gdwvc7","time":1612407824,"event":{"mods":["AchievementEnabler","BaseMod","Colored Powertips","DeckTracker","Minty Spire (QoL Compilation)","Relic Sorter"],"gold_per_floor":[117,133,147,147,24,24,54,54,78,98,116,126,136,151,151,253,253,271,33,33,33,0,0,15,15,96,96,96,96],"floor_reached":28,"language":"ENG","playtime":1248,"items_purged":["Strike_P","Strike_P"],"score":220,"play_id":"cae1a7f2-0a36-48bb-a801-be127857895c","local_time":"20210204040344","is_ascension_mode":false,"campfire_choices":[{"data":"Eruption","floor":6,"key":"SMITH"},{"data":"PathToVictory","floor":8,"key":"SMITH"},{"floor":15,"key":"REST"},{"data":"Wallop","floor":23,"key":"SMITH"},{"data":"Wallop","floor":27,"key":"SMITH"}],"circlet_count":0,"master_deck":["Defend_P","Defend_P","Defend_P","Eruption+1","Vigilance","Crescendo","EmptyBody","SashWhip","PathToVictory+1","ClearTheMind","Wallop+1","Scrawl","SandsOfTime+1","PathToVictory+1","InnerPeace","Wallop+1","Swivel","Decay","ForeignInfluence"],"relics":["PureWater","Damaru","Smiling Mask","Astrolabe","Membership Card"],"acts_visited":["Exordium","TheCity"],"potions_floor_usage":[7,16],"damage_taken":[{"damage":12,"enemies":"Small Slimes","floor":1,"turns":4},{"damage":0,"enemies":"Cultist","floor":2,"turns":3},{"damage":1,"enemies":"Jaw Worm","floor":3,"turns":2},{"damage":23,"enemies":"Lagavulin","floor":7,"turns":8},{"damage":10,"enemies":"Looter","floor":10,"turns":3},{"damage":0,"enemies":"2 Fungi Beasts","floor":11,"turns":2},{"damage":5,"enemies":"Exordium Wildlife","floor":12,"turns":4},{"damage":4,"enemies":"Blue Slaver","floor":13,"turns":3},{"damage":0,"enemies":"Red Slaver","floor":14,"turns":4},{"damage":33,"enemies":"Slime Boss","floor":16,"turns":10},{"damage":7,"enemies":"Shell Parasite","floor":18,"turns":6},{"damage":17,"enemies":"2 Thieves","floor":24,"turns":4},{"damage":55,"enemies":"Gremlin Leader","floor":28,"turns":4}],"seed_played":"7803626743579440080","potions_obtained":[{"floor":3,"key":"SkillPotion"},{"floor":7,"key":"BlessingOfTheForge"},{"floor":12,"key":"Swift Potion"},{"floor":14,"key":"Weak Potion"},{"floor":24,"key":"Dexterity Potion"}],"is_trial":false,"path_per_floor":["M","M","M","?","$","R","E","R","T","M","M","M","M","M","R","B",null,"M","$","?","?","?","R","M","$","T","R","E"],"character_chosen":"WATCHER","items_purchased":["PathToVictory","Membership Card","InnerPeace"],"campfire_rested":1,"item_purchase_floors":[5,19,19],"current_hp_per_floor":[60,60,59,59,59,59,36,36,36,26,26,21,17,17,38,5,72,65,65,65,65,65,65,48,48,48,48,0,0],"gold":96,"neow_bonus":"THREE_CARDS","is_daily":false,"chose_seed":false,"campfire_upgraded":4,"win_rate":0.0,"timestamp":1612407824,"path_taken":["M","M","M","?","$","R","E","R","T","M","M","M","?","?","R","BOSS","M","$","?","?","?","R","M","$","T","R","E"],"items_purchased_type":["Card","Relic","Card"],"build_version":"2020-12-22","purchased_purges":2,"victory":false,"max_hp_per_floor":[72,72,72,72,72,72,72,72,72,72,72,72,72,72,72,72,72,72,72,72,72,72,72,72,72,72,72,72,72],"card_choices":[{"not_picked":["FollowUp","Pray"],"picked":"Crescendo","floor":0},{"not_picked":["SashWhip","MentalFortress"],"picked":"EmptyBody","floor":1},{"not_picked":["ThirdEye","CutThroughFate"],"picked":"Consecrate","floor":2},{"not_picked":["BattleHymn","Consecrate"],"picked":"SashWhip","floor":3},{"not_picked":["Evaluate","Fasting2","SashWhip"],"picked":"SKIP","floor":7},{"not_picked":["CutThroughFate","DevaForm","WreathOfFlame"],"picked":"SKIP","floor":10},{"not_picked":["Consecrate","Adaptation"],"picked":"ClearTheMind","floor":11},{"not_picked":["ClearTheMind","MentalFortress"],"picked":"Wallop","floor":12},{"not_picked":["EmptyBody","Weave","FlurryOfBlows"],"picked":"SKIP","floor":13},{"not_picked":["Fasting2","Conclude","CutThroughFate"],"picked":"SKIP","floor":14},{"not_picked":["DeusExMachina","Ragnarok"],"picked":"Scrawl","floor":16},{"not_picked":["CutThroughFate","Perseverance"],"picked":"PathToVictory+1","floor":18},{"not_picked":["ReachHeaven","FlurryOfBlows+1"],"picked":"ForeignInfluence","floor":24}],"player_experience":434094,"relics_obtained":[{"floor":7,"key":"Damaru"},{"floor":9,"key":"Smiling Mask"}],"event_choices":[{"cards_removed":["Strike_P"],"damage_healed":0,"gold_gain":0,"player_choice":"Offered Basic","damage_taken":0,"max_hp_gain":0,"max_hp_loss":0,"event_name":"Bonfire Elementals","floor":4,"gold_loss":0},{"damage_healed":0,"gold_gain":0,"cards_transformed":["Wish","ThirdEye"],"player_choice":"Became Test Subject","damage_taken":0,"max_hp_gain":0,"max_hp_loss":0,"event_name":"Drug Dealer","floor":20,"gold_loss":0,"cards_obtained":["Wallop","Swivel"]},{"damage_healed":0,"gold_gain":0,"player_choice":"Smashed Altar","damage_taken":0,"max_hp_gain":0,"max_hp_loss":0,"event_name":"Forgotten Altar","floor":21,"gold_loss":0,"cards_obtained":["Decay"]},{"damage_healed":0,"gold_gain":0,"player_choice":"Paid Fearfully","damage_taken":0,"max_hp_gain":0,"max_hp_loss":0,"event_name":"Masked Bandits","floor":22,"gold_loss":33}],"is_beta":false,"boss_relics":[{"not_picked":["Empty Cage","Pandora\u0027s Box"],"picked":"Astrolabe"}],"items_purged_floors":[5,19],"is_endless":false,"potions_floor_spawned":[3,7,12,14,24],"killed_by":"Gremlin Leader","ascension_level":0}}