{"host":"ia9e4s524g7bamk7","time":1612461611,"event":{"mods":["AchievementEnabler","BaseMod","Minty Spire (QoL Compilation)","Slay-I"],"gold_per_floor":[111,124,138,313,313,347,362,397,397,59,78,106,106,117,117,217,217,233,251,251,251,251,277,277,287,287,320,20,20,50,50,50,151,151,164,174,174,19,35,60,77,90,116,151,171,96,96,108,108,108,108,108,10,42,42,42],"floor_reached":55,"language":"ENG","playtime":3002,"items_purged":["Impatience+1"],"score":1007,"play_id":"37d5a946-7482-40b4-bb17-0cc17f6ae3fa","local_time":"20210204190011","is_ascension_mode":true,"campfire_choices":[{"data":"Pommel Strike","floor":13,"key":"SMITH"},{"data":"Pommel Strike","floor":15,"key":"SMITH"},{"data":"Reaper","floor":24,"key":"SMITH"},{"data":"Armaments","floor":29,"key":"SMITH"},{"floor":32,"key":"DIG"},{"floor":49,"key":"RECALL"},{"floor":52,"key":"DIG"}],"circlet_count":0,"master_deck":["Strike_R","Strike_R","Strike_R","Strike_R","Strike_R","Defend_R+1","Defend_R","Defend_R","Defend_R","Bash","Perfected Strike","Perfected Strike","Perfected Strike","Flex","Twin Strike","Pommel Strike+1","Double Tap","Pommel Strike+1","Reaper+1","Perfected Strike+1","Shame","Decay","Perfected Strike+1","Twin Strike+1","Shame","Armaments+1","Reaper","Pommel Strike","Armaments+1","Perfected Strike+1","Perfected Strike","Injury","Heavy Blade+1","Pommel Strike+1"],"relics":["Velvet Choker","Du-Vu Doll","Dream Catcher","Bottled Flame","Incense Burner","Cursed Key","Meat on the Bone","Self Forming Clay","Shovel","Strawberry","Red Skull","Brimstone","PreservedInsect","Centennial Puzzle","Runic Dome","Sling","Question Card","War Paint","Omamori","Sundial","HornCleat"],"acts_visited":["Exordium","TheCity","TheBeyond","TheEnding"],"potions_floor_usage":[25,33,33,40,50],"damage_taken":[{"damage":0,"enemies":"Small Slimes","floor":1,"turns":2},{"damage":2,"enemies":"Jaw Worm","floor":2,"turns":2},{"damage":0,"enemies":"Cultist","floor":3,"turns":2},{"damage":10,"enemies":"Lagavulin","floor":6,"turns":3},{"damage":13,"enemies":"3 Louse","floor":7,"turns":2},{"damage":0,"enemies":"Gremlin Nob","floor":8,"turns":2},{"damage":0,"enemies":"Large Slime","floor":11,"turns":3},{"damage":20,"enemies":"Lagavulin","floor":12,"turns":3},{"damage":0,"enemies":"Red Slaver","floor":14,"turns":1},{"damage":18,"enemies":"The Guardian","floor":16,"turns":6},{"damage":19,"enemies":"Shell Parasite","floor":18,"turns":3},{"damage":6,"enemies":"2 Thieves","floor":19,"turns":2},{"damage":40,"enemies":"Slavers","floor":23,"turns":3},{"damage":7,"enemies":"Chosen and Byrds","floor":25,"turns":2},{"damage":3,"enemies":"Gremlin Leader","floor":27,"turns":2},{"damage":50,"enemies":"Slavers","floor":30,"turns":4},{"damage":44,"enemies":"Automaton","floor":33,"turns":5},{"damage":4,"enemies":"3 Shapes","floor":35,"turns":1},{"damage":0,"enemies":"Orb Walker","floor":36,"turns":1},{"damage":17,"enemies":"Jaw Worm Horde","floor":39,"turns":2},{"damage":54,"enemies":"Nemesis","floor":40,"turns":3},{"damage":1,"enemies":"Writhing Mass","floor":41,"turns":2},{"damage":10,"enemies":"3 Darklings","floor":42,"turns":2},{"damage":0,"enemies":"Giant Head","floor":44,"turns":4},{"damage":0,"enemies":"Transient","floor":45,"turns":5},{"damage":12,"enemies":"Jaw Worm Horde","floor":48,"turns":2},{"damage":36,"enemies":"Awakened One","floor":50,"turns":5},{"damage":15,"enemies":"Shield and Spear","floor":54,"turns":2},{"damage":94,"enemies":"The Heart","floor":55,"turns":5}],"seed_played":"-6142085000799552036","potions_obtained":[{"floor":6,"key":"LiquidBronze"},{"floor":7,"key":"FairyPotion"},{"floor":12,"key":"DuplicationPotion"},{"floor":14,"key":"Fire Potion"},{"floor":25,"key":"ColorlessPotion"},{"floor":30,"key":"BloodPotion"},{"floor":35,"key":"Dexterity Potion"},{"floor":42,"key":"ElixirPotion"},{"floor":44,"key":"ColorlessPotion"}],"is_trial":false,"path_per_floor":["M","M","M","?","?","E","M","E","T","$","M","E","R","M","R","B",null,"M","M","?","?","?","E","R","M","T","E","$","R","E","$","R","B",null,"M","M","?","$","M","E","M","M","T","E","M","$","?","M","R","B",null,"R","$","E","B"],"character_chosen":"IRONCLAD","items_purchased":["Bottled Flame","Impatience","Red Skull","Brimstone","Sling","SmokeBomb"],"campfire_rested":0,"item_purchase_floors":[10,10,28,28,38,53],"current_hp_per_floor":[80,78,78,78,78,68,55,55,55,55,55,35,35,35,35,17,80,61,55,55,55,55,27,27,32,32,48,48,48,38,38,38,51,87,83,83,83,83,66,41,62,77,77,87,87,87,87,87,87,51,87,87,87,86,0,0],"gold":42,"neow_bonus":"BOSS_RELIC","is_daily":false,"chose_seed":false,"campfire_upgraded":4,"win_rate":0.0,"timestamp":1612461611,"path_taken":["M","M","M","?","?","E","?","E","T","$","M","E","R","M","R","BOSS","M","M","?","?","?","E","R","?","T","E","$","R","E","?","R","BOSS","M","M","?","?","?","E","M","M","T","E","M","$","?","M","R","BOSS","R","$","E","BOSS"],"items_purchased_type":["Relic","Card","Relic","Relic","Relic","Potion"],"build_version":"2020-12-22","purchased_purges":1,"victory":false,"max_hp_per_floor":[80,80,80,80,80,80,80,80,80,80,80,80,80,80,80,80,80,80,80,80,80,80,80,80,80,80,87,87,87,87,87,87,87,87,87,87,87,87,87,87,87,87,87,87,87,87,87,87,87,87,87,87,87,87,87,87],"card_choices":[{"not_picked":["Warcry","Clothesline"],"picked":"Perfected Strike","floor":1},{"not_picked":["Cleave","Dual Wield"],"picked":"Perfected Strike","floor":2},{"not_picked":["Hemokinesis","Twin Strike"],"picked":"Perfected Strike","floor":3},{"not_picked":["Anger","Sword Boomerang"],"picked":"Flex","floor":6},{"not_picked":["Thunderclap","Body Slam"],"picked":"Twin Strike","floor":7},{"not_picked":["True Grit","Anger"],"picked":"Pommel Strike","floor":8},{"not_picked":["Hemokinesis","Heavy Blade","Flex"],"picked":"SKIP","floor":11},{"not_picked":["Sentinel","Sword Boomerang"],"picked":"Double Tap","floor":12},{"not_picked":["Fire Breathing","Infernal Blade"],"picked":"Pommel Strike","floor":14},{"not_picked":["Demon Form","Berserk"],"picked":"Reaper","floor":16},{"not_picked":["Rage","Clothesline","True Grit"],"picked":"SKIP","floor":18},{"not_picked":["Blood for Blood","Shrug It Off"],"picked":"Perfected Strike+1","floor":19},{"not_picked":["Pommel Strike","Armaments+1"],"picked":"Perfected Strike+1","floor":23},{"not_picked":["Corruption","Seeing Red+1"],"picked":"Twin Strike+1","floor":25},{"not_picked":["Rage","Cleave"],"picked":"Armaments","floor":27},{"not_picked":["Havoc","Reckless Charge+1","Cleave+1"],"picked":"SKIP","floor":30},{"not_picked":["Bludgeon","Limit Break"],"picked":"Reaper","floor":33},{"not_picked":["Sword Boomerang","Wild Strike"],"picked":"Pommel Strike","floor":35},{"not_picked":["Headbutt+1","Brutality"],"picked":"Armaments+1","floor":36},{"not_picked":["Thunderclap+1","True Grit"],"picked":"Perfected Strike","floor":39},{"not_picked":["Armaments","Clash","Disarm"],"picked":"SKIP","floor":40},{"not_picked":["Headbutt+1","True Grit+1","Exhume","Thunderclap+1"],"picked":"SKIP","floor":41},{"not_picked":["Iron Wave","Combust+1","Feel No Pain","Sentinel+1"],"picked":"SKIP","floor":42},{"not_picked":["Blood for Blood+1","Bloodletting","Anger+1","Thunderclap"],"picked":"SKIP","floor":44},{"not_picked":["Headbutt","Havoc+1","Body Slam+1","Blood for Blood+1"],"picked":"SKIP","floor":45},{"not_picked":["Clash+1","Twin Strike+1","Perfected Strike"],"picked":"Heavy Blade+1","floor":48},{"not_picked":["Corruption","Cleave","True Grit+1"],"picked":"Pommel Strike+1","floor":54}],"player_experience":240239,"relics_obtained":[{"floor":6,"key":"Du-Vu Doll"},{"floor":8,"key":"Dream Catcher"},{"floor":12,"key":"Incense Burner"},{"floor":23,"key":"Self Forming Clay"},{"floor":26,"key":"Shovel"},{"floor":27,"key":"Strawberry"},{"floor":30,"key":"PreservedInsect"},{"floor":32,"key":"Centennial Puzzle"},{"floor":40,"key":"Question Card"},{"floor":43,"key":"War Paint"},{"floor":44,"key":"Omamori"},{"floor":52,"key":"Sundial"},{"floor":54,"key":"HornCleat"}],"event_choices":[{"damage_healed":0,"gold_gain":175,"player_choice":"AGREE","damage_taken":0,"max_hp_gain":0,"max_hp_loss":0,"event_name":"Liars Game","floor":4,"gold_loss":0,"cards_obtained":["Doubt"]},{"cards_removed":["Doubt"],"damage_healed":0,"gold_gain":0,"player_choice":"Purged","damage_taken":0,"max_hp_gain":0,"max_hp_loss":0,"event_name":"Purifier","floor":5,"gold_loss":0},{"damage_healed":0,"gold_gain":0,"player_choice":"Stole Relic","damage_taken":0,"relics_obtained":["Meat on the Bone"],"max_hp_gain":0,"max_hp_loss":0,"event_name":"Addict","floor":20,"gold_loss":0,"cards_obtained":["Shame"]},{"damage_healed":0,"gold_gain":0,"player_choice":"Smashed Altar","damage_taken":0,"max_hp_gain":0,"max_hp_loss":0,"event_name":"Forgotten Altar","floor":21,"gold_loss":0,"cards_obtained":["Decay"]},{"damage_healed":0,"gold_gain":0,"player_choice":"Bought 0 Potions","damage_taken":0,"max_hp_gain":0,"max_hp_loss":0,"event_name":"The Woman in Blue","floor":22,"gold_loss":0},{"damage_healed":0,"gold_gain":0,"player_choice":"Copied","damage_taken":0,"max_hp_gain":0,"max_hp_loss":0,"event_name":"Duplicator","floor":37,"gold_loss":0,"cards_obtained":["Perfected Strike"]},{"damage_healed":0,"gold_gain":0,"player_choice":"Ignored","damage_taken":0,"max_hp_gain":0,"max_hp_loss":0,"event_name":"Fountain of Cleansing","floor":47,"gold_loss":0}],"is_beta":false,"boss_relics":[{"not_picked":["SacredBark","Philosopher\u0027s Stone"],"picked":"Cursed Key"},{"not_picked":["Runic Pyramid","Tiny House"],"picked":"Runic Dome"}],"items_purged_floors":[46],"is_endless":false,"potions_floor_spawned":[6,7,12,14,16,18,25,27,30,35,42,44],"killed_by":"The Heart","ascension_level":3}}