{"host":"dzit4ljil6490tuf","time":1612405133,"event":{"mods":["BaseMod","Downfall","Hermit","Hubris","Minty Spire (QoL Compilation)","StSLib","The Cursed","The Runesmith","The Servant 0.9.4"],"gold_per_floor":[99,109,19,35,35,185,185,205,380,391,421,434,334,20,38,141,191,191,210,226,5,17,117,117,132,182,182,182],"floor_reached":26,"language":"ITA","playtime":1855,"items_purged":["hubris:Wrath","Doubt"],"score":256,"play_id":"66dbd282-3cbc-4e8c-8c67-1ad2c5c0b5d0","local_time":"20210204031853","is_ascension_mode":true,"campfire_choices":[{"data":"Guardian:TwinSlam","floor":1,"key":"SMITH"},{"floor":13,"key":"REST"},{"data":"Guardian:Orbwalk","floor":18,"key":"SMITH"}],"circlet_count":0,"master_deck":["Guardian:Strike_Guardian","Guardian:Strike_Guardian+1","Guardian:Strike_Guardian","Guardian:Strike_Guardian","Guardian:Defend_Guardian","Guardian:Defend_Guardian","Guardian:Defend_Guardian","Guardian:Defend_Guardian","Guardian:CurlUp","Guardian:TwinSlam+1","Guardian:Recover","Guardian:CrystalBeam","downfall:Icky","Guardian:ChargeUp","Guardian:Harden","Guardian:Orbwalk+1","Guardian:ShieldCharger","Guardian:PiercingHide","Guardian:PrimingBeam","Guardian:ArmoredProtocol","Guardian:WalkerClaw","Guardian:RevengeProtocol","Guardian:Planning","Guardian:Gem_Lightblue","Guardian:ChargeUp+1","Guardian:Gem_Green","Guardian:Gem_Orange","Guardian:Gem_Crimson","Guardian:Incinerate","Guardian:Planning","Guardian:SentryBeam","Guardian:Harden"],"relics":["Guardian:ModeShifter","Eternal Feather","Gremlin Horn","downfall:HeartBlessingGreen","Tiny House","downfall:CloakOfManyFaces","CultistMask","FaceOfCleric","NlothsMask","GremlinMask","SsserpentHead"],"acts_visited":["Exordium","TheCity"],"potions_floor_usage":[11,12,21,23],"damage_taken":[{"damage":0,"enemies":"2 Louse","floor":2,"turns":2},{"damage":5,"enemies":"downfall:FleeingMerchant","floor":3,"turns":4},{"damage":7,"enemies":"Small Slimes","floor":4,"turns":3},{"damage":8,"enemies":"Jaw Worm","floor":8,"turns":4},{"damage":13,"enemies":"Blue Slaver","floor":10,"turns":5},{"damage":32,"enemies":"Lagavulin","floor":11,"turns":11},{"damage":15,"enemies":"Gremlin Gang","floor":12,"turns":4},{"damage":0,"enemies":"downfall:FleeingMerchant","floor":14,"turns":4},{"damage":14,"enemies":"Large Slime","floor":15,"turns":5},{"damage":14,"enemies":"SI_SHIV_ARCHETYPE","floor":16,"turns":10},{"damage":0,"enemies":"Chosen","floor":19,"turns":5},{"damage":15,"enemies":"Snake Plant","floor":20,"turns":5},{"damage":20,"enemies":"downfall:FleeingMerchant","floor":21,"turns":4},{"damage":18,"enemies":"Snecko","floor":22,"turns":6},{"damage":10,"enemies":"downfall:FaceTrader","floor":23,"turns":13},{"damage":16,"enemies":"Centurion and Healer","floor":25,"turns":10},{"damage":24,"enemies":"Snake Plant","floor":26,"turns":1}],"seed_played":"-6031688320067438695","potions_obtained":[{"floor":2,"key":"Energy Potion"},{"floor":8,"key":"SkillPotion"},{"floor":10,"key":"Guardian:AcceleratePotion"},{"floor":11,"key":"Strength Potion"},{"floor":17,"key":"Guardian:BlockOnCardUsePotion"},{"floor":19,"key":"hexamod:SoulburnPotion"},{"floor":23,"key":"Dexterity Potion"}],"is_trial":false,"path_per_floor":["R","M","$","M","?","?","T","M","?","M","E","M","R","$","M","B",null,"R","M","M","$","M","?","T","M","M"],"character_chosen":"GUARDIAN","items_purchased":["Guardian:Gem_Red","Guardian:PiercingHide","Guardian:PrimingBeam","Guardian:ArmoredProtocol","Guardian:Gem_Orange","Guardian:Gem_Crimson","Guardian:Incinerate"],"campfire_rested":1,"item_purchase_floors":[14,14,14,14,21,21,21],"current_hp_per_floor":[96,96,91,84,84,84,84,76,76,63,31,16,56,56,42,28,101,101,101,86,66,48,38,38,23,0,0,0],"gold":182,"neow_bonus":"TWENTY_PERCENT_HP_BONUS","is_daily":false,"chose_seed":false,"campfire_upgraded":2,"win_rate":0.0,"timestamp":1612405133,"path_taken":["R","M","$","M","?","?","T","M","?","M","E","?","R","$","M","BOSS","R","M","M","$","M","?","T","M","?"],"items_purchased_type":["Card","Card","Card","Card","Card","Card","Card"],"build_version":"2020-12-22","purchased_purges":2,"victory":false,"max_hp_per_floor":[96,96,96,96,96,96,96,96,96,96,96,96,96,96,96,96,101,101,101,101,101,101,101,101,102,102,102,102],"card_choices":[{"not_picked":["Guardian:TemporalShield","Guardian:GuardianWhirl"],"picked":"Guardian:Recover","floor":2},{"not_picked":["Guardian:Gem_Fragmented","Guardian:PrimingBeam"],"picked":"Guardian:CrystalBeam","floor":3},{"not_picked":["Guardian:PiercingHide","Guardian:TemporalStrike"],"picked":"Guardian:Gem_Blue","floor":4},{"not_picked":["Guardian:RefractedBeam","Guardian:PolyBeam"],"picked":"Guardian:ChargeUp","floor":8},{"not_picked":["Guardian:RollAttack","Guardian:MultiBeam"],"picked":"Guardian:Harden","floor":10},{"not_picked":["Guardian:Incinerate","Guardian:DonusPower"],"picked":"Guardian:Orbwalk","floor":11},{"not_picked":["Guardian:ShieldSpikes","Guardian:RollAttack"],"picked":"Guardian:ShieldCharger","floor":12},{"not_picked":["Guardian:TimeSifter","Guardian:Clone"],"picked":"Guardian:Gem_Cyan","floor":14},{"not_picked":["Guardian:Gem_Green","Guardian:PiercingHide"],"picked":"Guardian:WalkerClaw","floor":15},{"not_picked":["Guardian:ExploitGems","Guardian:FierceBash"],"picked":"Guardian:RevengeProtocol","floor":16},{"not_picked":["Guardian:ShieldCharger","Guardian:RefractedBeam"],"picked":"Guardian:Planning","floor":17},{"not_picked":["Guardian:PolyBeam","Guardian:ShieldSpikes+1"],"picked":"Guardian:Gem_Lightblue","floor":19},{"not_picked":["Guardian:CrystalBeam","Guardian:Repulse"],"picked":"Guardian:ChargeUp+1","floor":20},{"not_picked":["Guardian:DonusPower","Guardian:PrismaticBeam"],"picked":"Guardian:Gem_Green","floor":21},{"not_picked":["Guardian:StasisField","Guardian:WalkerClaw"],"picked":"Guardian:Planning","floor":22},{"not_picked":["Guardian:MultiBeam+1","Guardian:RefractedBeam"],"picked":"Guardian:SentryBeam","floor":23},{"not_picked":["Guardian:Gem_Lightblue","Guardian:TemporalStrike"],"picked":"Guardian:Harden","floor":25}],"player_experience":621746,"relics_obtained":[{"floor":7,"key":"Eternal Feather"},{"floor":11,"key":"Gremlin Horn"},{"floor":23,"key":"downfall:CloakOfManyFaces"}],"event_choices":[],"is_beta":false,"boss_relics":[{"not_picked":["hubris:Stopwatch","Coffee Dripper"],"picked":"Tiny House"}],"items_purged_floors":[3,14],"is_endless":false,"potions_floor_spawned":[2,8,10,11,19,20,23],"killed_by":"Snake Plant","ascension_level":2}}