{"host":"6jcxerjfmuawfds2","time":1612425517,"event":{"mods":["BaseMod","Colored Map","Infinite Spire","Minty Spire (QoL Compilation)","StSLib","¡¼?Úª?ø«¡½REMEMod"],"gold_per_floor":[113,113,41,91,16,41,41,76,127,177,177,197,197,208,208,310,310,321,371,20,70,45,45,75,91,168,218,235,254,321,371,371,467,467,487,587,606,606,620,620,653,673,697,697,728,728,741,0,0,102,102,109,109,159,175,183,183,233,233,284,284,293,302,326,376,376,462,462,466,615,28,78,92,99,149,165,192,217,267,267,267,276,276,362,362,368,68,140,190,42,42,54,104,157,157],"floor_reached":94,"language":"KOR","playtime":2410,"items_purged":["Strike_P","Defend_P","Vigilance","Strike_P+1","Decay","Prostrate+1","Strike_P+1"],"score":2108,"play_id":"9cdac0c2-7bf0-41d2-8f9c-bd8feebceb8e","local_time":"20210204165837","is_ascension_mode":true,"campfire_choices":[{"data":"Eruption","floor":7.0,"key":"SMITH"},{"data":"LessonLearned","floor":11.0,"key":"SMITH"},{"data":"Tantrum","floor":15.0,"key":"SMITH"},{"floor":23.0,"key":"REST"},{"data":"DevaForm","floor":32.0,"key":"SMITH"},{"data":"infinitespire:Oblivion","floor":40.0,"key":"SMITH"},{"floor":44.0,"key":"REST"},{"floor":46.0,"key":"REST"},{"data":"REME_Flogging","floor":49.0,"key":"SMITH"},{"data":"Dramatic Entrance","floor":57.0,"key":"SMITH"},{"floor":59.0,"key":"REST"},{"floor":61.0,"key":"RECALL"},{"floor":66.0,"key":"REST"},{"floor":80,"key":"REST"},{"floor":83,"key":"REST"},{"data":"MentalFortress","floor":91,"key":"SMITH"}],"circlet_count":0,"master_deck":["Strike_P+1","Defend_P+1","Ragnarok+1","Tantrum+1","DevaForm+1","Dramatic Entrance+1","Master of Strategy+1","TalkToTheHand+1","Scrawl+1","REME_Flogging+1","FearNoEvil+1","infinitespire:Oblivion+1","WreathOfFlame+1","infinitespire:Collect+1","REME_MawOfCthun+1","REME_ProfessionalPlagiarism+1","Bandage Up+1","MentalFortress+1","infinitespire:FutureSight+1","TalkToTheHand+1","Necronomicurse","Writhe"],"relics":["Necronomicon","GremlinMask","Lee\u0027s Waffle","Centennial Puzzle","Ring of the Serpent","Burning Blood","Cursed Key","Anchor","Runic Cube","NlothsMask","Tingsha","WristBlade","Membership Card","Cracked Core","Pocketwatch","infinitespire:Freezer","Art of War","Strawberry","SsserpentHead","OrangePellets","Gremlin Horn","Toolbox","infinitespire:EvilPickle","Velvet Choker","Red Mask","Strange Spoon","Gambling Chip","infinitespire:Burning Sword","Tough Bandages","infinitespire:DarkRift","Ring of the Snake","Kunai","MutagenicStrength","PureWater","Nloth\u0027s Gift","REME_HourglassOfDeath","HolyWater","infinitespire:Chaos"],"acts_visited":["Exordium","TheCity","TheBeyond","Exordium","TheCity","TheBeyond"],"potions_floor_usage":[76,88],"damage_taken":[{"damage":0.0,"enemies":"Small Slimes","floor":1.0,"turns":3.0},{"damage":14.0,"enemies":"Lagavulin","floor":6.0,"turns":4.0},{"damage":4.0,"enemies":"Gremlin Nob","floor":8.0,"turns":3.0},{"damage":0.0,"enemies":"Cultist","floor":12.0,"turns":1.0},{"damage":0.0,"enemies":"2 Louse","floor":14.0,"turns":1.0},{"damage":22.0,"enemies":"Hexaghost","floor":16.0,"turns":6.0},{"damage":0.0,"enemies":"Chosen","floor":18.0,"turns":2.0},{"damage":7.0,"enemies":"Gremlin Leader","floor":24.0,"turns":3.0},{"damage":0.0,"enemies":"Spheric Guardian","floor":25.0,"turns":2.0},{"damage":0.0,"enemies":"Snake Plant","floor":28.0,"turns":1.0},{"damage":0.0,"enemies":"Centurion and Healer","floor":29.0,"turns":1.0},{"damage":0.0,"enemies":"Snecko","floor":30.0,"turns":2.0},{"damage":11.0,"enemies":"Collector","floor":33.0,"turns":5.0},{"damage":0.0,"enemies":"3 Darklings","floor":35.0,"turns":2.0},{"damage":4.0,"enemies":"Mind Bloom Boss Battle","floor":36.0,"turns":4.0},{"damage":16.0,"enemies":"3 Shapes","floor":37.0,"turns":3.0},{"damage":12.0,"enemies":"Spire Growth","floor":39.0,"turns":2.0},{"damage":16.0,"enemies":"Reptomancer","floor":41.0,"turns":3.0},{"damage":0.0,"enemies":"Transient","floor":42.0,"turns":5.0},{"damage":21.0,"enemies":"Nightmare","floor":45.0,"turns":3.0},{"damage":0.0,"enemies":"Jaw Worm Horde","floor":47.0,"turns":2.0},{"damage":4.0,"enemies":"Awakened One","floor":50.0,"turns":4.0},{"damage":0.0,"enemies":"Jaw Worm","floor":52.0,"turns":1.0},{"damage":0.0,"enemies":"infinitespire:Voidling","floor":55.0,"turns":1.0},{"damage":0.0,"enemies":"Small Slimes","floor":56.0,"turns":1.0},{"damage":0.0,"enemies":"3 Louse","floor":62.0,"turns":1.0},{"damage":0.0,"enemies":"Large Slime","floor":63.0,"turns":1.0},{"damage":0.0,"enemies":"Lagavulin","floor":64.0,"turns":3.0},{"damage":0.0,"enemies":"Hexaghost","floor":67.0,"turns":2.0},{"damage":0.0,"enemies":"Shell Parasite","floor":69.0,"turns":1.0},{"damage":0.0,"enemies":"3 Byrds","floor":73.0,"turns":1.0},{"damage":9.0,"enemies":"Nightmare","floor":74.0,"turns":3.0},{"damage":6,"enemies":"Slavers","floor":76,"turns":2},{"damage":0,"enemies":"REME_1_Revenger","floor":78,"turns":1},{"damage":0,"enemies":"Shelled Parasite and Fungi","floor":82,"turns":1},{"damage":0,"enemies":"Collector","floor":84,"turns":1},{"damage":0,"enemies":"3 Shapes","floor":86,"turns":1},{"damage":0,"enemies":"Mind Bloom Boss Battle","floor":88,"turns":2},{"damage":0,"enemies":"Orb Walker","floor":92,"turns":2}],"seed_played":"8559739842194698406","potions_obtained":[{"floor":6.0,"key":"REME_GoldPotion"},{"floor":8.0,"key":"GamblersBrew"},{"floor":28.0,"key":"Dexterity Potion"},{"floor":30.0,"key":"Block Potion"},{"floor":33.0,"key":"Ancient Potion"},{"floor":37.0,"key":"DuplicationPotion"},{"floor":45.0,"key":"Explosive Potion"},{"floor":64.0,"key":"Energy Potion"},{"floor":69.0,"key":"ColorlessPotion"},{"floor":74.0,"key":"infinitespire:BlackPotion"},{"floor":82,"key":"ColorlessPotion"},{"floor":88,"key":"Dexterity Potion"}],"is_trial":false,"path_per_floor":["M","?","$","?","$","E","R","E","T","?","R","M","?","M","R","B",null,"M","?","$","?","?","R","E","M","T","?","M","M","M","?","R","B",null,"M","?","M","AVR","M","R","E","M","T","R","NM","R","M","?","R","B",null,"M","AVR","?","M","M","R","?","R","T","R","M","M","E","?","R","B",null,"M","?","$","?","M","NM","?","E","T","E","?","R","AVR","M","R","B",null,"M","$","?","?","$","R","M","?","T"],"character_chosen":"WATCHER","items_purchased":["Ragnarok","ClockworkSouvenir","Energy Potion","Swift Potion","Strange Spoon","CaptainsWheel","DollysMirror","infinitespire:Chaos"],"campfire_rested":7,"item_purchase_floors":[3,20,20,20,71,71,87,90],"current_hp_per_floor":[65,65,65,65,65,51,51,47,47,35,35,35,35,35,35,13,52,52,41,41,41,41,70,63,63,63,63,63,63,63,63,63,52,66,66,62,46,46,34,34,18,18,18,54,33,69,69,69,69,65,69,69,69,62,62,62,62,45,70,70,70,70,70,70,70,70,70,70,70,70,70,70,70,67,67,64,64,70,70,70,70,70,70,70,70,70,70,70,66,80,80,80,80,80,80],"gold":157,"neow_bonus":"THREE_RARE_CARDS","is_daily":false,"chose_seed":false,"campfire_upgraded":8,"win_rate":0.0,"timestamp":1612425517,"path_taken":["M","?","$","?","$","E","R","E","T","?","R","M","?","M","R","BOSS","M","?","$","?","?","R","E","M","T","?","M","M","?","?","R","BOSS","M","?","M","AVR","M","R","E","M","T","R","NM","R","M","?","R","BOSS","M","AVR","?","M","M","R","?","R","T","R","M","M","E","?","R","BOSS","M","?","$","?","M","NM","?","E","T","E","?","R","AVR","M","R","BOSS","M","$","?","?","$","R","M","?","T"],"items_purchased_type":["Card","Relic","Potion","Potion","Relic","Relic","Relic","Relic"],"build_version":"2020-12-22","purchased_purges":7,"victory":false,"max_hp_per_floor":[65,65,65,65,65,65,65,65,65,65,65,65,65,65,65,65,65,65,70,70,70,70,70,70,70,70,70,70,70,70,70,70,70,70,70,70,70,70,70,70,70,70,70,70,70,70,70,70,70,70,70,70,70,70,70,70,70,70,70,70,70,70,70,70,70,70,70,70,70,70,70,70,70,70,70,70,70,70,70,70,70,70,70,70,70,70,70,70,66,80,80,80,80,80,80],"card_choices":[{"not_picked":["DeusExMachina","REME_CRH"],"picked":"LessonLearned","floor":0.0},{"not_picked":["BowlingBash","FlyingSleeves","Crescendo"],"picked":"SKIP","floor":1.0},{"not_picked":["EmptyFist","REME_MusicOfDeath","Study"],"picked":"SKIP","floor":6.0},{"not_picked":["Conclude","Weave","FollowUp"],"picked":"SKIP","floor":8.0},{"not_picked":["Prostrate","Indignation"],"picked":"Tantrum","floor":12.0},{"not_picked":["ForeignInfluence","Indignation","MentalFortress"],"picked":"SKIP","floor":14.0},{"not_picked":["Blasphemy","Ragnarok"],"picked":"DevaForm","floor":16.0},{"not_picked":["SashWhip","ThirdEye","Evaluate","Discovery"],"picked":"SKIP","floor":18.0},{"not_picked":["SashWhip","ThirdEye","Evaluate","Discovery"],"picked":"SKIP","floor":18.0},{"not_picked":["Study","ClearTheMind","ForeignInfluence","Secret Technique"],"picked":"SKIP","floor":24.0},{"not_picked":["FollowUp","WaveOfTheHand","SashWhip","REME_MagicPocketWatch"],"picked":"SKIP","floor":25.0},{"not_picked":["Wireheading","ReachHeaven","SignatureMove"],"picked":"Master of Strategy+1","floor":28.0},{"not_picked":["REME_MusicOfDeath","Halt+1","Flash of Steel"],"picked":"TalkToTheHand","floor":29.0},{"not_picked":["Consecrate+1","Crescendo+1","BowlingBash+1","Dark Shackles+1"],"picked":"SKIP","floor":30.0},{"not_picked":["Consecrate+1","Crescendo+1","BowlingBash+1","Dark Shackles+1"],"picked":"SKIP","floor":30.0},{"not_picked":["Consecrate+1","Crescendo+1","BowlingBash+1","Dark Shackles+1"],"picked":"SKIP","floor":30.0},{"not_picked":["MasterReality","DevaForm","REME_HeartOfCthun"],"picked":"Scrawl+1","floor":33.0},{"not_picked":["EmptyBody+1","Study+1","Consecrate"],"picked":"REME_Flogging","floor":35.0},{"not_picked":["SignatureMove","Tantrum","Forethought+1"],"picked":"FearNoEvil+1","floor":37.0},{"not_picked":["Wallop","FlyingSleeves","EmptyFist+1","Metamorphosis+1"],"picked":"SKIP","floor":39.0},{"not_picked":["WreathOfFlame+1","FearNoEvil","Brilliance","Mayhem"],"picked":"SKIP","floor":41.0},{"not_picked":["FearNoEvil","Brilliance","Mayhem"],"picked":"WreathOfFlame+1","floor":41.0},{"not_picked":["Collect+1","EmptyBody+1","JustLucky+1","REME_BuildACard+1"],"picked":"SKIP","floor":42.0},{"not_picked":["infinitespire:Oblivion","infinitespire:Punishment"],"picked":"infinitespire:Collect","floor":45.0},{"not_picked":["ThirdEye+1","EmptyBody+1","Sanctity+1","Finesse+1"],"picked":"SKIP","floor":45.0},{"not_picked":["FlyingSleeves","JustLucky+1","SignatureMove+1","Violence+1"],"picked":"SKIP","floor":47.0},{"not_picked":["FlurryOfBlows","Halt+1","WaveOfTheHand+1","REME_MagicPocketWatch+1"],"picked":"SKIP","floor":52.0},{"not_picked":["BowlingBash","WindmillStrike","FlurryOfBlows"],"picked":"REME_MawOfCthun+1","floor":55.0},{"not_picked":["MentalFortress","Wireheading","FlyingSleeves","REME_BattleFury"],"picked":"SKIP","floor":56.0},{"not_picked":["Fasting2","BowlingBash","LikeWater","REME_WheelOfFate+1"],"picked":"SKIP","floor":62.0},{"not_picked":["Meditate+1","Study","Perseverance+1"],"picked":"REME_ProfessionalPlagiarism+1","floor":63.0},{"not_picked":["Halt+1","SashWhip","EmptyFist","Secret Technique+1"],"picked":"SKIP","floor":64.0},{"not_picked":["Crescendo+1","Evaluate+1","FlyingSleeves"],"picked":"Bandage Up+1","floor":69.0},{"not_picked":["SashWhip+1","EmptyBody+1","Evaluate+1","Madness+1"],"picked":"SKIP","floor":73.0},{"not_picked":["ForeignInfluence+1","Halt+1","REME_Flogging"],"picked":"MentalFortress","floor":74.0},{"not_picked":["WaveOfTheHand+1","CrushJoints","EmptyBody+1","Violence+1"],"picked":"SKIP","floor":76},{"not_picked":["Ragnarok","DeceiveReality+1","ThirdEye+1","REME_TheoryOfElimination+1"],"picked":"SKIP","floor":78},{"not_picked":["PathToVictory+1","LikeWater","CutThroughFate","Panacea+1"],"picked":"SKIP","floor":82},{"not_picked":["PathToVictory+1","LikeWater","CutThroughFate","Panacea+1"],"picked":"SKIP","floor":82},{"not_picked":["JustLucky","Consecrate+1","REME_Repentance+1","REME_TwoStrings+1"],"picked":"SKIP","floor":86},{"not_picked":["REME_EmptyShield","Ragnarok","BattleHymn+1"],"picked":"SKIP","floor":92}],"player_experience":265885,"relics_obtained":[{"floor":6.0,"key":"Regal Pillow"},{"floor":8.0,"key":"GoldenEye"},{"floor":9.0,"key":"Ancient Tea Set"},{"floor":17.0,"key":"infinitespire:Satchel"},{"floor":17.0,"key":"Boot"},{"floor":24.0,"key":"Bag of Marbles"},{"floor":26.0,"key":"Toxic Egg 2"},{"floor":36.0,"key":"Lizard Tail"},{"floor":41.0,"key":"infinitespire:CursedDice"},{"floor":43.0,"key":"Juzu Bracelet"},{"floor":45.0,"key":"Lantern"},{"floor":60.0,"key":"Potion Belt"},{"floor":64.0,"key":"Bottled Flame"},{"floor":74.0,"key":"Toy Ornithopter"},{"floor":76,"key":"PreservedInsect"},{"floor":77,"key":"Centennial Puzzle"},{"floor":78,"key":"Blue Candle"},{"floor":88,"key":"FossilizedHelix"}],"event_choices":[{"damage_healed":0.0,"max_hp_gain":0.0,"max_hp_loss":0.0,"gold_gain":0.0,"event_name":"FaceTrader","player_choice":"Trade","floor":2.0,"gold_loss":0.0,"damage_taken":0.0,"relics_obtained":["SsserpentHead"]},{"damage_healed":0.0,"max_hp_gain":0.0,"max_hp_loss":0.0,"gold_gain":0.0,"event_name":"Scrap Ooze","player_choice":"Success","floor":10.0,"gold_loss":0.0,"damage_taken":12.0,"relics_obtained":["infinitespire:PuzzleCube"]},{"cards_removed":["Eruption"],"damage_healed":0.0,"max_hp_gain":0.0,"max_hp_loss":0.0,"gold_gain":0.0,"event_name":"The Cleric","player_choice":"Card Removal","floor":13.0,"gold_loss":50.0,"damage_taken":0.0},{"damage_healed":0.0,"max_hp_gain":5.0,"max_hp_loss":0.0,"gold_gain":0.0,"event_name":"Forgotten Altar","player_choice":"Shed Blood","floor":19.0,"gold_loss":0.0,"damage_taken":16.0},{"damage_healed":0.0,"max_hp_gain":0.0,"max_hp_loss":0.0,"gold_gain":0.0,"event_name":"Back to Basics","player_choice":"Simplicity","floor":21.0,"gold_loss":0.0,"damage_taken":0.0,"cards_upgraded":["Strike_P","Strike_P","Strike_P"]},{"cards_removed":["LessonLearned"],"damage_healed":0.0,"max_hp_gain":0.0,"max_hp_loss":0.0,"gold_gain":0.0,"event_name":"Beggar","player_choice":"Gave Gold","floor":22.0,"gold_loss":75.0,"damage_taken":0.0},{"damage_healed":0.0,"max_hp_gain":0.0,"max_hp_loss":0.0,"gold_gain":0.0,"event_name":"Match and Keep!","player_choice":"1 cards matched","floor":27.0,"gold_loss":0.0,"damage_taken":0.0,"cards_obtained":["Dramatic Entrance"]},{"damage_healed":0.0,"max_hp_gain":0.0,"max_hp_loss":0.0,"gold_gain":0.0,"event_name":"Accursed Blacksmith","player_choice":"Forge","floor":31.0,"gold_loss":0.0,"damage_taken":0.0,"cards_upgraded":["TalkToTheHand"]},{"damage_healed":0.0,"max_hp_gain":0.0,"max_hp_loss":0.0,"gold_gain":0.0,"event_name":"MindBloom","player_choice":"Fight","floor":36.0,"gold_loss":0.0,"damage_taken":0.0},{"damage_healed":0.0,"max_hp_gain":0.0,"max_hp_loss":0.0,"gold_gain":0.0,"event_name":"Tomb of Lord Red Mask","player_choice":"Paid","floor":48.0,"gold_loss":791.0,"damage_taken":0.0,"relics_obtained":["Red Mask"]},{"cards_removed":["Defend_P"],"damage_healed":0.0,"max_hp_gain":0.0,"max_hp_loss":0.0,"gold_gain":0.0,"event_name":"Golden Wing","player_choice":"Card Removal","floor":54.0,"gold_loss":0.0,"damage_taken":7.0},{"damage_healed":0.0,"max_hp_gain":0.0,"max_hp_loss":0.0,"gold_gain":0.0,"event_name":"Wheel of Change","player_choice":"Cursed","floor":65.0,"gold_loss":0.0,"damage_taken":0.0,"cards_obtained":["Decay"]},{"damage_healed":0.0,"max_hp_gain":0.0,"max_hp_loss":0.0,"gold_gain":99.0,"event_name":"Nest","player_choice":"Stole From Cult","floor":70.0,"gold_loss":0.0,"damage_taken":0.0},{"damage_healed":0.0,"max_hp_gain":0.0,"max_hp_loss":0.0,"gold_gain":0.0,"event_name":"The Mausoleum","player_choice":"Opened","floor":72.0,"gold_loss":0.0,"damage_taken":0.0,"relics_obtained":["Nunchaku"],"cards_obtained":["Writhe"]},{"damage_healed":0.0,"max_hp_gain":0.0,"max_hp_loss":0.0,"gold_gain":0.0,"event_name":"The Library","player_choice":"Read","floor":75.0,"gold_loss":0.0,"damage_taken":0.0,"cards_obtained":["Prostrate"]},{"cards_removed":["Writhe"],"damage_healed":0,"gold_gain":0,"player_choice":"Offered Curse","damage_taken":0,"relics_obtained":["Spirit Poop"],"max_hp_gain":0,"max_hp_loss":0,"event_name":"Bonfire Elementals","floor":79,"gold_loss":0},{"damage_healed":0,"gold_gain":0,"player_choice":"Fight","damage_taken":0,"max_hp_gain":0,"max_hp_loss":0,"event_name":"MindBloom","floor":88,"gold_loss":0},{"damage_healed":0,"gold_gain":0,"player_choice":"Max HP","damage_taken":0,"max_hp_gain":0,"max_hp_loss":4,"event_name":"Winding Halls","floor":89,"gold_loss":0},{"cards_removed":["Defend_P"],"damage_healed":0,"gold_gain":0,"player_choice":"Removed Skill","damage_taken":0,"max_hp_gain":0,"max_hp_loss":0,"event_name":"Falling","floor":93,"gold_loss":0}],"is_beta":false,"boss_relics":[{"not_picked":["Runic Dome","Tiny House"],"picked":"REME_LowDesire"},{"not_picked":["Empty Cage","Sozu"],"picked":"infinitespire:Cupcake"},{"not_picked":["Pandora\u0027s Box","Philosopher\u0027s Stone"],"picked":"REME_DuelDisc"},{"not_picked":["REME_DemonsWealth","Coffee Dripper"],"picked":"Fusion Hammer"},{"not_picked":["Busted Crown","Snecko Eye"],"picked":"SacredBark"}],"items_purged_floors":[5,20,38,53,71,81,87],"is_endless":true,"potions_floor_spawned":[6,8,28,30,33,37,41,45,50,52,55,64,69,74,82,88],"ascension_level":5}}