{"host":"mnljlkge2zm8bbif","time":1612466173,"event":{"mods":["Aspiration","BaseMod","Beaked The Cultist","Better Third Choice","BetterRewards","CCEM2","Challenge The Spire","Displayed Cursed Tome","Gremlin Mod","Hubris","Minty Spire (QoL Compilation)","Relic Stats","Replay The Spire","Robot Space Explorer","Shop Mod","Spicy Shops","StSLib","The Marked"],"gold_per_floor":[110,120,70,116,130,130,130,130,130,148,148,183,183,218,218,318,318,336,276,276,287,318,346,362,362,437,437,467,467,467,481,481,481,481],"floor_reached":33,"language":"ENG","playtime":1882,"items_purged":[],"score":666,"play_id":"ba36bbbf-c839-4429-82ce-24083b3c7b8d","local_time":"20210204141613","is_ascension_mode":true,"campfire_choices":[{"floor":6,"key":"REST"},{"floor":8,"key":"REST"},{"floor":13,"key":"REST"},{"floor":15,"key":"RECALL"},{"floor":25,"key":"REST"},{"floor":27,"key":"REST"},{"floor":29,"key":"REST"},{"floor":32,"key":"REST"}],"circlet_count":0,"master_deck":["AscendersBane","Strike_G+1","Strike_G+1","Strike_G+1","Strike_G+1","Defend_G+1","Defend_G+1","Defend_G+1","Defend_G+1","Defend_G+1","Survivor","Neutralize+1","Skewer","Well Laid Plans+1","The Bomb","Masterful Stab+1","ReplayTheSpireMod:Splinters","Flying Knee","Bouncing Flask","Phantasmal Killer","Dagger Throw","Adrenaline","Deadly Poison","Footwork","Bane","Bane","Crippling Poison+1"],"relics":["Ring of the Snake","StoneCalendar","Blue Doll","Chemical X","Snake Skull","CCEMRelics:LagavulinClaw","CCEMRelics:SoftDrink","CCEMRelics:OldTooth","War Paint","Fusion Hammer","aspiration:Stabinomicon","Red Mask","Whetstone","CCEMRelics:FiftyFTOfRope"],"acts_visited":["Exordium","TheCity"],"potions_floor_usage":[2,10,12,16,23,23,24,31,33],"damage_taken":[{"damage":9,"enemies":"Jaw Worm","floor":1,"turns":3},{"damage":5,"enemies":"Small Slimes","floor":2,"turns":3},{"damage":0,"enemies":"2 Louse","floor":5,"turns":2},{"damage":0,"enemies":"Large Slime","floor":10,"turns":5},{"damage":19,"enemies":"3 Sentries","floor":12,"turns":6},{"damage":0,"enemies":"Gremlin Nob","floor":14,"turns":3},{"damage":21,"enemies":"Hexaghost","floor":16,"turns":7},{"damage":0,"enemies":"Spheric Guardian","floor":18,"turns":3},{"damage":0,"enemies":"Chosen","floor":21,"turns":3},{"damage":32,"enemies":"Masked Bandits","floor":22,"turns":5},{"damage":6,"enemies":"Book of Stabbing","floor":23,"turns":4},{"damage":5,"enemies":"Snake Plant","floor":24,"turns":3},{"damage":5,"enemies":"Replay:Snechameleon","floor":28,"turns":4},{"damage":0,"enemies":"Cultist and Chosen","floor":31,"turns":4},{"damage":78,"enemies":"Champ","floor":33,"turns":6}],"seed_played":"-25708189893937288","potions_obtained":[{"floor":1,"key":"LiquidBronze"},{"floor":4,"key":"Languid Potion"},{"floor":10,"key":"Toxic Potion"},{"floor":14,"key":"AttackPotion"},{"floor":16,"key":"Elixir"},{"floor":22,"key":"DistilledChaos"},{"floor":23,"key":"Explosive Potion"},{"floor":28,"key":"Swift Potion"},{"floor":31,"key":"Poison Potion"}],"is_trial":false,"path_per_floor":["M","M","?","?","M","R","?","R","T","M","?","E","R","E","R","B",null,"M","?","?","M","?","E","M","R","T","R","E","R","?","M","R","B"],"character_chosen":"THE_SILENT","items_purchased":["Skewer","StoneCalendar","Well Laid Plans+1","The Bomb","Blue Doll","Masterful Stab","Chemical X"],"campfire_rested":7,"item_purchase_floors":[0,0,0,0,0,0,0],"current_hp_per_floor":[18,13,13,13,13,34,34,55,55,55,52,33,54,54,54,33,61,61,61,45,45,13,7,2,23,23,44,39,60,60,60,70,0,0],"gold":481,"neow_bonus":"","is_daily":false,"chose_seed":false,"campfire_upgraded":0,"win_rate":0.0,"timestamp":1612466173,"path_taken":["M","M","?","?","M","R","?","R","T","?","?","E","R","E","R","BOSS","M","?","?","M","?","E","M","R","T","R","E","R","?","?","R","BOSS"],"items_purchased_type":["Card","Relic","Card","Card","Relic","Card","Relic"],"build_version":"2020-12-22","purchased_purges":0,"victory":false,"max_hp_per_floor":[70,70,70,70,70,70,70,70,70,70,70,70,70,70,70,70,70,70,70,70,70,70,70,70,70,70,70,70,70,70,70,70,70,70],"relic_stats":{"counters":[194,902],"StoneCalendar":[6],"Snake Skull":[96],"Chemical X":[17],"Whetstone":["Backstab","Strike_G","Neutralize","Strike_G"],"War Paint":["Defend_G","Defend_G"],"obtain_stats":[{"TwistedFunnel":0,"Replay:Accelerometer":10,"CCEMRelics:PorcelainBowl":19,"Spirit Poop":11,"Whetstone":0,"hubris:MysteriousPyramids":0,"Boot":9,"Old Coin":6,"Blood Vial":26,"Replay:Ringing Soul":41,"hubris:AstralHammer":0,"Replay:Bronze Core":17,"beaked:SacredDeck":17,"CCEMRelics:DissonantTune":9,"MealTicket":41,"CCEMRelics:Sandal":8,"Fusion Hammer":34,"Replay:Wax Seal":53,"CCEMRelics:FiftyFTOfRope":28,"MerchantsRug":0,"hubris:SphereOfDissonance":43,"Eternal Feather":23,"Paper Crane":3,"CCEMRelics:FestiveHat":9,"hubris:TenFootPole":24,"Kintsugi":34,"hubris:Reverence":4,"Regal Pillow":0,"Lantern":53,"CCEMRelics:WrappedPresent":11,"StoneCalendar":42,"Blue Doll":0,"Bag of Preparation":7,"Replay:Multitool":6,"hubris:EmptyBottle":0,"Smiling Mask":31,"Pet Ghost":54,"Burning Blood":0,"Replay:Rubber Ducky":13,"Matryoshka":6,"Shovel":34,"hubris:FunFungus":11,"Chemical X":0,"aspiration:FutureDiary":17,"CCEMRelics:PaperClip":0,"CCEMRelics:JestersCrown":12,"Ring of the Snake":0,"aspiration:ChemicalBlood":38,"hubris:GlazedTorus":0,"aspiration:VileToxins":5,"Lee\u0027s Waffle":19,"NeowsBlessing":0,"hubris:64BitClover":29,"PreservedInsect":9,"The Courier":34,"beaked:SacredNecklace":34,"hubris:Towel":21,"MawBank":7,"hubris:Spice":0,"Ornamental Fan":27,"CCEMRelics:FryingPan":9,"Durian":12,"Bottled Lightning":28,"hubris:BottledRain":0,"Calipers":0,"hubris:CrystalStatue":43,"Vajra":23,"HoveringKite":17,"hubris:VirtuousBlindfold":34,"CCEMRelics:SoftDrink":11,"aspiration:Stabinomicon":24,"Lizard Tail":9,"Centennial Puzzle":41,"HornCleat":14,"FaceOfCleric":4,"DollysMirror":42,"Strawberry":26,"Honey Jar":0,"Philosopher\u0027s Stone":17,"Iron Hammer":5,"Toxic Egg 2":4,"Byrd Skull":0,"Ring of Hypnosis":4,"Happy Flower":0,"hubris:DuctTape":53,"aspiration:Nostalgia":0,"ReplayTheSpireMod:CursedCoin":5,"Replay:Grab Bag":34,"Oddly Smooth Stone":54,"aspiration:SeaSaltIceCream":0,"War Paint":38,"aspiration:HiddenCompartment":34,"hubris:Zylophone":10,"Replay:Baseball":3,"Bronze Scales":32,"Onion Ring":9,"Molten Egg 2":5,"hubris:PeanutButter":4,"Simple Rune":7,"ReplayTheSpireMod:TigerMarble":53,"Grinning Jar":41,"Mirror":29,"aspiration:HatOfInfinitePower":9,"NlothsMask":24,"ReplayFunnel":8,"Iron Core":38,"beaked:ShinyBauble":28,"Enchiridion":21,"Mango":0,"Snake Skull":12,"Juzu Bracelet":0,"Incense Burner":10,"Dream Catcher":0,"Replay:Bandana":20,"hubris:Icosahedron":21,"Chameleon Ring":0,"CCEMRelics:OldTooth":12,"Gambling Chip":27,"Pantograph":0,"Red Mask":19,"CCEMRelics:LagavulinClaw":9,"Gremlin Food":9,"CCEMRelics:Barrel":7,"Quantum Egg":7,"aspiration:HummingbirdHeart":27,"White Beast Statue":0,"CCEMRelics:SpiritsEdge":0,"Calling Bell":34,"Anchor":12,"CaptainsWheel":21,"Ring of Fury":4,"ChewingGum":34,"aspiration:KaomsHeart":36,"hubris:BundleOfHerbs":10,"Snack Pack":9,"hubris:GrandSneckoEye":34,"Bag of Marbles":31,"Membership Card":0,"FossilizedHelix":38,"hubris:AncientText":25},{"TwistedFunnel":0,"Replay:Accelerometer":58,"CCEMRelics:PorcelainBowl":167,"Spirit Poop":87,"Whetstone":16,"hubris:MysteriousPyramids":108,"Boot":57,"Old Coin":20,"Blood Vial":12,"Replay:Ringing Soul":36,"hubris:AstralHammer":84,"Replay:Bronze Core":91,"beaked:SacredDeck":23,"CCEMRelics:DissonantTune":126,"MealTicket":78,"CCEMRelics:Sandal":117,"Fusion Hammer":145,"Replay:Wax Seal":82,"CCEMRelics:FiftyFTOfRope":192,"MerchantsRug":84,"hubris:SphereOfDissonance":36,"Eternal Feather":95,"Paper Crane":18,"CCEMRelics:FestiveHat":64,"hubris:TenFootPole":12,"Kintsugi":100,"hubris:Reverence":62,"Regal Pillow":0,"Lantern":155,"CCEMRelics:WrappedPresent":134,"StoneCalendar":36,"Blue Doll":179,"Bag of Preparation":46,"Replay:Multitool":51,"hubris:EmptyBottle":0,"Smiling Mask":15,"Pet Ghost":41,"Burning Blood":42,"Replay:Rubber Ducky":60,"Matryoshka":63,"Shovel":175,"hubris:FunFungus":134,"Chemical X":84,"aspiration:FutureDiary":9,"CCEMRelics:PaperClip":42,"CCEMRelics:JestersCrown":65,"Ring of the Snake":0,"aspiration:ChemicalBlood":76,"hubris:GlazedTorus":108,"aspiration:VileToxins":55,"Lee\u0027s Waffle":167,"NeowsBlessing":53,"hubris:64BitClover":13,"PreservedInsect":51,"The Courier":175,"beaked:SacredNecklace":100,"hubris:Towel":11,"MawBank":125,"hubris:Spice":0,"Ornamental Fan":142,"CCEMRelics:FryingPan":133,"Durian":21,"Bottled Lightning":171,"hubris:BottledRain":157,"Calipers":42,"hubris:CrystalStatue":150,"Vajra":27,"HoveringKite":67,"hubris:VirtuousBlindfold":100,"CCEMRelics:SoftDrink":183,"aspiration:Stabinomicon":70,"Lizard Tail":64,"Centennial Puzzle":149,"HornCleat":121,"FaceOfCleric":110,"DollysMirror":36,"Strawberry":71,"Honey Jar":122,"Philosopher\u0027s Stone":166,"Iron Hammer":85,"Toxic Egg 2":49,"Byrd Skull":157,"Ring of Hypnosis":18,"Happy Flower":42,"hubris:DuctTape":82,"aspiration:Nostalgia":42,"ReplayTheSpireMod:CursedCoin":55,"Replay:Grab Bag":100,"Oddly Smooth Stone":83,"aspiration:SeaSaltIceCream":42,"War Paint":76,"aspiration:HiddenCompartment":175,"hubris:Zylophone":21,"Replay:Baseball":62,"Bronze Scales":174,"Onion Ring":46,"Molten Egg 2":124,"hubris:PeanutButter":131,"Simple Rune":161,"ReplayTheSpireMod:TigerMarble":82,"Grinning Jar":177,"Mirror":29,"aspiration:HatOfInfinitePower":117,"NlothsMask":27,"ReplayFunnel":64,"Iron Core":76,"beaked:ShinyBauble":171,"Enchiridion":139,"Mango":108,"Snake Skull":21,"Juzu Bracelet":16,"Incense Burner":134,"Dream Catcher":0,"Replay:Bandana":11,"hubris:Icosahedron":69,"Chameleon Ring":84,"CCEMRelics:OldTooth":184,"Gambling Chip":72,"Pantograph":157,"Red Mask":25,"CCEMRelics:LagavulinClaw":182,"Gremlin Food":5,"CCEMRelics:Barrel":56,"Quantum Egg":86,"aspiration:HummingbirdHeart":171,"White Beast Statue":157,"CCEMRelics:SpiritsEdge":84,"Calling Bell":175,"Anchor":21,"CaptainsWheel":93,"Ring of Fury":18,"ChewingGum":31,"aspiration:KaomsHeart":101,"hubris:BundleOfHerbs":21,"Snack Pack":21,"hubris:GrandSneckoEye":74,"Bag of Marbles":99,"Membership Card":157,"FossilizedHelix":34,"hubris:AncientText":97},{"TwistedFunnel":0,"Replay:Accelerometer":218,"CCEMRelics:PorcelainBowl":784,"Spirit Poop":409,"Whetstone":52,"hubris:MysteriousPyramids":480,"Boot":214,"Old Coin":66,"Blood Vial":35,"Replay:Ringing Soul":126,"hubris:AstralHammer":402,"Replay:Bronze Core":418,"beaked:SacredDeck":81,"CCEMRelics:DissonantTune":556,"MealTicket":350,"CCEMRelics:Sandal":521,"Fusion Hammer":663,"Replay:Wax Seal":384,"CCEMRelics:FiftyFTOfRope":892,"MerchantsRug":402,"hubris:SphereOfDissonance":126,"Eternal Feather":430,"Paper Crane":61,"CCEMRelics:FestiveHat":243,"hubris:TenFootPole":35,"Kintsugi":444,"hubris:Reverence":241,"Regal Pillow":0,"Lantern":717,"CCEMRelics:WrappedPresent":594,"StoneCalendar":126,"Blue Doll":841,"Bag of Preparation":168,"Replay:Multitool":199,"hubris:EmptyBottle":0,"Smiling Mask":46,"Pet Ghost":150,"Burning Blood":156,"Replay:Rubber Ducky":237,"Matryoshka":242,"Shovel":822,"hubris:FunFungus":594,"Chemical X":402,"aspiration:FutureDiary":26,"CCEMRelics:PaperClip":156,"CCEMRelics:JestersCrown":260,"Ring of the Snake":0,"aspiration:ChemicalBlood":338,"hubris:GlazedTorus":480,"aspiration:VileToxins":210,"Lee\u0027s Waffle":784,"NeowsBlessing":208,"hubris:64BitClover":38,"PreservedInsect":199,"The Courier":822,"beaked:SacredNecklace":444,"hubris:Towel":31,"MawBank":554,"hubris:Spice":0,"Ornamental Fan":642,"CCEMRelics:FryingPan":588,"Durian":69,"Bottled Lightning":802,"hubris:BottledRain":734,"Calipers":156,"hubris:CrystalStatue":695,"Vajra":88,"HoveringKite":281,"hubris:VirtuousBlindfold":444,"CCEMRelics:SoftDrink":854,"aspiration:Stabinomicon":298,"Lizard Tail":243,"Centennial Puzzle":688,"HornCleat":535,"FaceOfCleric":489,"DollysMirror":126,"Strawberry":304,"Honey Jar":540,"Philosopher\u0027s Stone":781,"Iron Hammer":404,"Toxic Egg 2":179,"Byrd Skull":734,"Ring of Hypnosis":61,"Happy Flower":156,"hubris:DuctTape":384,"aspiration:Nostalgia":156,"ReplayTheSpireMod:CursedCoin":210,"Replay:Grab Bag":444,"Oddly Smooth Stone":392,"aspiration:SeaSaltIceCream":156,"War Paint":338,"aspiration:HiddenCompartment":822,"hubris:Zylophone":69,"Replay:Baseball":241,"Bronze Scales":814,"Onion Ring":168,"Molten Egg 2":549,"hubris:PeanutButter":580,"Simple Rune":748,"ReplayTheSpireMod:TigerMarble":384,"Grinning Jar":834,"Mirror":96,"aspiration:HatOfInfinitePower":521,"NlothsMask":88,"ReplayFunnel":243,"Iron Core":338,"beaked:ShinyBauble":802,"Enchiridion":624,"Mango":480,"Snake Skull":69,"Juzu Bracelet":52,"Incense Burner":594,"Dream Catcher":0,"Replay:Bandana":31,"hubris:Icosahedron":292,"Chameleon Ring":402,"CCEMRelics:OldTooth":860,"Gambling Chip":311,"Pantograph":734,"Red Mask":84,"CCEMRelics:LagavulinClaw":849,"Gremlin Food":10,"CCEMRelics:Barrel":211,"Quantum Egg":406,"aspiration:HummingbirdHeart":802,"White Beast Statue":734,"CCEMRelics:SpiritsEdge":402,"Calling Bell":822,"Anchor":69,"CaptainsWheel":423,"Ring of Fury":61,"ChewingGum":105,"aspiration:KaomsHeart":446,"hubris:BundleOfHerbs":69,"Snack Pack":69,"hubris:GrandSneckoEye":331,"Bag of Marbles":438,"Membership Card":734,"FossilizedHelix":114,"hubris:AncientText":433}],"Ring of the Snake":[131]},"card_choices":[{"not_picked":["hubris:SlightOfHand","Flechettes","Prepared"],"picked":"SKIP","floor":1},{"not_picked":["Catalyst","Fluid Movement","Prepared"],"picked":"SKIP","floor":2},{"not_picked":["Acrobatics","Tactician"],"picked":"Flying Knee","floor":4},{"not_picked":["Infinite Blades","Backflip","Draining Mist"],"picked":"SKIP","floor":5},{"not_picked":["Prepared","Dagger Spray"],"picked":"Bouncing Flask","floor":10},{"not_picked":["Endless Agony","Poisoned Stab"],"picked":"Phantasmal Killer","floor":12},{"not_picked":["All Out Attack","Dagger Spray"],"picked":"Dagger Throw","floor":14},{"not_picked":["Envenom","Malaise"],"picked":"Adrenaline","floor":16},{"not_picked":["Blade Dance","Underhanded Strike","Slice"],"picked":"SKIP","floor":18},{"not_picked":["Dodge and Roll","Terror"],"picked":"Deadly Poison","floor":21},{"not_picked":["Bouncing Flask","ReplayTheSpireMod:Shiv Toss+1"],"picked":"Footwork","floor":22},{"not_picked":["Endless Agony","Tactician"],"picked":"Bane","floor":23},{"not_picked":["Blade Dance","Endless Agony"],"picked":"Bane","floor":24},{"not_picked":["Outmaneuver","Underhanded Strike","Quick Slash"],"picked":"SKIP","floor":28},{"not_picked":["Dagger Throw","Hidden Blade"],"picked":"Crippling Poison+1","floor":31}],"player_experience":499236,"relics_obtained":[{"floor":4,"key":"Snake Skull"},{"floor":9,"key":"CCEMRelics:LagavulinClaw"},{"floor":12,"key":"CCEMRelics:OldTooth"},{"floor":14,"key":"War Paint"},{"floor":22,"key":"Red Mask"},{"floor":23,"key":"Whetstone"},{"floor":28,"key":"CCEMRelics:FiftyFTOfRope"}],"event_choices":[{"cards_removed":["Strike_G"],"damage_healed":0,"gold_gain":0,"player_choice":"Card Removal","damage_taken":0,"max_hp_gain":0,"max_hp_loss":0,"event_name":"The Cleric","floor":3,"gold_loss":50},{"damage_healed":0,"gold_gain":0,"player_choice":"Grow","damage_taken":0,"max_hp_gain":0,"max_hp_loss":0,"event_name":"Living Wall","floor":7,"gold_loss":0,"cards_upgraded":["Masterful Stab"]},{"damage_healed":0,"gold_gain":0,"player_choice":"Relic ","damage_taken":3,"max_hp_gain":0,"max_hp_loss":0,"event_name":"betterThird:BetterScrap","floor":11,"gold_loss":0,"cards_obtained":["hubris:SpecializedCircuitry"]},{"damage_healed":0,"gold_gain":0,"player_choice":"Obtained Book","damage_taken":16,"max_hp_gain":0,"max_hp_loss":0,"event_name":"Cursed Tome","floor":20,"gold_loss":0},{"damage_healed":0,"gold_gain":0,"player_choice":"Fought Bandits","damage_taken":0,"max_hp_gain":0,"max_hp_loss":0,"event_name":"Masked Bandits","floor":22,"gold_loss":0},{"damage_healed":0,"gold_gain":0,"player_choice":"Simplicity","damage_taken":0,"max_hp_gain":0,"max_hp_loss":6,"event_name":"betterThird:BetterWriting","floor":30,"gold_loss":0}],"is_beta":false,"boss_relics":[{"not_picked":["Replay:Wanted Poster","Honey Jar"],"picked":"Fusion Hammer"}],"items_purged_floors":[],"is_endless":false,"potions_floor_spawned":[1,10,14,16,22,23,28,31],"killed_by":"Champ","ascension_level":12}}