{"host":"BaronFel","time":1612481348,"event":{"mods":["BaseMod","Filter the Spire","Highlight Path","Minty Spire (QoL Compilation)","Relic Stats","ojb\u0027s Info Mod"],"gold_per_floor":[110,25,41,54,73,73,100,130,130,130,161,181,181,201,201,274,274,292,305,325,325,340,340,10,39,39,51,81,101,101,26,26,103,103,113,113,138,153,166,166,184,213,225,237,282,294,332,390,402,414,426,438,450,16,45,45],"floor_reached":57,"language":"ENG","playtime":10818,"items_purged":["Strike_P","Strike_P"],"score":3059,"play_id":"84642c1f-529d-4698-b235-20ba0b9bfc4b","local_time":"20210204172908","is_ascension_mode":true,"campfire_choices":[{"data":"CrushJoints","floor":6.0,"key":"SMITH"},{"data":"SandsOfTime","floor":13.0,"key":"SMITH"},{"data":"Meditate","floor":15.0,"key":"SMITH"},{"floor":23.0,"key":"REST"},{"data":"Meditate","floor":30.0,"key":"SMITH"},{"data":"Fasting2","floor":32.0,"key":"SMITH"},{"data":"Vault","floor":40.0,"key":"SMITH"},{"data":"Omniscience","floor":44,"key":"SMITH"},{"floor":46,"key":"RECALL"},{"data":"TalkToTheHand","floor":49,"key":"SMITH"},{"floor":53,"key":"REST"}],"circlet_count":0,"master_deck":["AscendersBane","Strike_P","Strike_P","Defend_P","Defend_P","Defend_P","Eruption","Vigilance","CutThroughFate","CrushJoints+1","Meditate+1","FollowUp","WaveOfTheHand","SandsOfTime+1","Indignation","TalkToTheHand+1","Vault+1","Fasting2+1","Protect","Tantrum","ThirdEye","Meditate+1","Omniscience+1","CutThroughFate+1","Secret Technique","Flash of Steel","Dark Shackles","Halt","Fasting2","Fasting2","Nirvana","Secret Weapon","EmptyBody+1"],"relics":["Runic Dome","Yang","HornCleat","Ancient Tea Set","Mummified Hand","Mercury Hourglass","Singing Bowl","VioletLotus","OrangePellets","Meat on the Bone","Tiny Chest","SlaversCollar","StoneCalendar","MawBank","StrikeDummy","The Courier","Ornamental Fan","Pen Nib","Sundial"],"acts_visited":["Exordium","TheCity","TheBeyond","TheEnding"],"potions_floor_usage":[45,51,56,56],"damage_taken":[{"damage":7.0,"enemies":"Small Slimes","floor":1.0,"turns":3.0},{"damage":0.0,"enemies":"Cultist","floor":3.0,"turns":2.0},{"damage":4.0,"enemies":"Jaw Worm","floor":4.0,"turns":3.0},{"damage":10.0,"enemies":"Lots of Slimes","floor":5.0,"turns":5.0},{"damage":2.0,"enemies":"3 Sentries","floor":7.0,"turns":5.0},{"damage":0.0,"enemies":"Gremlin Nob","floor":11.0,"turns":3.0},{"damage":0.0,"enemies":"Gremlin Gang","floor":12.0,"turns":3.0},{"damage":0.0,"enemies":"3 Louse","floor":14.0,"turns":3.0},{"damage":11.0,"enemies":"The Guardian","floor":16.0,"turns":7.0},{"damage":0.0,"enemies":"Spheric Guardian","floor":18.0,"turns":3.0},{"damage":10.0,"enemies":"2 Thieves","floor":19.0,"turns":2.0},{"damage":16.0,"enemies":"Snake Plant","floor":20.0,"turns":3.0},{"damage":9.0,"enemies":"Centurion and Healer","floor":22.0,"turns":6.0},{"damage":0.0,"enemies":"Gremlin Leader","floor":25.0,"turns":4.0},{"damage":0.0,"enemies":"3 Cultists","floor":27.0,"turns":5.0},{"damage":8.0,"enemies":"Slavers","floor":28.0,"turns":3.0},{"damage":1.0,"enemies":"Snake Plant","floor":29.0,"turns":4.0},{"damage":0.0,"enemies":"Collector","floor":33.0,"turns":6.0},{"damage":0.0,"enemies":"3 Darklings","floor":35.0,"turns":4.0},{"damage":0.0,"enemies":"Mind Bloom Boss Battle","floor":37.0,"turns":5.0},{"damage":11.0,"enemies":"3 Shapes","floor":38.0,"turns":3.0},{"damage":10.0,"enemies":"Maw","floor":39.0,"turns":4.0},{"damage":0.0,"enemies":"Jaw Worm Horde","floor":41.0,"turns":4.0},{"damage":0,"enemies":"Reptomancer","floor":42,"turns":3},{"damage":13,"enemies":"Nemesis","floor":45,"turns":8},{"damage":0,"enemies":"Giant Head","floor":47,"turns":4},{"damage":6,"enemies":"Awakened One","floor":50,"turns":7},{"damage":7,"enemies":"Donu and Deca","floor":51,"turns":5},{"damage":30,"enemies":"Shield and Spear","floor":55,"turns":5},{"damage":51,"enemies":"The Heart","floor":56,"turns":9}],"seed_played":"-4355460958802065790","potions_obtained":[{"floor":11.0,"key":"SteroidPotion"},{"floor":12.0,"key":"SteroidPotion"},{"floor":18.0,"key":"LiquidMemories"},{"floor":25.0,"key":"Energy Potion"},{"floor":28.0,"key":"Block Potion"},{"floor":37.0,"key":"FearPotion"},{"floor":39.0,"key":"EssenceOfSteel"},{"floor":45,"key":"BlessingOfTheForge"},{"floor":47,"key":"EssenceOfSteel"},{"floor":55,"key":"Explosive Potion"}],"is_trial":false,"path_per_floor":["M","?","M","M","M","R","E","?","T","T","E","M","R","M","R","B",null,"M","M","M","?","M","R","$","E","T","M","E","M","R","$","R","B",null,"M","?","?","M","M","R","M","E","T","R","E","R","E","T","R","B","B",null,"R","$","E","B",null],"character_chosen":"WATCHER","items_purchased":["OrangePellets","Fasting2","Protect","Tantrum","Fasting2","Fasting2","Nirvana","Secret Weapon"],"campfire_rested":2,"item_purchase_floors":[24,24,24,24,54,54,54,54],"current_hp_per_floor":[54,54,54,50,40,40,38,38,38,38,38,40,40,40,40,31,62,64,54,38,38,31,53,53,53,53,53,47,48,48,48,48,48,72,72,62,64,55,47,47,49,51,51,51,52,52,52,52,52,58,51,82,92,92,62,23],"gold":45,"neow_bonus":"BOSS_RELIC","is_daily":false,"chose_seed":false,"campfire_upgraded":8,"win_rate":0.0,"timestamp":1612481348,"path_taken":["M","?","M","M","?","R","E","?","T","?","E","?","R","M","R","BOSS","M","?","M","?","M","R","$","E","T","?","E","M","R","?","R","BOSS","M","?","?","M","M","R","M","E","T","R","E","R","E","?","R","BOSS","BOSS","R","$","E","BOSS"],"items_purchased_type":["Relic","Card","Card","Card","Card","Card","Card","Card"],"build_version":"2020-12-18","purchased_purges":2,"victory":true,"max_hp_per_floor":[68,68,68,68,68,68,68,68,68,68,68,70,70,70,70,72,72,74,74,74,74,76,76,76,76,76,76,78,80,80,80,80,80,80,80,80,82,84,86,86,88,90,90,90,92,92,92,92,92,92,92,92,92,92,92,92],"relic_stats":{"Singing Bowl":24,"counters":[30,130],"Yang":[294],"StoneCalendar":[1],"Pen Nib":[6],"MawBank":144,"Mercury Hourglass":[468],"OrangePellets":[42],"Mummified Hand":[44],"Ornamental Fan":[48],"Sundial":[0],"Tiny Chest":1,"VioletLotus":[39],"obtain_stats":[{"Singing Bowl":11,"Yang":2,"StoneCalendar":37,"The Courier":45,"Pen Nib":48,"Ancient Tea Set":8,"MawBank":42,"Mercury Hourglass":10,"Runic Dome":0,"OrangePellets":24,"SlaversCollar":34,"HornCleat":7,"Mummified Hand":9,"Ornamental Fan":47,"Sundial":55,"Tiny Chest":28,"VioletLotus":17,"PureWater":0,"StrikeDummy":43,"Meat on the Bone":25},{"Singing Bowl":6,"Yang":1,"StoneCalendar":20,"The Courier":25,"Pen Nib":26,"Ancient Tea Set":5,"MawBank":24,"Mercury Hourglass":5,"Runic Dome":0,"OrangePellets":13,"SlaversCollar":18,"HornCleat":5,"Mummified Hand":5,"Ornamental Fan":26,"Sundial":29,"Tiny Chest":16,"VioletLotus":9,"PureWater":0,"StrikeDummy":24,"Meat on the Bone":14},{"Singing Bowl":21,"Yang":3,"StoneCalendar":78,"The Courier":100,"Pen Nib":104,"Ancient Tea Set":18,"MawBank":92,"Mercury Hourglass":18,"Runic Dome":0,"OrangePellets":47,"SlaversCollar":69,"HornCleat":18,"Mummified Hand":18,"Ornamental Fan":104,"Sundial":121,"Tiny Chest":59,"VioletLotus":33,"PureWater":0,"StrikeDummy":92,"Meat on the Bone":51}],"Meat on the Bone":36},"card_choices":[{"not_picked":["SashWhip","ThirdEye"],"picked":"CutThroughFate","floor":1.0},{"not_picked":["CutThroughFate","Evaluate"],"picked":"CrushJoints","floor":3.0},{"not_picked":["FlurryOfBlows","Collect"],"picked":"Meditate","floor":4.0},{"not_picked":["EmptyFist","PathToVictory"],"picked":"FollowUp","floor":5.0},{"not_picked":["BowlingBash","JustLucky"],"picked":"WaveOfTheHand","floor":7.0},{"not_picked":["DevaForm","Wallop"],"picked":"SandsOfTime","floor":11.0},{"not_picked":["ClearTheMind","Consecrate","JustLucky"],"picked":"Singing Bowl","floor":12.0},{"not_picked":["Consecrate","Brilliance"],"picked":"Indignation","floor":14.0},{"not_picked":["Brilliance","Alpha","ConjureBlade"],"picked":"Singing Bowl","floor":16.0},{"not_picked":["ClearTheMind","ForeignInfluence","Weave"],"picked":"Singing Bowl","floor":18.0},{"not_picked":["Prostrate","SashWhip"],"picked":"TalkToTheHand","floor":19.0},{"not_picked":["Study+1","Prostrate"],"picked":"Vault","floor":20.0},{"not_picked":["EmptyFist","ForeignInfluence","CrushJoints"],"picked":"Singing Bowl","floor":22.0},{"not_picked":["BattleHymn","Indignation+1"],"picked":"ThirdEye","floor":25.0},{"not_picked":["BowlingBash","ReachHeaven+1"],"picked":"Meditate","floor":27.0},{"not_picked":["PathToVictory","Tantrum","WindmillStrike"],"picked":"Singing Bowl","floor":28.0},{"not_picked":["Swivel+1","JustLucky+1","SandsOfTime"],"picked":"Singing Bowl","floor":29.0},{"not_picked":["Alpha","Wish"],"picked":"Omniscience","floor":33.0},{"not_picked":["Prostrate+1","CrushJoints"],"picked":"CutThroughFate+1","floor":35.0},{"not_picked":["Sadistic Nature","Dark Shackles"],"picked":"Secret Technique","floor":36.0},{"not_picked":["Deep Breath","Bandage Up"],"picked":"Flash of Steel","floor":36.0},{"not_picked":["PanicButton","Purity"],"picked":"Dark Shackles","floor":36.0},{"not_picked":["ClearTheMind","SignatureMove","Conclude+1"],"picked":"Singing Bowl","floor":37.0},{"not_picked":["SashWhip","EmptyBody","FearNoEvil"],"picked":"Singing Bowl","floor":38.0},{"not_picked":["Perseverance","Conclude","Consecrate+1"],"picked":"Singing Bowl","floor":39.0},{"not_picked":["Evaluate","Pray+1","CutThroughFate"],"picked":"Singing Bowl","floor":41.0},{"not_picked":["Blasphemy","SignatureMove","WaveOfTheHand"],"picked":"Singing Bowl","floor":42},{"not_picked":["Worship","WaveOfTheHand","BowlingBash"],"picked":"Singing Bowl","floor":45},{"not_picked":["EmptyBody+1","Indignation+1"],"picked":"Halt","floor":47},{"not_picked":["CrushJoints+1","Swivel"],"picked":"EmptyBody+1","floor":55}],"player_experience":1129321,"relics_obtained":[{"floor":7.0,"key":"HornCleat"},{"floor":9.0,"key":"Mummified Hand"},{"floor":10.0,"key":"Mercury Hourglass"},{"floor":11.0,"key":"Singing Bowl"},{"floor":25.0,"key":"Meat on the Bone"},{"floor":28.0,"key":"Tiny Chest"},{"floor":37.0,"key":"StoneCalendar"},{"floor":42,"key":"MawBank"},{"floor":43,"key":"StrikeDummy"},{"floor":45,"key":"The Courier"},{"floor":47,"key":"Ornamental Fan"},{"floor":48,"key":"Pen Nib"},{"floor":55,"key":"Sundial"}],"event_choices":[{"damage_healed":0.0,"max_hp_gain":0.0,"max_hp_loss":0.0,"gold_gain":0.0,"event_name":"WeMeetAgain","player_choice":"Paid Gold","floor":2.0,"gold_loss":85.0,"damage_taken":0.0,"relics_obtained":["Yang"]},{"damage_healed":0.0,"max_hp_gain":0.0,"max_hp_loss":0.0,"gold_gain":30.0,"event_name":"Dead Adventurer","player_choice":"Searched \u00272\u0027 times","floor":8.0,"gold_loss":0.0,"damage_taken":0.0,"relics_obtained":["Ancient Tea Set"]},{"cards_removed":["Defend_P"],"damage_healed":0.0,"max_hp_gain":0.0,"max_hp_loss":0.0,"gold_gain":0.0,"event_name":"Bonfire Elementals","player_choice":"Offered Basic","floor":21.0,"gold_loss":0.0,"damage_taken":0.0},{"damage_healed":0.0,"max_hp_gain":0.0,"max_hp_loss":0.0,"gold_gain":0.0,"event_name":"SensoryStone","player_choice":"Memory 3","floor":36.0,"gold_loss":0.0,"damage_taken":10.0},{"damage_healed":0.0,"max_hp_gain":0.0,"max_hp_loss":0.0,"gold_gain":0.0,"event_name":"MindBloom","player_choice":"Fight","floor":37.0,"gold_loss":0.0,"damage_taken":0.0}],"is_beta":true,"boss_relics":[{"not_picked":["Velvet Choker","Coffee Dripper"],"picked":"VioletLotus"},{"not_picked":["Black Star","Fusion Hammer"],"picked":"SlaversCollar"}],"items_purged_floors":[31,54],"is_endless":false,"potions_floor_spawned":[11,12,14,18,25,27,28,37,38,39,45,47,55],"ascension_level":20}}