{"host":"74dg6ta44i9qan6e","time":1612469258,"event":{"mods":["Act Like it!","BaseMod","Downfall","Hubris","Infinite Spire","Minty Spire (QoL Compilation)","Replay The Spire","StSLib","Waifu the Spire"],"gold_per_floor":[99,109,94,106,91,541,541,541,341,27,54,54,81,93,110,110,110,110],"floor_reached":16,"language":"ENG","playtime":905,"items_purged":["downfall:Icky"],"score":135,"play_id":"419ccfd4-29df-48a6-89ac-acbb57bf01d8","local_time":"20210204150738","is_ascension_mode":true,"campfire_choices":[{"floor":1,"key":"RECALL"},{"data":"sneckomod:SnekBite","floor":9,"key":"SMITH"},{"data":"sneckomod:UnknownBoss","floor":12,"key":"SMITH"}],"circlet_count":0,"master_deck":["sneckomod:Strike+1","sneckomod:Strike","sneckomod:Strike","sneckomod:Defend","sneckomod:Defend","sneckomod:Defend","sneckomod:TailWhip","sneckomod:SnekBite+1","sneckomod:Unknown","sneckomod:Unknown","sneckomod:UnendingSupply","sneckomod:SlitherStrike","sneckomod:MasterEye","sneckomod:UnknownClassINFINITE_BLACK","downfall:Icky","downfall:Icky","sneckomod:UnknownBoss+1","sneckomod:SerpentIdol","sneckomod:DiceBoulder","sneckomod:DiceBlock","sneckomod:SoulDraw","sneckomod:SnakeSap"],"relics":["Sozu","downfall:HeartBlessingBlue","downfall:HeartBlessingRed","sneckomod:SleevedAce","Toy Ornithopter","Mercury Hourglass"],"acts_visited":["Exordium"],"potions_floor_usage":[],"damage_taken":[{"damage":2,"enemies":"Jaw Worm","floor":2,"turns":3},{"damage":15,"enemies":"downfall:FleeingMerchant","floor":3,"turns":4},{"damage":7,"enemies":"Small Slimes","floor":4,"turns":3},{"damage":5,"enemies":"downfall:FleeingMerchant","floor":5,"turns":4},{"damage":10,"enemies":"downfall:FleeingMerchant","floor":10,"turns":4},{"damage":8,"enemies":"Gremlin Nob","floor":11,"turns":3},{"damage":15,"enemies":"3 Sentries","floor":13,"turns":7},{"damage":0,"enemies":"2 Louse","floor":14,"turns":2},{"damage":14,"enemies":"Large Slime","floor":15,"turns":5},{"damage":62,"enemies":"WA_ARCHETYPE_RETAIN","floor":16,"turns":5}],"seed_played":"3318000234301541750","potions_obtained":[],"is_trial":false,"path_per_floor":["R","M","$","M","$","?","T","?","R","$","E","R","E","M","M","B"],"character_chosen":"THE_SNECKO","items_purchased":["sneckomod:SleevedAce","sneckomod:SerpentIdol"],"campfire_rested":0,"item_purchase_floors":[10,10],"current_hp_per_floor":[90,88,83,76,71,71,71,71,81,71,63,63,48,48,34,0,0,0],"gold":110,"neow_bonus":"BOSS_RELIC","is_daily":false,"chose_seed":false,"campfire_upgraded":2,"win_rate":0.0,"timestamp":1612469258,"path_taken":["R","M","$","M","$","?","T","?","R","$","E","R","E","M","M","BOSS"],"items_purchased_type":["Relic","Card"],"build_version":"2020-12-22","purchased_purges":1,"victory":false,"max_hp_per_floor":[90,90,90,90,90,90,90,90,100,100,100,100,100,100,100,100,100,100],"card_choices":[{"not_picked":["sneckomod:Unknown1Cost","sneckomod:DefensiveFlair"],"picked":"sneckomod:UnendingSupply","floor":2},{"not_picked":["sneckomod:Unknown2Cost","sneckomod:RainOfDice"],"picked":"sneckomod:SlitherStrike","floor":3},{"not_picked":["sneckomod:DiceBoulder","sneckomod:QuickBite"],"picked":"sneckomod:MasterEye","floor":4},{"not_picked":["sneckomod:DiceBlock","sneckomod:UnknownBlock"],"picked":"sneckomod:UnknownClassINFINITE_BLACK","floor":5},{"not_picked":["sneckomod:UnknownClassGUARDIAN","sneckomod:ImprovisedAttack"],"picked":"sneckomod:UnknownBoss","floor":10},{"not_picked":["sneckomod:UnknownClassGUARDIAN","sneckomod:MasterEye"],"picked":"sneckomod:DiceBoulder","floor":11},{"not_picked":["sneckomod:UnknownColorless","sneckomod:UnknownBlock"],"picked":"sneckomod:DiceBlock","floor":13},{"not_picked":["sneckomod:UnknownClassHEXA_GHOST_PURPLE","sneckomod:DiceBlock"],"picked":"sneckomod:SoulDraw","floor":14},{"not_picked":["sneckomod:UnknownUncommonPower","sneckomod:DangerNoodle"],"picked":"sneckomod:SnakeSap","floor":15}],"player_experience":564383,"relics_obtained":[{"floor":11,"key":"Toy Ornithopter"},{"floor":13,"key":"Mercury Hourglass"}],"event_choices":[],"is_beta":false,"boss_relics":[],"items_purged_floors":[10],"is_endless":false,"potions_floor_spawned":[2,4,14,15],"killed_by":"WA_ARCHETYPE_RETAIN","ascension_level":5}}