{"host":"bwf6jt0gyax88i3l","time":1612415665,"event":{"mods":["AchievementEnabler","Act Like it!","BaseMod","Colored Map","Colored Powertips","Conspire","Downfall","Gensokyo","Hero for Fun","Highlight Path","Hubris","Infinite Spire","Minty Spire (QoL Compilation)","Quick Restart","Shop Mod","StSLib","Td1madao Mod","The Administrix","The Bladedancer","The Mystic","The Wild Card"],"gold_per_floor":[113,131,131,131,147,147,147],"floor_reached":6,"language":"ENG","playtime":358,"items_purged":[],"score":36,"play_id":"dbbe96df-77be-4491-838e-346a079cf516","local_time":"20210203211425","is_ascension_mode":false,"campfire_choices":[],"circlet_count":0,"master_deck":["mysticmod:Strike_Mystic","mysticmod:Strike_Mystic","mysticmod:Strike_Mystic","mysticmod:Strike_Mystic","mysticmod:Defend_Mystic","mysticmod:Defend_Mystic","mysticmod:Defend_Mystic","mysticmod:Defend_Mystic","mysticmod:ArcaneDodge","mysticmod:ShockingGrasp","mysticmod:KeenEdge"],"relics":["mysticmod:SpellBook","hubris:ToyBattleship"],"acts_visited":["Exordium"],"potions_floor_usage":[],"damage_taken":[{"damage":2,"enemies":"Jaw Worm","floor":1,"turns":2},{"damage":0,"enemies":"Cultist","floor":2,"turns":5},{"damage":7,"enemies":"2 Louse","floor":5,"turns":3},{"damage":60,"enemies":"Lagavulin","floor":6,"turns":9}],"seed_played":"813107745789598266","potions_obtained":[],"is_trial":false,"path_per_floor":["M","M","?","?","M","E"],"character_chosen":"MYSTIC_CLASS","items_purchased":[],"campfire_rested":0,"item_purchase_floors":[],"current_hp_per_floor":[82,82,75,80,73,13,13],"gold":147,"neow_bonus":"TEN_PERCENT_HP_BONUS","is_daily":false,"chose_seed":false,"campfire_upgraded":0,"win_rate":0.0,"timestamp":1612415665,"path_taken":["M","M","?","?","M","E"],"items_purchased_type":[],"build_version":"2020-12-22","purchased_purges":0,"victory":false,"max_hp_per_floor":[84,84,84,84,84,84,84],"card_choices":[{"not_picked":["mysticmod:Daze","mysticmod:PureInstinct"],"picked":"mysticmod:Alacrity","floor":1},{"not_picked":["mysticmod:LightningBolt","mysticmod:PowerSlash"],"picked":"mysticmod:KeenEdge","floor":2},{"not_picked":["mysticmod:Fly","mysticmod:Stoneskin","mysticmod:Grapple"],"picked":"SKIP","floor":5}],"player_experience":45491,"relics_obtained":[],"event_choices":[{"damage_healed":0,"gold_gain":0,"player_choice":"Success","damage_taken":7,"relics_obtained":["hubris:ToyBattleship"],"max_hp_gain":0,"max_hp_loss":0,"event_name":"Scrap Ooze","floor":3,"gold_loss":0},{"cards_removed":["mysticmod:Alacrity"],"damage_healed":5,"gold_gain":0,"player_choice":"Offered Common","damage_taken":0,"max_hp_gain":0,"max_hp_loss":0,"event_name":"Bonfire Elementals","floor":4,"gold_loss":0},{"cards_removed":["mysticmod:Alacrity"],"damage_healed":5,"gold_gain":0,"player_choice":"Offered Special","damage_taken":0,"max_hp_gain":0,"max_hp_loss":0,"event_name":"Bonfire Elementals","floor":4,"gold_loss":0}],"is_beta":false,"boss_relics":[],"items_purged_floors":[],"is_endless":false,"potions_floor_spawned":[],"killed_by":"Lagavulin","ascension_level":0}}