{"host":"eaiphzh066bwqdh7","time":1612397619,"event":{"mods":["BaseMod","Better Note","Halation","Hubris","Minty Spire (QoL Compilation)","Reliquary","Replay The Spire","StSLib"],"gold_per_floor":[115,115,134,134,150,128,128,146,169,197,209,221,221],"floor_reached":12,"language":"ENG","playtime":398,"items_purged":[],"score":101,"play_id":"cfef7859-7114-432a-8457-1df19e193b93","local_time":"20210203191339","is_ascension_mode":true,"campfire_choices":[{"floor":7,"key":"REST"},{"floor":11,"key":"REST"}],"circlet_count":0,"master_deck":["Strike_P","Strike_P","Strike_P","Strike_P","Defend_P","Defend_P","Defend_P","Defend_P","Eruption","Vigilance","Wireheading","Prostrate","Devotion","Fasting2"],"relics":["PureWater","NeowsBlessing","NlothsMask","hubris:Icosahedron","Tiny Chest","MawBank"],"acts_visited":["Exordium"],"potions_floor_usage":[6,6,10,10,12],"damage_taken":[{"damage":0,"enemies":"Small Slimes","floor":1,"turns":1},{"damage":0,"enemies":"Cultist","floor":3,"turns":1},{"damage":0,"enemies":"Jaw Worm","floor":5,"turns":1},{"damage":69,"enemies":"Lagavulin","floor":6,"turns":11},{"damage":14,"enemies":"Large Slime","floor":8,"turns":7},{"damage":7,"enemies":"3 Sentries","floor":10,"turns":10},{"damage":27,"enemies":"Gremlin Nob","floor":12,"turns":3}],"seed_played":"1918562747490442392","potions_obtained":[{"floor":3,"key":"BlessingOfTheForge"},{"floor":5,"key":"Dexterity Potion"},{"floor":8,"key":"PowerPotion"},{"floor":10,"key":"LiquidMemories"}],"is_trial":false,"path_per_floor":["M","?","M","?","M","E","R","M","T","E","R","E"],"character_chosen":"WATCHER","items_purchased":[],"campfire_rested":2,"item_purchase_floors":[],"current_hp_per_floor":[72,72,72,72,72,3,24,10,10,3,24,0,0],"gold":221,"neow_bonus":"THREE_ENEMY_KILL","is_daily":false,"chose_seed":false,"campfire_upgraded":0,"win_rate":0.0,"timestamp":1612397619,"path_taken":["M","?","?","?","M","E","R","M","T","E","R","E"],"items_purchased_type":[],"build_version":"2020-12-22","purchased_purges":0,"victory":false,"max_hp_per_floor":[72,72,72,72,72,72,72,72,72,72,72,72,72],"card_choices":[{"not_picked":["Prostrate","MentalFortress"],"picked":"Wireheading","floor":1},{"not_picked":["FollowUp","TalkToTheHand","FlurryOfBlows"],"picked":"SKIP","floor":3},{"not_picked":["Replay:Battleflow","SashWhip"],"picked":"Prostrate","floor":5},{"not_picked":["ThirdEye","Indignation"],"picked":"Devotion","floor":6},{"not_picked":["JustLucky","ClearTheMind","Evaluate"],"picked":"SKIP","floor":8},{"not_picked":["Evaluate","Indignation"],"picked":"Fasting2","floor":10}],"player_experience":243277,"relics_obtained":[{"floor":6,"key":"Tiny Chest"},{"floor":10,"key":"MawBank"}],"event_choices":[{"damage_healed":0,"gold_gain":0,"player_choice":"Trade","damage_taken":0,"relics_obtained":["NlothsMask"],"max_hp_gain":0,"max_hp_loss":0,"event_name":"FaceTrader","floor":2,"gold_loss":0}],"is_beta":false,"boss_relics":[],"items_purged_floors":[],"is_endless":false,"potions_floor_spawned":[3,5,8,10],"killed_by":"Gremlin Nob","ascension_level":3}}