{"host":"vddnn8yddbh0df4g","time":1612477898,"event":{"mods":["Act Like it!","BaseMod","Beaked The Cultist","Bestiary","Clockwork Mod","Downfall","Minty Spire (QoL Compilation)","Shop Mod","StSLib","SuperFastMode","The Construct","The Runesmith"],"gold_per_floor":[99,109,123,138,313,313,313,332,366,378,478,489,389,414,430,430,430,430],"floor_reached":16,"language":"ENG","playtime":1061,"items_purged":[],"score":125,"play_id":"880beb1e-879b-4a6b-b7af-7d78d1a3d747","local_time":"20210204173138","is_ascension_mode":true,"campfire_choices":[{"data":"sneckomod:Unknown","floor":1.0,"key":"SMITH"},{"data":"sneckomod:SnekBite","floor":6,"key":"SMITH"},{"floor":13,"key":"REST"}],"circlet_count":0,"master_deck":["sneckomod:Strike+1","sneckomod:Strike+1","sneckomod:Defend","sneckomod:Defend","sneckomod:Defend","sneckomod:TailWhip","sneckomod:SnekBite+1","sneckomod:Unknown+1","sneckomod:Unknown","sneckomod:UnknownDexterity","sneckomod:UnendingSupply","sneckomod:IronFang","sneckomod:QuickBite","sneckomod:SlitherStrike+1","sneckomod:Unknown0Cost","sneckomod:UnknownClassCLOCKWORK","sneckomod:SoulRoll","sneckomod:UnknownRarePower"],"relics":["sneckomod:SneckoSoul","Guardian:GemstoneGun","Whetstone","Eternal Feather","downfall:HeartBlessingGreen","Gremlin Horn","Clockwork:BloodPhial","Clockwork:SomewhatSmoothStone"],"acts_visited":["Exordium"],"potions_floor_usage":[11,14,15,15],"damage_taken":[{"damage":0.0,"enemies":"2 Louse","floor":2.0,"turns":1.0},{"damage":0.0,"enemies":"Jaw Worm","floor":3.0,"turns":1.0},{"damage":11.0,"enemies":"Small Slimes","floor":4.0,"turns":5.0},{"damage":9,"enemies":"Blue Slaver","floor":8,"turns":3},{"damage":4,"enemies":"Gremlin Nob","floor":9,"turns":3},{"damage":5,"enemies":"Large Slime","floor":10,"turns":6},{"damage":50,"enemies":"downfall:Heads","floor":11,"turns":9},{"damage":0,"enemies":"Exordium Thugs","floor":12,"turns":2},{"damage":3,"enemies":"Lagavulin","floor":14,"turns":5},{"damage":36,"enemies":"Red Slaver","floor":15,"turns":9},{"damage":0,"enemies":"DF_ARCHETYPE_STREAMLINE","floor":16,"turns":1}],"seed_played":"-228221360642332173","potions_obtained":[{"floor":2.0,"key":"construct:ShiftPotion"},{"floor":10,"key":"Weak Potion"},{"floor":11,"key":"Swift Potion"},{"floor":12,"key":"GamblersBrew"},{"floor":14,"key":"Swift Potion"}],"is_trial":false,"path_per_floor":["R","M","M","M","?","R","T","M","E","M","?","M","R","E","M","B"],"character_chosen":"THE_SNECKO","items_purchased":[],"campfire_rested":1,"item_purchase_floors":[],"current_hp_per_floor":[81,81,81,70,70,70,70,61,57,52,2,2,35,32,2,4,4,4],"gold":430,"neow_bonus":"ONE_RARE_RELIC","is_daily":false,"chose_seed":false,"campfire_upgraded":2,"win_rate":0.0,"timestamp":1612477898,"path_taken":["R","M","M","M","?","R","T","M","E","M","?","M","R","E","M","BOSS"],"items_purchased_type":[],"build_version":"2020-12-22","purchased_purges":0,"victory":false,"max_hp_per_floor":[81,81,81,81,81,81,81,81,81,81,81,81,81,81,81,81,81,81],"card_choices":[{"not_picked":["sneckomod:Unknown2Cost","sneckomod:SoulRoll"],"picked":"sneckomod:UnknownDexterity","floor":2.0},{"not_picked":["sneckomod:SerpentIdol","sneckomod:Unknown0Cost"],"picked":"sneckomod:UnendingSupply","floor":3.0},{"not_picked":["sneckomod:UnendingSupply","sneckomod:UnknownDexterity"],"picked":"sneckomod:IronFang","floor":4.0},{"not_picked":["sneckomod:UnknownStrike","sneckomod:QuickMove"],"picked":"sneckomod:QuickBite","floor":8},{"not_picked":["sneckomod:DiceBlock","sneckomod:UnknownClassBEAKED_YELLOW"],"picked":"sneckomod:SlitherStrike","floor":9},{"not_picked":["sneckomod:UnknownBlock","sneckomod:UnknownClassRUNESMITH_BEIGE"],"picked":"sneckomod:Unknown0Cost","floor":10},{"not_picked":["sneckomod:RainOfDice","sneckomod:SnakeSap"],"picked":"sneckomod:SoulRoll","floor":11},{"not_picked":["sneckomod:UnknownCommonAttack","sneckomod:UnknownClassRUNESMITH_BEIGE","sneckomod:DiceBlock"],"picked":"SKIP","floor":12},{"not_picked":["sneckomod:RainOfDice","sneckomod:UnknownExhaust"],"picked":"sneckomod:UnknownRarePower","floor":14},{"not_picked":["sneckomod:UnknownUncommonSkill","sneckomod:SoulCleanse","sneckomod:UnknownCommonSkill"],"picked":"SKIP","floor":15}],"player_experience":733182,"relics_obtained":[{"floor":7,"key":"Whetstone"},{"floor":9,"key":"Eternal Feather"},{"floor":14,"key":"Gremlin Horn"}],"event_choices":[],"is_beta":false,"boss_relics":[],"items_purged_floors":[],"is_endless":false,"potions_floor_spawned":[2,10,11,12,14],"killed_by":"DF_ARCHETYPE_STREAMLINE","ascension_level":2}}