{"host":"h3ybbam5olp21xet","time":1612397655,"event":{"mods":["BaseMod","BetterRewards","Downfall","Hermit","Hubris","Infinite Spire","Jorbs\u0027s Wanderer Trilogy","Minty Spire (QoL Compilation)","Replay The Spire","StSLib","The Bug Knight","The Construct","The Cursed","The Hierophant","The Necromancer","The Runesmith"],"gold_per_floor":[117,117,127,144,157,157,14,24,51,51,51,63,63,81,81,180,180,195,195,195,116,116,116,144,159,208,208,227,247,277,295,295,398,398,411,423,153,166,166,196,196,196,196],"floor_reached":42,"language":"ENG","playtime":2646,"items_purged":[],"score":510,"play_id":"246a16f4-0511-481f-8d1f-8a9008b2a757","local_time":"20210203181415","is_ascension_mode":false,"campfire_choices":[{"data":"Skeleton_Dragon","floor":6,"key":"SMITH"},{"floor":13,"key":"REST"},{"data":"Shade_Step","floor":15,"key":"SMITH"},{"data":"Summon_Vampire_Lady","floor":23,"key":"SMITH"},{"data":"Cloudkill","floor":27,"key":"SMITH"},{"floor":32,"key":"REST"}],"circlet_count":0,"master_deck":["Strike_W","Strike_W","Defend_W","Negative_Energy_Arrows","Bone_Wall","Plague_Bolt","Bone_Armor","Skeleton_Dragon+1","Shade_Step+1","Bone_Shift","Skeleton_Dragon+1","Slay_Living","Bone_Armor","Negative_Energy_Burst+1","Summon_Vampire_Lady+1","Deaths_Shadow+1","Life_Drain+1","Negative_Energy_Shield+1","Finger_Of_Death+1","Uncharnel","Summon_Lich","Cloudkill+1","Summon_Undead","Bone_Prison","Plague_Bolt+1","Summon_Death_Knight","Toxic_Smoke_Screen+1","Negative_Energy_Burst","Summon_Lich+1","Master of Strategy","Negative_Energy_Mist","Exploit+1","stsjorbsmod:Amnesia","hubris:Fate","Summon_Lich","Chill_Blood"],"relics":["Vampire_Amulet","Omamori","DollysMirror","Regal Pillow","Astrolabe","HollowMod:PaleOreRelic","hubris:PeanutButter","Whetstone","HollowMod:StagPassRelic","Philosopher\u0027s Stone","Pet Ghost"],"acts_visited":["Exordium","TheCity","TheBeyond"],"potions_floor_usage":[16,30,30,33,40,40],"damage_taken":[{"damage":4,"enemies":"Cultist","floor":1,"turns":4},{"damage":3,"enemies":"Small Slimes","floor":3,"turns":5},{"damage":1,"enemies":"2 Louse","floor":4,"turns":2},{"damage":12,"enemies":"Red Slaver","floor":5,"turns":6},{"damage":4,"enemies":"Blue Slaver","floor":8,"turns":6},{"damage":22,"enemies":"3 Louse","floor":12,"turns":6},{"damage":10,"enemies":"Large Slime","floor":14,"turns":6},{"damage":7,"enemies":"Fading Forest","floor":16,"turns":11},{"damage":37,"enemies":"3 Byrds","floor":18,"turns":6},{"damage":30,"enemies":"Replay:Snechameleon","floor":24,"turns":9},{"damage":21,"enemies":"Snecko","floor":25,"turns":5},{"damage":37,"enemies":"Sentry and Sphere","floor":28,"turns":7},{"damage":20,"enemies":"Chosen and Byrds","floor":29,"turns":7},{"damage":40,"enemies":"Nightmare","floor":30,"turns":8},{"damage":31,"enemies":"Shelled Parasite and Fungi","floor":31,"turns":6},{"damage":72,"enemies":"Champ","floor":33,"turns":12},{"damage":3,"enemies":"3 Shapes","floor":35,"turns":5},{"damage":38,"enemies":"3 Darklings","floor":36,"turns":5},{"damage":22,"enemies":"Sphere and 2 Shapes","floor":38,"turns":6},{"damage":57,"enemies":"Giant Head","floor":40,"turns":10},{"damage":23,"enemies":"Spire Growth","floor":42,"turns":4}],"seed_played":"9038484592784132047","potions_obtained":[{"floor":1,"key":"Strength Potion"},{"floor":5,"key":"SkillPotion"},{"floor":16,"key":"Energy Potion"},{"floor":24,"key":"Regen Potion"},{"floor":28,"key":"SkillPotion"},{"floor":36,"key":"LiquidMemories"},{"floor":38,"key":"DuplicationPotion"},{"floor":40,"key":"CultistPotion"}],"is_trial":false,"path_per_floor":["M","?","M","M","M","R","$","M","T","$","?","M","R","M","R","B",null,"M","?","?","$","?","R","E","M","T","R","M","M","NM","M","R","B",null,"M","M","$","M","?","E","?","M"],"character_chosen":"NECROMANCER","items_purchased":["DollysMirror","Summon_Lich","Summon_Lich+1","Master of Strategy","Negative_Energy_Mist"],"campfire_rested":2,"item_purchase_floors":[7,21,37,37,37],"current_hp_per_floor":[73,73,74,75,65,65,65,63,63,63,63,47,75,69,69,75,75,69,69,69,69,69,69,72,59,59,59,45,35,31,22,59,32,75,75,39,39,32,32,17,17,0,0],"gold":196,"neow_bonus":"THREE_CARDS","is_daily":false,"chose_seed":false,"campfire_upgraded":4,"win_rate":0.0,"timestamp":1612397655,"path_taken":["M","?","M","M","?","R","$","M","T","?","?","M","R","M","R","BOSS","M","?","?","$","?","R","E","?","T","R","M","M","NM","M","R","BOSS","M","?","?","?","?","E","?","M"],"items_purchased_type":["Relic","Card","Card","Card","Card"],"build_version":"2020-12-22","purchased_purges":0,"victory":false,"max_hp_per_floor":[75,75,75,75,75,75,75,75,75,75,75,75,75,75,75,75,75,75,75,75,75,75,75,75,75,75,75,75,75,75,75,75,75,75,75,75,75,75,75,75,75,75,75],"card_choices":[{"not_picked":["Blood_Curse","Negative_Energy_Sphere"],"picked":"Plague_Bolt","floor":0},{"not_picked":["Negative_Energy_Sphere","Blood_Is_Power"],"picked":"Bone_Armor","floor":1},{"not_picked":["Blood_Whip","Death_Coil"],"picked":"Skeleton_Dragon","floor":3},{"not_picked":["Uncharnel","Blood_Shield"],"picked":"Shade_Step","floor":4},{"not_picked":["Negative_Energy_Burst","Bone_Spikes"],"picked":"Bone_Shift","floor":5},{"not_picked":["Consume_Illness","Negative_Energy_Burst"],"picked":"Slay_Living","floor":8},{"not_picked":["Life_Drain","Negative_Energy_Shield"],"picked":"Bone_Armor","floor":12},{"not_picked":["Uncharnel","Negative_Energy_Javelin"],"picked":"Negative_Energy_Burst","floor":14},{"not_picked":["Reap_The_Weak","Blood_Wake"],"picked":"Summon_Vampire_Lady","floor":16},{"not_picked":["Death_Coil","Siphon_Strength"],"picked":"Finger_Of_Death","floor":18},{"not_picked":["Flesh_Made_Foul","Blood_Whip","Chill_Blood"],"picked":"SKIP","floor":24},{"not_picked":["Scare","Negative_Energy_Sphere"],"picked":"Cloudkill","floor":25},{"not_picked":["Scare","Siphon_Strength","Necromantic_Selection"],"picked":"SKIP","floor":28},{"not_picked":["Strike_from_Beyond","Life_Tap"],"picked":"Summon_Undead","floor":29},{"not_picked":["Bone_Spikes","Death_March_Dance"],"picked":"Bone_Prison","floor":30},{"not_picked":["Spectral_Armor","Death_Coil"],"picked":"Plague_Bolt+1","floor":31},{"not_picked":["Reap_The_Weak","Detonate_Bones"],"picked":"Summon_Death_Knight","floor":33},{"not_picked":["Pandemic","Death_Coil+1"],"picked":"Toxic_Smoke_Screen+1","floor":35},{"not_picked":["Acid_Javelin","Shackles_Of_Pain+1"],"picked":"Negative_Energy_Burst","floor":36},{"not_picked":["Consume_Illness","Spectral_Armor+1"],"picked":"Exploit+1","floor":38},{"not_picked":["infinitespire:FinalStrike","infinitespire:NeuralNetwork"],"picked":"hubris:Fate","floor":39},{"not_picked":["Blood_Shield+1","Blood_for_Blood+1"],"picked":"Summon_Lich","floor":40}],"player_experience":669823,"relics_obtained":[{"floor":9,"key":"Regal Pillow"},{"floor":24,"key":"hubris:PeanutButter"},{"floor":26,"key":"Whetstone"},{"floor":30,"key":"HollowMod:StagPassRelic"},{"floor":40,"key":"Pet Ghost"}],"event_choices":[{"damage_healed":0,"gold_gain":0,"player_choice":"Gave Potion","damage_taken":0,"relics_obtained":["Omamori"],"max_hp_gain":0,"max_hp_loss":0,"event_name":"WeMeetAgain","floor":2,"gold_loss":0},{"cards_removed":["Strike_W"],"damage_healed":0,"gold_gain":0,"player_choice":"Purged","damage_taken":0,"max_hp_gain":0,"max_hp_loss":0,"event_name":"Purifier","floor":11,"gold_loss":0},{"damage_healed":0,"gold_gain":0,"player_choice":"Read","damage_taken":0,"max_hp_gain":0,"max_hp_loss":0,"event_name":"The Library","floor":19,"gold_loss":0,"cards_obtained":["Uncharnel"]},{"damage_healed":0,"gold_gain":0,"player_choice":"Opened","damage_taken":0,"relics_obtained":["HollowMod:PaleOreRelic"],"max_hp_gain":0,"max_hp_loss":0,"event_name":"The Mausoleum","floor":20,"gold_loss":0,"cards_obtained":["Writhe"]},{"damage_healed":0,"gold_gain":0,"cards_transformed":["Strike_W"],"player_choice":"Transformed","damage_taken":0,"max_hp_gain":0,"max_hp_loss":0,"event_name":"Transmorgrifier","floor":41,"gold_loss":0,"cards_obtained":["Chill_Blood"]}],"is_beta":false,"boss_relics":[{"not_picked":["Velvet Choker","Replay:Drink Me"],"picked":"Astrolabe"},{"not_picked":["hubris:VirtuousBlindfold","Coffee Dripper"],"picked":"Philosopher\u0027s Stone"}],"items_purged_floors":[],"is_endless":true,"potions_floor_spawned":[1,5,16,24,28,29,36,38,40],"killed_by":"Spire Growth","ascension_level":0}}