{"host":"mi0eibewekhugwl1","time":1612416129,"event":{"mods":["AchievementEnabler","BaseMod","Colored Map","Colored Powertips","DeckTracker","Keyboard Shortcuts","Minty Spire (QoL Compilation)","Quick Restart","Rare Cards Sparkle","Relic Stats","StSLib","SuperFastMode","everything is the same but u backflip on backflip"],"gold_per_floor":[111,128,27,44,55,55,82,92,92,105,116,116,116,139,139,217,217,229,246,19,19,36,36,47,47,47,58,58,70,83,102,102,173,173,191,117,117,117,117,117],"floor_reached":39,"language":"KOR","playtime":954,"items_purged":["Strike_B","Strike_B"],"score":774,"play_id":"d85cf8c8-0e60-4ea9-be5e-01006cd3f81d","local_time":"20210204142209","is_ascension_mode":true,"campfire_choices":[{"data":"Ball Lightning","floor":6,"key":"SMITH"},{"data":"Zap","floor":12,"key":"SMITH"},{"floor":15,"key":"REST"},{"floor":23,"key":"REST"},{"data":"Lockon","floor":25,"key":"SMITH"},{"floor":32,"key":"REST"}],"circlet_count":0,"master_deck":["AscendersBane","Strike_B","Defend_B","Defend_B","Defend_B","Defend_B","Zap+1","Dualcast","Sweeping Beam","Ball Lightning","Conserve Battery","Glacier","Darkness+1","Core Surge","Defragment+1","Capacitor","Lockon+1","Compile Driver+1","Skim","Self Repair","Echo Form","White Noise","Biased Cognition","Glacier","Chill"],"relics":["Cracked Core","Boot","Pocketwatch","White Beast Statue","Odd Mushroom","Nuclear Battery","Bottled Flame","Philosopher\u0027s Stone"],"acts_visited":["Exordium","TheCity","TheBeyond"],"potions_floor_usage":[7,14,14,16,24,29,30,31,33,33],"damage_taken":[{"damage":7,"enemies":"Small Slimes","floor":1,"turns":3},{"damage":3,"enemies":"2 Louse","floor":2,"turns":2},{"damage":0,"enemies":"Jaw Worm","floor":4,"turns":2},{"damage":5,"enemies":"3 Louse","floor":5,"turns":3},{"damage":23,"enemies":"Lagavulin","floor":7,"turns":4},{"damage":8,"enemies":"Exordium Thugs","floor":8,"turns":5},{"damage":2,"enemies":"Blue Slaver","floor":10,"turns":3},{"damage":1,"enemies":"Looter","floor":11,"turns":3},{"damage":7,"enemies":"The Mushroom Lair","floor":14,"turns":6},{"damage":3,"enemies":"Slime Boss","floor":16,"turns":7},{"damage":14,"enemies":"Shell Parasite","floor":18,"turns":4},{"damage":0,"enemies":"Chosen","floor":19,"turns":4},{"damage":12,"enemies":"Centurion and Healer","floor":22,"turns":7},{"damage":0,"enemies":"Cultist and Chosen","floor":24,"turns":5},{"damage":14,"enemies":"Snecko","floor":27,"turns":4},{"damage":27,"enemies":"Shelled Parasite and Fungi","floor":29,"turns":7},{"damage":17,"enemies":"Sentry and Sphere","floor":30,"turns":4},{"damage":14,"enemies":"Centurion and Healer","floor":31,"turns":5},{"damage":15,"enemies":"Collector","floor":33,"turns":7},{"damage":22,"enemies":"3 Shapes","floor":35,"turns":6},{"damage":45,"enemies":"3 Darklings","floor":39,"turns":2}],"seed_played":"1516349500493900906","potions_obtained":[{"floor":2,"key":"FocusPotion"},{"floor":10,"key":"Regen Potion"},{"floor":11,"key":"Fire Potion"},{"floor":14,"key":"DuplicationPotion"},{"floor":16,"key":"PotionOfCapacity"},{"floor":18,"key":"BlessingOfTheForge"},{"floor":22,"key":"DuplicationPotion"},{"floor":24,"key":"FocusPotion"},{"floor":29,"key":"AttackPotion"},{"floor":30,"key":"EssenceOfSteel"},{"floor":31,"key":"PowerPotion"},{"floor":33,"key":"Ancient Potion"},{"floor":35,"key":"CultistPotion"}],"is_trial":false,"path_per_floor":["M","M","$","M","M","R","E","M","T","M","M","R","?","?","R","B",null,"M","M","$","?","M","R","M","R","T","M","?","M","M","M","R","B",null,"M","$","?","?","M"],"character_chosen":"DEFECT","items_purchased":["Conserve Battery","Capacitor","Lockon","Chill"],"campfire_rested":3,"item_purchase_floors":[3,20,20,36],"current_hp_per_floor":[57,54,54,54,49,49,26,18,18,16,15,15,15,23,44,41,64,50,50,50,50,38,59,59,59,59,45,45,25,15,8,29,21,59,44,44,44,44,0,0],"gold":117,"neow_bonus":"RANDOM_COMMON_RELIC","is_daily":false,"chose_seed":false,"campfire_upgraded":3,"win_rate":0.0,"timestamp":1612416129,"path_taken":["M","M","$","M","M","R","E","M","T","M","M","R","?","?","R","BOSS","M","M","$","?","M","R","M","R","T","M","?","?","M","M","R","BOSS","M","$","?","?","M"],"items_purchased_type":["Card","Card","Card","Card"],"build_version":"2020-12-22","purchased_purges":2,"victory":false,"max_hp_per_floor":[71,71,71,71,71,71,71,71,71,71,71,71,71,71,71,71,71,71,71,71,71,71,71,71,71,71,71,71,71,71,71,71,71,71,71,71,71,71,71,71],"relic_stats":{"counters":[21,93],"Boot":[7],"obtain_stats":[{"Bottled Flame":26,"Philosopher\u0027s Stone":34,"Odd Mushroom":14,"Cracked Core":0,"Boot":0,"White Beast Statue":9,"Pocketwatch":7,"Nuclear Battery":17},{"Bottled Flame":14,"Philosopher\u0027s Stone":19,"Odd Mushroom":9,"Cracked Core":0,"Boot":0,"White Beast Statue":6,"Pocketwatch":5,"Nuclear Battery":10},{"Bottled Flame":58,"Philosopher\u0027s Stone":85,"Odd Mushroom":31,"Cracked Core":0,"Boot":0,"White Beast Statue":19,"Pocketwatch":14,"Nuclear Battery":38}],"Pocketwatch":[135]},"card_choices":[{"not_picked":["Conserve Battery","Coolheaded"],"picked":"Sweeping Beam","floor":1},{"not_picked":["Self Repair","Rebound"],"picked":"Ball Lightning","floor":2},{"not_picked":["Gash","Auto Shields","Redo"],"picked":"SKIP","floor":4},{"not_picked":["Barrage","Meteor Strike"],"picked":"Ball Lightning","floor":5},{"not_picked":["Leap","Machine Learning"],"picked":"Glacier","floor":7},{"not_picked":["Stack","Go for the Eyes","Hologram"],"picked":"SKIP","floor":8},{"not_picked":["Melter","Hello World"],"picked":"Darkness","floor":10},{"not_picked":["Leap","Rebound","Gash"],"picked":"SKIP","floor":11},{"not_picked":["Seek","Creative AI"],"picked":"Core Surge","floor":16},{"not_picked":["Melter+1","Ball Lightning"],"picked":"Defragment+1","floor":18},{"not_picked":["Turbo","Storm","Rebound"],"picked":"SKIP","floor":19},{"not_picked":["Barrage","Static Discharge"],"picked":"Compile Driver+1","floor":22},{"not_picked":["Beam Cell","Gash"],"picked":"Skim","floor":24},{"not_picked":["Thunder Strike","Conserve Battery"],"picked":"Self Repair","floor":27},{"not_picked":["Scrape","Steam"],"picked":"White Noise","floor":29},{"not_picked":["Auto Shields","Streamline","Gash+1"],"picked":"SKIP","floor":30},{"not_picked":["Go for the Eyes","Barrage","Ball Lightning"],"picked":"SKIP","floor":31},{"not_picked":["Thunder Strike","Multi-Cast"],"picked":"Biased Cognition","floor":33},{"not_picked":["Melter+1","Stack"],"picked":"Glacier","floor":35}],"player_experience":1780027,"relics_obtained":[{"floor":7,"key":"Pocketwatch"},{"floor":9,"key":"White Beast Statue"},{"floor":14,"key":"Odd Mushroom"},{"floor":26,"key":"Bottled Flame"}],"event_choices":[{"damage_healed":0,"gold_gain":0,"player_choice":"Grow","damage_taken":0,"max_hp_gain":0,"max_hp_loss":0,"event_name":"Living Wall","floor":13,"gold_loss":0,"cards_upgraded":["Darkness"]},{"damage_healed":0,"gold_gain":0,"player_choice":"Fought Mushrooms","damage_taken":0,"max_hp_gain":0,"max_hp_loss":0,"event_name":"Mushrooms","floor":14,"gold_loss":0},{"damage_healed":0,"gold_gain":0,"player_choice":"Ignored","damage_taken":0,"max_hp_gain":0,"max_hp_loss":0,"event_name":"Cursed Tome","floor":21,"gold_loss":0},{"damage_healed":0,"gold_gain":0,"cards_transformed":["Strike_B"],"player_choice":"Transformed","damage_taken":0,"max_hp_gain":0,"max_hp_loss":0,"event_name":"Transmorgrifier","floor":28,"gold_loss":0,"cards_obtained":["Echo Form"]},{"cards_removed":["Ball Lightning"],"damage_healed":0,"gold_gain":0,"player_choice":"Removed Attack","damage_taken":0,"max_hp_gain":0,"max_hp_loss":0,"event_name":"Falling","floor":37,"gold_loss":0},{"damage_healed":0,"gold_gain":0,"player_choice":"Ignored","damage_taken":0,"max_hp_gain":0,"max_hp_loss":0,"event_name":"Mysterious Sphere","floor":38,"gold_loss":0}],"is_beta":false,"boss_relics":[{"not_picked":["Busted Crown","SlaversCollar"],"picked":"Nuclear Battery"},{"not_picked":["Velvet Choker","Runic Dome"],"picked":"Philosopher\u0027s Stone"}],"items_purged_floors":[3,20],"is_endless":false,"potions_floor_spawned":[2,10,11,14,16,18,19,22,24,27,29,30,31,33,35],"killed_by":"3 Darklings","ascension_level":20}}