{"host":"fj5i6t4nkss7815d","time":1612406004,"event":{"mods":["AchievementEnabler","BaseMod","Minty Spire (QoL Compilation)","Quick Restart","Relic Stats"],"gold_per_floor":[118,136,151,151,169,198,215,229,303,303,319,352,352,352,352,426,426,439,439,44,59,70,70,103,103,126,226,226,256,272,290,290,367,417,430,430,51,68,68,68,86,86,86,113,9,9,44,59,59,59,59],"floor_reached":52,"language":"ENG","playtime":3700,"items_purged":["Strike_P","Defend_P"],"score":2024,"play_id":"fe2885a5-a084-4b52-9048-1aa91184152a","local_time":"20210203183324","is_ascension_mode":true,"campfire_choices":[{"data":"Devotion","floor":10.0,"key":"SMITH"},{"floor":13.0,"key":"REST"},{"data":"Eruption","floor":15.0,"key":"SMITH"},{"floor":23.0,"key":"REST"},{"floor":25.0,"key":"REST"},{"floor":28.0,"key":"REST"},{"floor":32.0,"key":"REST"},{"data":"Devotion","floor":40.0,"key":"SMITH"},{"data":"Alpha","floor":46.0,"key":"SMITH"},{"floor":49.0,"key":"REST"}],"circlet_count":0,"master_deck":["AscendersBane","Strike_P","Defend_P","Eruption+1","Vigilance","CarveReality","JustLucky","BowlingBash+1","Tantrum","Devotion+1","Prostrate+1","CrushJoints","Alpha+1","Ragnarok+1","LikeWater+1","MasterReality","EmptyFist+1","SandsOfTime+1","Devotion+1","Protect+1","EmptyBody+1","Dark Shackles+1","Perseverance+1","WaveOfTheHand+1","Writhe","BattleHymn","Prostrate+1","Scrawl+1"],"relics":["PureWater","Bag of Preparation","Mummified Hand","Sundial","Empty Cage","Whetstone","Bird Faced Urn","Ancient Tea Set","CloakClasp","Mercury Hourglass","Boot","Tiny House","Toxic Egg 2","Toy Ornithopter","Bottled Flame","Pocketwatch","Regal Pillow","Damaru"],"acts_visited":["Exordium","TheCity","TheBeyond"],"potions_floor_usage":[50],"damage_taken":[{"damage":4.0,"enemies":"Jaw Worm","floor":1.0,"turns":3.0},{"damage":3.0,"enemies":"Cultist","floor":2.0,"turns":4.0},{"damage":3.0,"enemies":"Small Slimes","floor":3.0,"turns":3.0},{"damage":8.0,"enemies":"Blue Slaver","floor":5.0,"turns":4.0},{"damage":12.0,"enemies":"Gremlin Nob","floor":6.0,"turns":3.0},{"damage":0.0,"enemies":"Large Slime","floor":7.0,"turns":3.0},{"damage":14.0,"enemies":"Exordium Thugs","floor":8.0,"turns":4.0},{"damage":8.0,"enemies":"Blue Slaver","floor":11.0,"turns":4.0},{"damage":2.0,"enemies":"3 Sentries","floor":12.0,"turns":4.0},{"damage":0.0,"enemies":"Slime Boss","floor":16.0,"turns":2.0},{"damage":50.0,"enemies":"Shell Parasite","floor":18.0,"turns":5.0},{"damage":40.0,"enemies":"2 Thieves","floor":21.0,"turns":3.0},{"damage":0.0,"enemies":"Snake Plant","floor":22.0,"turns":2.0},{"damage":0.0,"enemies":"Gremlin Leader","floor":24.0,"turns":3.0},{"damage":8.0,"enemies":"Colosseum Slavers","floor":27.0,"turns":2.0},{"damage":24.0,"enemies":"Colosseum Nobs","floor":27.0,"turns":3.0},{"damage":30.0,"enemies":"Book of Stabbing","floor":29.0,"turns":3.0},{"damage":5.0,"enemies":"Centurion and Healer","floor":30.0,"turns":4.0},{"damage":17.0,"enemies":"Sentry and Sphere","floor":31.0,"turns":4.0},{"damage":17.0,"enemies":"Automaton","floor":33.0,"turns":6.0},{"damage":39.0,"enemies":"3 Darklings","floor":35.0,"turns":4.0},{"damage":0.0,"enemies":"3 Shapes","floor":38.0,"turns":6.0},{"damage":15.0,"enemies":"Jaw Worm Horde","floor":41.0,"turns":5.0},{"damage":13.0,"enemies":"Nemesis","floor":44.0,"turns":7.0},{"damage":41.0,"enemies":"Reptomancer","floor":47.0,"turns":6.0},{"damage":0.0,"enemies":"Transient","floor":48.0,"turns":6.0},{"damage":14,"enemies":"Awakened One","floor":50,"turns":6},{"damage":14,"enemies":"Donu and Deca","floor":51,"turns":5}],"seed_played":"-6998511076806887262","potions_obtained":[{"floor":2.0,"key":"ColorlessPotion"},{"floor":3.0,"key":"StancePotion"},{"floor":7.0,"key":"FairyPotion"},{"floor":11.0,"key":"Weak Potion"},{"floor":12.0,"key":"AttackPotion"},{"floor":21.0,"key":"SteroidPotion"},{"floor":30.0,"key":"FearPotion"},{"floor":31.0,"key":"Explosive Potion"},{"floor":34.0,"key":"Regen Potion"},{"floor":44.0,"key":"DuplicationPotion"},{"floor":47.0,"key":"LiquidMemories"}],"is_trial":false,"path_per_floor":["M","M","M","?","M","E","M","M","T","R","M","E","R","?","R","B",null,"M","?","$","M","M","R","E","R","T","?","R","E","M","M","R","B",null,"M","?","$","M","T","R","M","?","T","E","$","R","E","M","R","B","B",null],"character_chosen":"WATCHER","items_purchased":["Ragnarok","Whetstone","EmptyBody+1","Toy Ornithopter","Dark Shackles+1","BattleHymn","Prostrate+1"],"campfire_rested":6,"item_purchase_floors":[20,20,37,37,37,45,45],"current_hp_per_floor":[39,36,33,78,70,58,58,44,44,44,36,34,57,50,50,50,71,21,21,21,23,23,46,46,69,69,43,66,40,41,30,53,44,75,44,44,44,54,54,54,68,83,83,72,72,72,43,62,83,81,73],"gold":59,"neow_bonus":"RANDOM_COLORLESS_2","is_daily":false,"chose_seed":false,"campfire_upgraded":4,"win_rate":0.0,"timestamp":1612406004,"path_taken":["M","M","M","?","M","E","?","M","T","R","M","E","R","?","R","BOSS","M","?","$","M","M","R","E","R","T","?","R","E","M","M","R","BOSS","M","?","$","?","?","R","M","?","T","E","$","R","E","M","R","BOSS","BOSS"],"items_purchased_type":["Card","Relic","Card","Relic","Card","Card","Card"],"build_version":"2020-12-22","purchased_purges":2,"victory":true,"max_hp_per_floor":[68,68,68,78,78,78,78,78,78,78,78,78,78,78,78,78,78,78,78,78,78,78,78,78,78,78,78,78,78,78,78,78,78,83,83,83,83,83,83,83,83,83,83,83,83,83,83,83,83,83,83],"relic_stats":{"Regal Pillow":0,"counters":[28,114],"Bag of Preparation":[46],"CloakClasp":[186],"Whetstone":["BowlingBash","Ragnarok"],"Boot":[77],"Mercury Hourglass":[243],"Mummified Hand":[97],"Sundial":[6],"Bird Faced Urn":[99],"obtain_stats":[{"Regal Pillow":44,"Tiny House":34,"Damaru":47,"Bag of Preparation":6,"CloakClasp":27,"Whetstone":20,"Empty Cage":17,"Ancient Tea Set":26,"Boot":29,"Mercury Hourglass":27,"Bottled Flame":39,"Mummified Hand":9,"Sundial":12,"Bird Faced Urn":24,"PureWater":0,"Toxic Egg 2":36,"Toy Ornithopter":37,"Pocketwatch":43},{"Regal Pillow":24,"Tiny House":20,"Damaru":25,"Bag of Preparation":5,"CloakClasp":16,"Whetstone":11,"Empty Cage":10,"Ancient Tea Set":14,"Boot":17,"Mercury Hourglass":16,"Bottled Flame":22,"Mummified Hand":7,"Sundial":9,"Bird Faced Urn":14,"PureWater":0,"Toxic Egg 2":21,"Toy Ornithopter":21,"Pocketwatch":23},{"Regal Pillow":91,"Tiny House":69,"Damaru":97,"Bag of Preparation":17,"CloakClasp":52,"Whetstone":39,"Empty Cage":34,"Ancient Tea Set":47,"Boot":55,"Mercury Hourglass":52,"Bottled Flame":79,"Mummified Hand":24,"Sundial":32,"Bird Faced Urn":47,"PureWater":0,"Toxic Egg 2":73,"Toy Ornithopter":73,"Pocketwatch":84}],"Toy Ornithopter":15,"Pocketwatch":[12]},"card_choices":[{"not_picked":["Secret Weapon","Chrysalis"],"picked":"Sadistic Nature","floor":0.0},{"not_picked":["Crescendo","Halt"],"picked":"CarveReality","floor":1.0},{"not_picked":["LikeWater","Protect"],"picked":"JustLucky","floor":2.0},{"not_picked":["Fasting2","Evaluate"],"picked":"BowlingBash","floor":3.0},{"not_picked":["ClearTheMind","EmptyBody"],"picked":"Tantrum","floor":5.0},{"not_picked":["FollowUp","FlyingSleeves"],"picked":"Devotion","floor":6.0},{"not_picked":["CarveReality","Meditate"],"picked":"EmptyFist","floor":7.0},{"not_picked":["SashWhip","ReachHeaven"],"picked":"Prostrate","floor":8.0},{"not_picked":["Weave","FlyingSleeves"],"picked":"CrushJoints","floor":11.0},{"not_picked":["DeceiveReality","Fasting2","InnerPeace"],"picked":"SKIP","floor":12.0},{"not_picked":["DeusExMachina","SpiritShield"],"picked":"Alpha","floor":16.0},{"not_picked":["ClearTheMind","Tantrum","CrushJoints"],"picked":"SKIP","floor":18.0},{"not_picked":["PathToVictory","Meditate"],"picked":"LikeWater+1","floor":21.0},{"not_picked":["BowlingBash","CutThroughFate","EmptyBody"],"picked":"SKIP","floor":22.0},{"not_picked":["Crescendo","Wireheading+1"],"picked":"MasterReality","floor":24.0},{"not_picked":["ForeignInfluence","Halt"],"picked":"EmptyFist+1","floor":27.0},{"not_picked":["WindmillStrike","FlurryOfBlows"],"picked":"SandsOfTime+1","floor":29.0},{"not_picked":["ClearTheMind","CutThroughFate","BowlingBash"],"picked":"SKIP","floor":30.0},{"not_picked":["Consecrate","PathToVictory","EmptyBody"],"picked":"SKIP","floor":31.0},{"not_picked":["Omniscience","Scrawl"],"picked":"Devotion","floor":33.0},{"not_picked":["ThirdEye+1","FearNoEvil+1"],"picked":"Protect+1","floor":35.0},{"not_picked":["EmptyFist+1","CrushJoints"],"picked":"Perseverance+1","floor":38.0},{"not_picked":["SandsOfTime+1","EmptyFist"],"picked":"WaveOfTheHand+1","floor":41.0},{"not_picked":["ReachHeaven","CutThroughFate","LikeWater"],"picked":"SKIP","floor":44.0},{"not_picked":["Fasting2+1","EmptyBody+1","Nirvana+1"],"picked":"SKIP","floor":47.0},{"not_picked":["EmptyFist","JustLucky"],"picked":"Scrawl+1","floor":48.0}],"player_experience":1014227,"relics_obtained":[{"floor":6.0,"key":"Bag of Preparation"},{"floor":9.0,"key":"Mummified Hand"},{"floor":12.0,"key":"Sundial"},{"floor":24.0,"key":"Bird Faced Urn"},{"floor":26.0,"key":"Ancient Tea Set"},{"floor":27.0,"key":"CloakClasp"},{"floor":27.0,"key":"Mercury Hourglass"},{"floor":29.0,"key":"Boot"},{"floor":39.0,"key":"Bottled Flame"},{"floor":43.0,"key":"Pocketwatch"},{"floor":44.0,"key":"Regal Pillow"},{"floor":47.0,"key":"Damaru"}],"event_choices":[{"cards_removed":["Sadistic Nature"],"damage_healed":35.0,"max_hp_gain":10.0,"max_hp_loss":0.0,"gold_gain":0.0,"event_name":"Bonfire Elementals","player_choice":"Offered Rare","floor":4.0,"gold_loss":0.0,"damage_taken":0.0},{"cards_removed":["Strike_P"],"damage_healed":0.0,"max_hp_gain":0.0,"max_hp_loss":0.0,"gold_gain":0.0,"event_name":"Golden Wing","player_choice":"Card Removal","floor":14.0,"gold_loss":0.0,"damage_taken":7.0},{"cards_removed":["Defend_P"],"damage_healed":0.0,"max_hp_gain":0.0,"max_hp_loss":0.0,"gold_gain":0.0,"event_name":"Back to Basics","player_choice":"Elegance","floor":19.0,"gold_loss":0.0,"damage_taken":0.0},{"damage_healed":0.0,"max_hp_gain":0.0,"max_hp_loss":0.0,"gold_gain":0.0,"event_name":"Colosseum","player_choice":"Fight","floor":27.0,"gold_loss":0.0,"damage_taken":0.0},{"damage_healed":0.0,"max_hp_gain":0.0,"max_hp_loss":0.0,"gold_gain":0.0,"event_name":"Colosseum","player_choice":"Fought Nobs","floor":27.0,"gold_loss":0.0,"damage_taken":0.0},{"cards_removed":["EmptyFist"],"damage_healed":0.0,"max_hp_gain":0.0,"max_hp_loss":0.0,"gold_gain":0.0,"event_name":"WeMeetAgain","player_choice":"Gave Card","floor":36.0,"gold_loss":0.0,"damage_taken":0.0,"relics_obtained":["Toxic Egg 2"]},{"damage_healed":17.0,"max_hp_gain":0.0,"max_hp_loss":0.0,"gold_gain":0.0,"event_name":"Winding Halls","player_choice":"Writhe","floor":42.0,"gold_loss":0.0,"damage_taken":0.0,"cards_obtained":["Writhe"]}],"is_beta":false,"boss_relics":[{"not_picked":["Black Star","Fusion Hammer"],"picked":"Empty Cage"},{"not_picked":["Cursed Key","Snecko Eye"],"picked":"Tiny House"}],"items_purged_floors":[20,37],"is_endless":false,"potions_floor_spawned":[2,3,7,11,12,21,27,30,31,38,44,47],"ascension_level":20}}