{"host":"27c7lqff1bu0ydoz","time":1612420755,"event":{"mods":["AchievementEnabler","Act Like it!","Aspiration","Bard","BaseMod","Block Reminder","CapriCore","Colored Powertips","Conspire","Downfall","Energized Spire","Friendly Minions","Gensokyo","GifTheSpireLib","Hallownest","Highlight Path","Hubris","Infinite Spire","Koishi","Marisa????????","Minty Spire (QoL Compilation)","Pale of the Ancients","Rare Cards Sparkle","Reimu??????","Remilia??????","Replay The Spire","StSLib","The Bug Knight","The Construct","The Disciple","The Gatherer","The Hierophant","The Immortal","The Judge","The Jungle","The Runesmith","The Servant 0.9.4","TheFirefly","Wandering Minibosses","yUi"],"gold_per_floor":[99,110,123,136,136,136,161,154,154,92,103,12,12,15,32,120,120,120,65,65,17,27,16,71,73,84,84,94,96,96,834,872,892,892,892],"floor_reached":33,"language":"ENG","playtime":3716,"items_purged":[],"score":347,"play_id":"5c3015df-5b65-4f9c-b736-30c9df736605","local_time":"20210204073915","is_ascension_mode":false,"campfire_choices":[{"data":"Slimebound:GoopSpray","floor":9,"key":"SMITH"},{"data":"Slimebound:Grow","floor":13,"key":"SMITH"},{"data":"Slimebound:Chomp","floor":18,"key":"SMITH"},{"floor":27,"key":"REST"}],"circlet_count":0,"master_deck":["Slimebound:Strike_Slimebound","Slimebound:Strike_Slimebound","Slimebound:Strike_Slimebound","Slimebound:Tackle+1","Slimebound:Defend_Slimebound","Slimebound:Defend_Slimebound","Slimebound:Defend_Slimebound","Slimebound:Defend_Slimebound","Slimebound:Split","Slimebound:CorrosiveSpit","Slimebound:RainOfGoop","Slimebound:Grow+1","Slimebound:SplitLeeching","Slimebound:GoopSpray+1","Slimebound:SpikyOuterGoop+1","Slimebound:FinishingTackle","Slimebound:SlimeTap","Slimebound:ProtectTheBoss+1","Slimebound:Gluttony+1","Slimebound:RollThrough","Slimebound:Chomp+1","Slimebound:OozeBath","Slimebound:SamplingLick","Slimebound:FinishingTackle","Slimebound:RollThrough","Slimebound:LeechingTouch+1","Slimebound:LeechEnergy+1","Slimebound:Overexert+1","Slimebound:SelfFormingGoo+1","Slimebound:SplitMire","Slimebound:MassFeed","Slimebound:Schlurp+1","Slimebound:SplitLeeching","Slimebound:SplitAcid","Slimebound:Prepare+1","Slimebound:OozeBath","Slimebound:SplitLeeching+1"],"relics":["Slimebound:AbsorbEndCombat","PreservedInsect","Frozen Egg 2","Gremlin Food","ChewingGum","conspire:Dentures","Replay:Bandana","wanderingMiniBosses:MasterThiefsPresence"],"acts_visited":["Exordium","TheCity"],"potions_floor_usage":[25,31,33,33,33],"damage_taken":[{"damage":5,"enemies":"Cultist","floor":2,"turns":4},{"damage":0,"enemies":"2 Louse","floor":3,"turns":2},{"damage":7,"enemies":"conspire:RoseBush","floor":4,"turns":2},{"damage":2,"enemies":"conspire:2 RoseBushes","floor":8,"turns":6},{"damage":5,"enemies":"downfall:FleeingMerchant","floor":10,"turns":4},{"damage":7,"enemies":"Gremlin Gang","floor":11,"turns":5},{"damage":15,"enemies":"downfall:FleeingMerchant","floor":12,"turns":4},{"damage":0,"enemies":"Large Slime","floor":14,"turns":6},{"damage":3,"enemies":"Red Slaver","floor":15,"turns":3},{"damage":0,"enemies":"SI_SHIV_ARCHETYPE","floor":16,"turns":7},{"damage":13,"enemies":"Spheric Guardian","floor":19,"turns":8},{"damage":6,"enemies":"downfall:FleeingMerchant","floor":21,"turns":4},{"damage":14,"enemies":"3 Byrds","floor":22,"turns":5},{"damage":10,"enemies":"Cultist and Chosen","floor":23,"turns":7},{"damage":13,"enemies":"downfall:FleeingMerchant","floor":25,"turns":4},{"damage":21,"enemies":"Snake Plant","floor":26,"turns":3},{"damage":13,"enemies":"Shelled Parasite and Fungi","floor":28,"turns":5},{"damage":19,"enemies":"Snecko","floor":29,"turns":6},{"damage":15,"enemies":"Centurion and Healer","floor":30,"turns":7},{"damage":27,"enemies":"Shelled Parasite and Fungi","floor":31,"turns":7},{"damage":0,"enemies":"3 Cultists","floor":32,"turns":5},{"damage":21,"enemies":"DF_ARCHETYPE_CLAW","floor":33,"turns":5}],"seed_played":"138879065739409942","potions_obtained":[{"floor":3,"key":"Reflective Coating"},{"floor":11,"key":"Explosive Potion"},{"floor":14,"key":"GamblersBrew"},{"floor":15,"key":"LifebloodPotion"},{"floor":22,"key":"FearPotion"},{"floor":26,"key":"bronze:BurnAndBuffPotion"},{"floor":28,"key":"Guardian:BlockOnCardUsePotion"},{"floor":31,"key":"Strength Potion"}],"is_trial":false,"path_per_floor":["R","M","M","M","?","?","T","M","R","$","M","$","R","M","M","B",null,"R","M","T","$","M","M","T","$","M","R","M","M","M","M","M","B"],"character_chosen":"SLIMEBOUND","items_purchased":["Slimebound:FinishingTackle","Slimebound:Gluttony+1","Slimebound:RollThrough","Slimebound:SelfFormingGoo+1","Slimebound:SplitMire","Slimebound:MassFeed"],"campfire_rested":1,"item_purchase_floors":[10,12,21,25,25,25],"current_hp_per_floor":[65,61,63,58,58,58,58,64,64,64,64,51,51,59,62,65,65,65,55,55,57,51,49,49,42,29,48,43,32,25,6,17,0,0,0],"gold":892,"neow_bonus":"RANDOM_COMMON_RELIC","is_daily":false,"chose_seed":false,"campfire_upgraded":3,"win_rate":0.0,"timestamp":1612420755,"path_taken":["R","M","M","M","?","?","T","M","R","$","M","$","R","?","M","BOSS","R","M","?","$","M","M","T","$","M","R","M","M","M","M","M","BOSS"],"items_purchased_type":["Card","Card","Card","Card","Card","Card"],"build_version":"2020-12-22","purchased_purges":0,"victory":false,"max_hp_per_floor":[65,65,65,65,65,65,65,65,65,65,65,65,65,65,65,65,65,65,65,65,65,65,65,65,65,65,65,65,65,65,65,68,68,68,68],"card_choices":[{"not_picked":["Slimebound:RollThrough","Slimebound:Chomp"],"picked":"Slimebound:RainOfGoop","floor":2},{"not_picked":["Slimebound:FinishingTackle","Slimebound:FlameTackle"],"picked":"Slimebound:Grow","floor":3},{"not_picked":["Slimebound:Chomp","Slimebound:SplitMire"],"picked":"Slimebound:SplitLeeching","floor":4},{"not_picked":["Slimebound:SamplingLick","Slimebound:SplitMire"],"picked":"Slimebound:GoopSpray","floor":8},{"not_picked":["Slimebound:ItLooksTasty","Slimebound:PressTheAttack"],"picked":"Slimebound:SpikyOuterGoop+1","floor":10},{"not_picked":["Slimebound:SelfFormingGoo+1","Slimebound:GoopSpray"],"picked":"Slimebound:SlimeTap","floor":11},{"not_picked":["Slimebound:ViciousTackle","Slimebound:GoopTackle"],"picked":"Slimebound:ProtectTheBoss+1","floor":12},{"not_picked":["Slimebound:ItLooksTasty","Slimebound:GoopSpray"],"picked":"Slimebound:RollThrough","floor":14},{"not_picked":["Slimebound:SplitLeeching","Slimebound:SplitMire"],"picked":"Slimebound:Chomp","floor":15},{"not_picked":["Slimebound:OneTwoCombo","Slimebound:RallyTheTroops"],"picked":"Slimebound:OozeBath","floor":16},{"not_picked":["Slimebound:SplitAcid","Slimebound:ItLooksTasty"],"picked":"Slimebound:SamplingLick","floor":19},{"not_picked":["Slimebound:SplitMire","Slimebound:DuplicatedForm+1"],"picked":"Slimebound:FinishingTackle","floor":21},{"not_picked":["Slimebound:PressTheAttack","Slimebound:Replication"],"picked":"Slimebound:LeechingTouch+1","floor":22},{"not_picked":["Slimebound:SlimeSpikes","Slimebound:HauntingLick"],"picked":"Slimebound:LeechEnergy+1","floor":23},{"not_picked":["Slimebound:ComboTackle","Slimebound:Schlurp"],"picked":"Slimebound:Overexert+1","floor":25},{"not_picked":["Slimebound:ForwardTackle","Slimebound:Gluttony+1"],"picked":"Slimebound:Schlurp+1","floor":26},{"not_picked":["Slimebound:GoopTackle","Slimebound:SlimeSpikes"],"picked":"Slimebound:SplitLeeching","floor":28},{"not_picked":["Slimebound:GoopSpray","Slimebound:FinishingTackle"],"picked":"Slimebound:SplitAcid","floor":29},{"not_picked":["Slimebound:Replication","Slimebound:SplitAcid"],"picked":"Slimebound:Prepare+1","floor":30},{"not_picked":["Slimebound:GoopSpray","Slimebound:SlimeBarrage"],"picked":"Slimebound:OozeBath","floor":31},{"not_picked":["Slimebound:SlimeBarrage+1","Slimebound:RollThrough"],"picked":"Slimebound:SplitLeeching+1","floor":32}],"player_experience":323838,"relics_obtained":[{"floor":7,"key":"Gremlin Food"},{"floor":20,"key":"conspire:Dentures"},{"floor":24,"key":"Replay:Bandana"},{"floor":31,"key":"wanderingMiniBosses:MasterThiefsPresence"}],"event_choices":[],"is_beta":false,"boss_relics":[{"not_picked":["construct:ClawGrip","Empty Cage"],"picked":"ChewingGum"}],"items_purged_floors":[],"is_endless":false,"potions_floor_spawned":[3,11,14,15,22,26,28,31],"killed_by":"DF_ARCHETYPE_CLAW","ascension_level":0}}