{"host":"6fkscwgr344hcmao","time":1612466732,"event":{"mods":["2.2 Compatiblity","AchievementEnabler","BaseMod","Colored Map","Highlight Path","Minty Spire (QoL Compilation)","Random Character Button","Rare Cards Sparkle"],"gold_per_floor":[112,132,132,57,7,47,116,130,156,156,170,213,213,234,234,234,234],"floor_reached":16,"language":"POL","playtime":438,"items_purged":["Strike_R"],"score":135,"play_id":"7e1d6818-8c59-432f-879f-34ecc36f6155","local_time":"20210204202532","is_ascension_mode":false,"campfire_choices":[{"floor":15,"key":"RECALL"}],"circlet_count":0,"master_deck":["Strike_R","Strike_R","Strike_R","Defend_R","Defend_R","Defend_R","Defend_R","Bash"],"relics":["Burning Blood","NeowsBlessing","Golden Idol","Anchor","Nunchaku","Singing Bowl","Kunai"],"acts_visited":["Exordium"],"potions_floor_usage":[12,12],"damage_taken":[{"damage":0.0,"enemies":"Small Slimes","floor":1.0,"turns":1.0},{"damage":0.0,"enemies":"2 Louse","floor":2.0,"turns":2.0},{"damage":0.0,"enemies":"3 Sentries","floor":6.0,"turns":2.0},{"damage":28.0,"enemies":"Gremlin Nob","floor":7.0,"turns":5.0},{"damage":3.0,"enemies":"Jaw Worm","floor":8.0,"turns":5.0},{"damage":4,"enemies":"Blue Slaver","floor":11,"turns":4},{"damage":2,"enemies":"Gremlin Nob","floor":12,"turns":3},{"damage":0,"enemies":"Large Slime","floor":14,"turns":7},{"damage":64,"enemies":"The Guardian","floor":16,"turns":12}],"seed_played":"1030660793997874735","potions_obtained":[{"floor":1.0,"key":"SpeedPotion"},{"floor":6.0,"key":"DuplicationPotion"},{"floor":7.0,"key":"Fire Potion"},{"floor":11,"key":"PowerPotion"}],"is_trial":false,"path_per_floor":["M","M","?","$","?","E","?","M","T","?","M","E","T","M","R","B"],"character_chosen":"IRONCLAD","items_purchased":[],"campfire_rested":0,"item_purchase_floors":[],"current_hp_per_floor":[80,80,60,60,60,66,44,47,47,47,49,55,55,63,63,0,0],"gold":234,"neow_bonus":"THREE_ENEMY_KILL","is_daily":false,"chose_seed":false,"campfire_upgraded":0,"win_rate":0.0,"timestamp":1612466732,"path_taken":["M","M","?","$","?","E","?","?","T","?","M","E","?","M","R","BOSS"],"items_purchased_type":[],"build_version":"2020-12-22","purchased_purges":1,"victory":false,"max_hp_per_floor":[80,80,80,80,80,80,80,80,80,80,80,82,82,84,84,84,84],"card_choices":[{"not_picked":["Ghostly Armor","Thunderclap","Sword Boomerang"],"picked":"SKIP","floor":1.0},{"not_picked":["Blood for Blood","Body Slam","Burning Pact"],"picked":"SKIP","floor":2.0},{"not_picked":["Metallicize","Ghostly Armor","Uppercut"],"picked":"SKIP","floor":6.0},{"not_picked":["Intimidate","Heavy Blade","Sever Soul"],"picked":"SKIP","floor":8.0},{"not_picked":["Intimidate","Offering","Flex"],"picked":"SKIP","floor":11},{"not_picked":["Perfected Strike","Feel No Pain","Iron Wave"],"picked":"Singing Bowl","floor":12},{"not_picked":["Warcry","Blood for Blood","Pummel"],"picked":"Singing Bowl","floor":14}],"player_experience":235797,"relics_obtained":[{"floor":6.0,"key":"Anchor"},{"floor":7.0,"key":"Nunchaku"},{"floor":12,"key":"Singing Bowl"},{"floor":13,"key":"Kunai"}],"event_choices":[{"damage_healed":0.0,"max_hp_gain":0.0,"max_hp_loss":0.0,"gold_gain":0.0,"event_name":"Golden Idol","player_choice":"Take Damage","floor":3.0,"gold_loss":0.0,"damage_taken":20.0,"relics_obtained":["Golden Idol"]},{"cards_removed":["Strike_R"],"damage_healed":0.0,"max_hp_gain":0.0,"max_hp_loss":0.0,"gold_gain":0.0,"event_name":"The Cleric","player_choice":"Card Removal","floor":5.0,"gold_loss":50.0,"damage_taken":0.0},{"damage_healed":0.0,"max_hp_gain":0.0,"max_hp_loss":0.0,"gold_gain":0.0,"event_name":"Dead Adventurer","player_choice":"Searched \u00272\u0027 times","floor":7.0,"gold_loss":0.0,"damage_taken":0.0},{"damage_healed":0.0,"max_hp_gain":0.0,"max_hp_loss":0.0,"gold_gain":0.0,"event_name":"Liars Game","player_choice":"Ignored","floor":10.0,"gold_loss":0.0,"damage_taken":0.0}],"is_beta":false,"boss_relics":[],"items_purged_floors":[4],"is_endless":false,"potions_floor_spawned":[1,6,7,11],"killed_by":"The Guardian","ascension_level":0}}