{"host":"ejd7fmryc2gtg4h9","time":1612420401,"event":{"mods":["AchievementEnabler","BaseMod","BetterRewards","Colored Map","Colored Powertips","Custom Start","Downfall","Hubris","Minty Spire (QoL Compilation)","Rare Cards Sparkle","StSLib"],"gold_per_floor":[114,79,79,79,90,124,124,142,165,193,213,213,49,79,79,153,153,172,189,31,31,43,78,78,104,104,130,130,130],"floor_reached":28,"language":"ENG","playtime":1441,"items_purged":[],"score":1413,"play_id":"54986be7-a8f3-4fa8-b526-b073e49436c2","local_time":"20210204013321","daily_mods":["Vintage","Heirloom","DeadlyEvents","Elite Swarm"],"is_ascension_mode":true,"campfire_choices":[{"data":"Storm","floor":7.0,"key":"SMITH"},{"data":"Storm","floor":12.0,"key":"SMITH"},{"data":"Storm","floor":15,"key":"SMITH"},{"data":"Buffer","floor":24,"key":"SMITH"}],"circlet_count":0,"master_deck":["Heatsinks","Heatsinks","hubris:PowerSurge","hubris:PowerSurge","hubris:PowerSurge","hubris:PowerSurge","hubris:PowerSurge","Thunder Strike+1","Thunder Strike+1","BootSequence","BootSequence","Tempest","Aggregate","Aggregate","Aggregate","Seek","Seek","Seek","Seek","Buffer","Buffer","Buffer","Buffer","Electrodynamics","Electrodynamics","Machine Learning","Machine Learning","Machine Learning","Defragment","Defragment","Defragment","Defragment","Capacitor","Capacitor","Capacitor","Capacitor","Storm+1","Storm+1","Storm+1","Storm","Storm","Fission","Echo Form","Echo Form","Buffer+1","CurseOfTheBell","Electrodynamics"],"relics":["Cracked Core","Prayer Wheel","Bird Faced Urn","hubris:BallOfYels","Happy Flower","FossilizedHelix","hubris:CuriousFeather","Inserter","DataDisk","Cables","hubris:SoftwareUpdate","hubris:AstralHammer","hubris:Icosahedron","hubris:ToyBattleship","Lantern","Calipers","hubris:CrystalStatue","Centennial Puzzle","PreservedInsect","Nunchaku","MealTicket","bronze:DecasWashers","Calling Bell","Dream Catcher","Meat on the Bone","champ:DeflectingBracers","Ancient Tea Set","Art of War","Strange Spoon","The Courier","hubris:MysteriousPyramids","Whetstone","Mercury Hourglass","Toy Ornithopter"],"acts_visited":["Exordium","TheCity"],"potions_floor_usage":[],"damage_taken":[{"damage":0.0,"enemies":"Small Slimes","floor":1.0,"turns":1.0},{"damage":0.0,"enemies":"Jaw Worm","floor":5.0,"turns":2.0},{"damage":0.0,"enemies":"Lagavulin","floor":6.0,"turns":3.0},{"damage":0.0,"enemies":"2 Louse","floor":8.0,"turns":1.0},{"damage":0.0,"enemies":"Gremlin Nob","floor":10.0,"turns":2.0},{"damage":0.0,"enemies":"Red Slaver","floor":11.0,"turns":1.0},{"damage":0,"enemies":"3 Sentries","floor":14,"turns":1},{"damage":0,"enemies":"The Guardian","floor":16,"turns":1},{"damage":0,"enemies":"2 Thieves","floor":18,"turns":1},{"damage":0,"enemies":"3 Byrds","floor":19,"turns":1},{"damage":0,"enemies":"Snecko","floor":22,"turns":1},{"damage":0,"enemies":"Book of Stabbing","floor":23,"turns":1},{"damage":0,"enemies":"Gremlin Leader","floor":25,"turns":1},{"damage":0,"enemies":"Book of Stabbing","floor":27,"turns":1},{"damage":0,"enemies":"Centurion and Healer","floor":28,"turns":1}],"seed_played":"778869286238542327","potions_obtained":[{"floor":5.0,"key":"SkillPotion"},{"floor":6.0,"key":"Explosive Potion"}],"is_trial":true,"path_per_floor":["M","?","?","?","M","E","R","M","T","E","M","R","$","E","R","B",null,"M","M","$","?","M","E","R","E","T","E","M"],"character_chosen":"DEFECT","items_purchased":["MealTicket","Strange Spoon"],"campfire_rested":0,"item_purchase_floors":[13,20],"current_hp_per_floor":[68,71,71,60,68,71,71,71,71,71,71,71,71,71,71,71,71,71,71,71,71,71,71,71,71,71,71,71,71],"gold":130,"neow_bonus":"","is_daily":false,"chose_seed":false,"campfire_upgraded":4,"win_rate":0.0,"timestamp":1612420401,"path_taken":["M","?","?","?","?","E","R","M","T","E","M","R","?","E","R","BOSS","M","M","$","?","M","E","R","E","T","E","M"],"items_purchased_type":["Relic","Relic"],"build_version":"2020-12-22","purchased_purges":0,"victory":false,"max_hp_per_floor":[71,71,71,71,71,71,71,71,71,71,71,71,71,71,71,71,71,71,71,71,71,71,71,71,71,71,71,71,71],"card_choices":[{"not_picked":["Multi-Cast","hubris:SpecializedCircuitry"],"picked":"Fission","floor":6.0},{"not_picked":["Core Surge","Seek"],"picked":"Echo Form","floor":10.0},{"not_picked":["Rainbow","hubris:Prefetch"],"picked":"Echo Form","floor":14},{"not_picked":["All For One","Creative AI"],"picked":"Buffer","floor":16},{"not_picked":["Meteor Strike","All For One"],"picked":"Electrodynamics","floor":23},{"not_picked":["Electrodynamics","All For One","Buffer"],"picked":"SKIP","floor":25},{"not_picked":["Biased Cognition","All For One","Fission"],"picked":"SKIP","floor":27}],"player_experience":100071,"relics_obtained":[{"floor":1.0,"key":"hubris:AstralHammer"},{"floor":5.0,"key":"Lantern"},{"floor":6.0,"key":"Calipers"},{"floor":8.0,"key":"hubris:CrystalStatue"},{"floor":9.0,"key":"Centennial Puzzle"},{"floor":10.0,"key":"PreservedInsect"},{"floor":11.0,"key":"Nunchaku"},{"floor":14,"key":"bronze:DecasWashers"},{"floor":17,"key":"Dream Catcher"},{"floor":17,"key":"Meat on the Bone"},{"floor":17,"key":"champ:DeflectingBracers"},{"floor":18,"key":"Ancient Tea Set"},{"floor":19,"key":"Art of War"},{"floor":22,"key":"The Courier"},{"floor":23,"key":"hubris:MysteriousPyramids"},{"floor":25,"key":"Whetstone"},{"floor":26,"key":"Mercury Hourglass"},{"floor":27,"key":"Toy Ornithopter"}],"event_choices":[{"damage_healed":17.0,"max_hp_gain":0.0,"max_hp_loss":0.0,"gold_gain":0.0,"event_name":"The Cleric","player_choice":"Healed","floor":2.0,"gold_loss":35.0,"damage_taken":0.0},{"damage_healed":0.0,"max_hp_gain":0.0,"max_hp_loss":0.0,"gold_gain":0.0,"event_name":"Scrap Ooze","player_choice":"Success","floor":4.0,"gold_loss":0.0,"damage_taken":11.0,"relics_obtained":["hubris:ToyBattleship"]},{"damage_healed":0,"gold_gain":0,"player_choice":"Ignored","damage_taken":0,"max_hp_gain":0,"max_hp_loss":0,"event_name":"Vampires","floor":21,"gold_loss":0}],"is_beta":false,"boss_relics":[{"not_picked":["Empty Cage","Astrolabe"],"picked":"Calling Bell"}],"items_purged_floors":[],"is_endless":true,"potions_floor_spawned":[5,6,10,11,14,18,23,25],"killed_by":"Centurion and Healer","ascension_level":20}}