{"host":"bpnwh7vpv9k3tssc","time":1612466617,"event":{"mods":["BaseMod","Colored Map","Colored Powertips","Curses Come First","Highlight Path","Minty Spire (QoL Compilation)","Quick Restart","Random Character Button","Relic Sorter","StSLib"],"gold_per_floor":[115,40,55,55,70,70,96,96,96,114,114,141,141,153,153,225,225,241,241,141,152,27,117,152,152,203,203,221,221,253,265,265,265,265],"floor_reached":33,"language":"ENG","playtime":994,"items_purged":["Pain","Writhe","Strike_R"],"score":600,"play_id":"cefb8a91-11d3-488d-97a4-17043845749b","local_time":"20210204202337","is_ascension_mode":true,"campfire_choices":[{"data":"Searing Blow","floor":6,"key":"SMITH"},{"data":"Searing Blow+1","floor":8,"key":"SMITH"},{"data":"Searing Blow+2","floor":11,"key":"SMITH"},{"data":"Searing Blow+3","floor":13,"key":"SMITH"},{"data":"Searing Blow+4","floor":15,"key":"SMITH"},{"data":"Searing Blow+5","floor":25,"key":"SMITH"},{"data":"Searing Blow+6","floor":27,"key":"SMITH"},{"data":"Searing Blow+7","floor":29,"key":"SMITH"},{"floor":32,"key":"REST"}],"circlet_count":0,"master_deck":["AscendersBane","Strike_R","Strike_R","Strike_R","Defend_R","Defend_R","Defend_R","Bash","Wild Strike","Headbutt","Uppercut","Thunderclap","Searing Blow+8","Pommel Strike","Seeing Red","Shrug It Off","Ghostly Armor","Offering","Metallicize","Inflame","True Grit","Warcry","Armaments"],"relics":["Burning Blood","Du-Vu Doll","CaptainsWheel","Ancient Tea Set","Sozu","Blood Vial","Darkstone Periapt","Centennial Puzzle","Bag of Preparation"],"acts_visited":["Exordium","TheCity"],"potions_floor_usage":[12,18,24],"damage_taken":[{"damage":9,"enemies":"Cultist","floor":1,"turns":3},{"damage":6,"enemies":"2 Louse","floor":3,"turns":2},{"damage":1,"enemies":"Small Slimes","floor":5,"turns":3},{"damage":45,"enemies":"Lagavulin","floor":7,"turns":7},{"damage":9,"enemies":"Exordium Wildlife","floor":10,"turns":3},{"damage":0,"enemies":"Gremlin Nob","floor":12,"turns":2},{"damage":0,"enemies":"Exordium Thugs","floor":14,"turns":2},{"damage":29,"enemies":"The Guardian","floor":16,"turns":6},{"damage":1,"enemies":"3 Byrds","floor":18,"turns":3},{"damage":17,"enemies":"2 Thieves","floor":21,"turns":4},{"damage":20,"enemies":"Slavers","floor":24,"turns":7},{"damage":0,"enemies":"Snecko","floor":28,"turns":2},{"damage":28,"enemies":"Gremlin Leader","floor":30,"turns":5},{"damage":6,"enemies":"3 Cultists","floor":31,"turns":4},{"damage":64,"enemies":"Automaton","floor":33,"turns":6}],"seed_played":"7741751317466489057","potions_obtained":[{"floor":3,"key":"LiquidBronze"},{"floor":7,"key":"Fire Potion"},{"floor":16,"key":"GamblersBrew"}],"is_trial":false,"path_per_floor":["M","$","M","?","M","R","E","R","T","M","R","E","R","M","R","B",null,"M","?","$","M","$","?","E","R","T","R","M","R","E","M","R","B"],"character_chosen":"IRONCLAD","items_purchased":[],"campfire_rested":1,"item_purchase_floors":[],"current_hp_per_floor":[65,65,65,65,70,70,31,31,31,28,28,34,34,40,40,17,61,66,66,66,57,57,45,33,33,33,33,41,41,21,23,45,0,0],"gold":265,"neow_bonus":"TRANSFORM_TWO_CARDS","is_daily":false,"chose_seed":false,"campfire_upgraded":8,"win_rate":0.0,"timestamp":1612466617,"path_taken":["M","$","?","?","M","R","E","R","T","M","R","E","R","M","R","BOSS","M","?","$","M","$","?","E","R","T","R","M","R","E","M","R","BOSS"],"items_purchased_type":[],"build_version":"2020-12-22","purchased_purges":3,"victory":false,"max_hp_per_floor":[75,75,75,75,75,75,75,75,75,75,75,75,75,75,75,75,75,75,75,75,75,75,75,75,75,75,75,75,75,75,75,75,75,75],"card_choices":[{"not_picked":["True Grit","Sword Boomerang"],"picked":"Uppercut","floor":1},{"not_picked":["Anger","Spot Weakness"],"picked":"Thunderclap","floor":3},{"not_picked":["Headbutt","Twin Strike"],"picked":"Searing Blow","floor":5},{"not_picked":["Havoc","Anger"],"picked":"Pommel Strike","floor":7},{"not_picked":["Metallicize","Rampage"],"picked":"Seeing Red","floor":10},{"not_picked":["Headbutt","Demon Form"],"picked":"Shrug It Off","floor":12},{"not_picked":["Clothesline","Armaments"],"picked":"Ghostly Armor","floor":14},{"not_picked":["Exhume","Juggernaut"],"picked":"Offering","floor":16},{"not_picked":["Wild Strike","Sword Boomerang"],"picked":"Metallicize","floor":18},{"not_picked":["Perfected Strike","Thunderclap+1"],"picked":"Inflame","floor":21},{"not_picked":["Exhume","Flame Barrier"],"picked":"True Grit","floor":24},{"not_picked":["Pommel Strike","Anger"],"picked":"Warcry","floor":28},{"not_picked":["Clothesline","Sever Soul+1"],"picked":"Armaments","floor":30},{"not_picked":["Whirlwind","Iron Wave","Perfected Strike+1"],"picked":"SKIP","floor":31}],"player_experience":350938,"relics_obtained":[{"floor":7,"key":"Du-Vu Doll"},{"floor":9,"key":"CaptainsWheel"},{"floor":12,"key":"Ancient Tea Set"},{"floor":24,"key":"Darkstone Periapt"},{"floor":26,"key":"Centennial Puzzle"},{"floor":30,"key":"Bag of Preparation"}],"event_choices":[{"damage_healed":0,"gold_gain":0,"player_choice":"Leave","damage_taken":0,"max_hp_gain":0,"max_hp_loss":0,"event_name":"The Cleric","floor":4,"gold_loss":0},{"damage_healed":0,"gold_gain":0,"player_choice":"Opened","damage_taken":0,"relics_obtained":["Blood Vial"],"max_hp_gain":0,"max_hp_loss":0,"event_name":"The Mausoleum","floor":19,"gold_loss":0,"cards_obtained":["Writhe"]},{"damage_healed":0,"gold_gain":90,"player_choice":"GOLD ","damage_taken":12,"max_hp_gain":0,"max_hp_loss":0,"event_name":"Knowing Skull","floor":23,"potions_obtained":[],"gold_loss":0,"cards_obtained":[]}],"is_beta":false,"boss_relics":[{"not_picked":["Busted Crown","Runic Pyramid"],"picked":"Sozu"}],"items_purged_floors":[2,20,22],"is_endless":false,"potions_floor_spawned":[3,7,16,21,24],"killed_by":"Automaton","ascension_level":15}}