{"host":"jpcy2bclvs7juczu","time":1612405010,"event":{"mods":["Alarm Clock","BaseMod","Bestiary","Block Reminder","Colored Map","Colored Powertips","Curses Come First","Dark Map","Filter the Spire","Minty Spire (QoL Compilation)","Quick Restart","RNG Fix","Relic Stats","Slay the Relics Exporter","Smile Girya","StSLib","everything is the same but u backflip on backflip","ojb\u0027s Better Paths Mod","ojb\u0027s Info Mod","slay the spire mod where everything is the same but ironclad has a cowboy hat"],"gold_per_floor":[111,161,180,196,214,214,214],"floor_reached":6,"language":"ENG","playtime":384,"items_purged":[],"score":76,"play_id":"3dcee4ea-fb72-47ad-bdcd-a62aab8b97ff","local_time":"20210203211650","is_ascension_mode":true,"campfire_choices":[],"circlet_count":0,"master_deck":["AscendersBane","Strike_G","Strike_G","Strike_G","Strike_G","Strike_G","Defend_G","Defend_G","Defend_G","Defend_G","Defend_G","Survivor","Neutralize","Dagger Spray","Underhanded Strike","Sucker Punch","Deadly Poison"],"relics":["Ring of the Snake","Pocketwatch"],"acts_visited":["Exordium"],"potions_floor_usage":[6,6],"damage_taken":[{"damage":0,"enemies":"Small Slimes","floor":1,"turns":4},{"damage":11,"enemies":"Jaw Worm","floor":3,"turns":4},{"damage":1,"enemies":"2 Louse","floor":4,"turns":2},{"damage":4,"enemies":"Lots of Slimes","floor":5,"turns":3},{"damage":37,"enemies":"Gremlin Nob","floor":6,"turns":4}],"seed_played":"-6015171496946564195","potions_obtained":[{"floor":3,"key":"Weak Potion"},{"floor":4,"key":"CunningPotion"}],"is_trial":false,"path_per_floor":["M","?","M","M","M","E"],"character_chosen":"THE_SILENT","items_purchased":[],"campfire_rested":0,"item_purchase_floors":[],"current_hp_per_floor":[59,53,42,41,37,0,0],"gold":214,"neow_bonus":"ONE_RARE_RELIC","is_daily":false,"chose_seed":false,"campfire_upgraded":0,"win_rate":0.0,"timestamp":1612405010,"path_taken":["M","?","M","M","?","E"],"items_purchased_type":[],"build_version":"2020-12-22","purchased_purges":0,"victory":false,"max_hp_per_floor":[60,60,60,60,60,60,60],"relic_stats":{"counters":[5,17],"obtain_stats":[{"Ring of the Snake":0,"Pocketwatch":0},{"Ring of the Snake":0,"Pocketwatch":0},{"Ring of the Snake":0,"Pocketwatch":0}],"Ring of the Snake":[10],"Pocketwatch":[24]},"card_choices":[{"not_picked":["Bane","Catalyst"],"picked":"Dagger Spray","floor":1},{"not_picked":["Acrobatics","Choke"],"picked":"Underhanded Strike","floor":3},{"not_picked":["Dodge and Roll","Endless Agony"],"picked":"Sucker Punch","floor":4},{"not_picked":["Prepared","PiercingWail"],"picked":"Deadly Poison","floor":5}],"player_experience":1563776,"relics_obtained":[],"event_choices":[{"damage_healed":0,"gold_gain":50,"player_choice":"Touch","damage_taken":6,"max_hp_gain":0,"max_hp_loss":0,"event_name":"FaceTrader","floor":2,"gold_loss":0}],"is_beta":false,"boss_relics":[],"items_purged_floors":[],"is_endless":false,"potions_floor_spawned":[3,4],"killed_by":"Gremlin Nob","ascension_level":20}}