{"host":"6a9c3xws62y7efyw","time":1612418162,"event":{"mods":["BaseMod","Colored Map","Minty Spire (QoL Compilation)","Relic Stats","StSLib"],"gold_per_floor":[20,20,35,35,59,59,93,93,117,136,172,186,186,111,111,111,111],"floor_reached":16,"language":"ENG","playtime":583,"items_purged":[],"score":220,"play_id":"8e6dbd5a-d122-4c4a-9463-68d6e1efda72","local_time":"20210203215602","is_ascension_mode":true,"campfire_choices":[{"data":"Noxious Fumes","floor":6,"key":"SMITH"},{"data":"Neutralize","floor":8,"key":"SMITH"},{"floor":15,"key":"REST"}],"circlet_count":0,"master_deck":["AscendersBane","Strike_G","Strike_G","Strike_G","Strike_G","Defend_G","Defend_G","Defend_G","Defend_G","Defend_G","Survivor","Neutralize+1","Glass Knife+1","Noxious Fumes+1","All Out Attack","Bane","Burst","Bane","Backflip"],"relics":["Ring of the Snake","Golden Idol","Juzu Bracelet","Oddly Smooth Stone","Centennial Puzzle","Dream Catcher"],"acts_visited":["Exordium"],"potions_floor_usage":[11,12],"damage_taken":[{"damage":0,"enemies":"2 Louse","floor":1,"turns":4},{"damage":4,"enemies":"Small Slimes","floor":3,"turns":5},{"damage":2,"enemies":"Jaw Worm","floor":5,"turns":2},{"damage":18,"enemies":"Lagavulin","floor":7,"turns":7},{"damage":1,"enemies":"Gremlin Gang","floor":10,"turns":5},{"damage":25,"enemies":"Gremlin Nob","floor":11,"turns":4},{"damage":2,"enemies":"Exordium Thugs","floor":12,"turns":3},{"damage":28,"enemies":"Hexaghost","floor":16,"turns":7}],"seed_played":"618495201981290744","potions_obtained":[{"floor":3,"key":"BlessingOfTheForge"},{"floor":5,"key":"ColorlessPotion"}],"is_trial":false,"path_per_floor":["M","?","M","?","M","R","E","R","T","M","E","M","?","?","R","B"],"character_chosen":"THE_SILENT","items_purchased":[],"campfire_rested":1,"item_purchase_floors":[],"current_hp_per_floor":[59,59,55,55,53,53,35,35,35,34,9,7,2,2,20,0,0],"gold":111,"neow_bonus":"THREE_RARE_CARDS","is_daily":false,"chose_seed":false,"campfire_upgraded":2,"win_rate":0.0,"timestamp":1612418162,"path_taken":["M","?","M","?","M","R","E","R","T","M","E","M","?","?","R","BOSS"],"items_purchased_type":[],"build_version":"2020-12-22","purchased_purges":0,"victory":false,"max_hp_per_floor":[66,60,60,60,60,60,60,60,60,60,60,60,60,60,60,60,60],"relic_stats":{"Centennial Puzzle":[6],"Dream Catcher":1,"counters":[8,37],"Golden Idol":29,"Juzu Bracelet":0,"obtain_stats":[{"Centennial Puzzle":11,"Dream Catcher":13,"Golden Idol":2,"Oddly Smooth Stone":9,"Juzu Bracelet":7,"Ring of the Snake":0},{"Centennial Puzzle":6,"Dream Catcher":7,"Golden Idol":1,"Oddly Smooth Stone":4,"Juzu Bracelet":4,"Ring of the Snake":0},{"Centennial Puzzle":27,"Dream Catcher":30,"Golden Idol":4,"Oddly Smooth Stone":18,"Juzu Bracelet":18,"Ring of the Snake":0}],"Ring of the Snake":[16]},"card_choices":[{"not_picked":["Die Die Die","Tools of the Trade"],"picked":"Glass Knife","floor":0},{"not_picked":["Sucker Punch","PiercingWail"],"picked":"Noxious Fumes","floor":1},{"not_picked":["Poisoned Stab","Underhanded Strike"],"picked":"All Out Attack","floor":3},{"not_picked":["Heel Hook","Deflect"],"picked":"Bane","floor":5},{"not_picked":["Sucker Punch","Quick Slash","Dagger Throw"],"picked":"SKIP","floor":7},{"not_picked":["Setup","Caltrops","Outmaneuver"],"picked":"SKIP","floor":10},{"not_picked":["Slice","Quick Slash"],"picked":"Burst","floor":11},{"not_picked":["Eviscerate","Outmaneuver"],"picked":"Bane","floor":12},{"not_picked":["Prepared","Terror"],"picked":"Backflip","floor":15}],"player_experience":1478279,"relics_obtained":[{"floor":7,"key":"Juzu Bracelet"},{"floor":9,"key":"Oddly Smooth Stone"},{"floor":11,"key":"Centennial Puzzle"}],"event_choices":[{"damage_healed":0,"gold_gain":0,"player_choice":"Lose Max HP","damage_taken":0,"relics_obtained":["Golden Idol"],"max_hp_gain":0,"max_hp_loss":6,"event_name":"Golden Idol","floor":2,"gold_loss":0},{"damage_healed":0,"gold_gain":0,"player_choice":"Grow","damage_taken":0,"max_hp_gain":0,"max_hp_loss":0,"event_name":"Living Wall","floor":4,"gold_loss":0,"cards_upgraded":["Glass Knife"]},{"damage_healed":0,"gold_gain":0,"player_choice":"Success","damage_taken":5,"relics_obtained":["Dream Catcher"],"max_hp_gain":0,"max_hp_loss":0,"event_name":"Scrap Ooze","floor":13,"gold_loss":0},{"cards_removed":["Strike_G"],"damage_healed":0,"gold_gain":0,"player_choice":"Card Removal","damage_taken":0,"max_hp_gain":0,"max_hp_loss":0,"event_name":"The Cleric","floor":14,"gold_loss":75}],"is_beta":false,"boss_relics":[],"items_purged_floors":[],"is_endless":false,"potions_floor_spawned":[3,5],"killed_by":"Hexaghost","ascension_level":20}}