{"host":"2q4w55ev63ot6isg","time":1612405400,"event":{"mods":["Aspiration","BaseMod","Downfall","Hubris","Marisa????????","Minty Spire (QoL Compilation)","Replay The Spire","StSLib","The Cursed","The Jungle","The Servant 0.9.4"],"gold_per_floor":[112,187,187,287,297,332,332,350,376,409,419,429,440,458,458,561,561,573,184,184,35,52,84,84,84,107,139,151,176,187,200,200,200,200],"floor_reached":33,"language":"ENG","playtime":1396,"items_purged":["downfall:Haunted"],"score":504,"play_id":"5281360d-af30-48b2-aedc-68c85aa7a9dc","local_time":"20210203182320","is_ascension_mode":true,"campfire_choices":[{"floor":7,"key":"REST"},{"floor":15,"key":"DIG"},{"data":"Corruption","floor":24,"key":"SMITH"},{"data":"Limit Break","floor":32,"key":"SMITH"}],"circlet_count":0,"master_deck":["Strike_R","Strike_R","Strike_R","Strike_R","Strike_R","Defend_R","Defend_R","Defend_R+1","Defend_R","Bash","Havoc","CurseOfTheBell","CurseOfTheBell","downfall:Haunted","Reaper","Flame Barrier","Limit Break+1","Evolve","Havoc","Uppercut","Seeing Red+1","Hemogenesis","Overencumbered","ReplayTheSpireMod:Splinters","Spot Weakness","Power Through","Corruption+1","Flex+1","Feed","Sickly","Intimidate+1","Havoc+1","Reaper"],"relics":["Burning Blood","aspiration:Nostalgia","m_IronCrown","downfall:ExtraCursedBell","Gremlin Food","hubris:DeckOfHolding","Calipers","MealTicket","Guardian:PocketSentry","Tiny Chest","Happy Flower","Replay:Ancient Bell","Vajra","Onion Ring","Ginger","aspiration:SeaSaltIceCream","Burning Blood","Replay:Accelerometer","ReplayTheSpireMod:Ring of Addiction","Toy Ornithopter","SacredBark","Centennial Puzzle","Peace Pipe","ReplayTheSpireMod:Lightbulb"],"acts_visited":["Exordium","TheCity"],"potions_floor_usage":[10,16,18,22,23,23,27,28,28,30],"damage_taken":[{"damage":0,"enemies":"Small Slimes","floor":1,"turns":3},{"damage":16,"enemies":"Jaw Worm","floor":5,"turns":5},{"damage":56,"enemies":"Gremlin Nob","floor":6,"turns":6},{"damage":10,"enemies":"Cultist","floor":8,"turns":5},{"damage":24,"enemies":"Lagavulin","floor":10,"turns":10},{"damage":12,"enemies":"2 Fungi Beasts","floor":11,"turns":5},{"damage":0,"enemies":"Large Slime","floor":12,"turns":7},{"damage":0,"enemies":"Looter","floor":13,"turns":4},{"damage":11,"enemies":"Blue Slaver","floor":14,"turns":5},{"damage":57,"enemies":"Fading Forest","floor":16,"turns":11},{"damage":45,"enemies":"Shell Parasite","floor":18,"turns":10},{"damage":18,"enemies":"3 Byrds","floor":22,"turns":5},{"damage":61,"enemies":"Slavers","floor":23,"turns":5},{"damage":88,"enemies":"Gremlin Leader","floor":27,"turns":11},{"damage":34,"enemies":"3 Cultists","floor":28,"turns":6},{"damage":11,"enemies":"Snake Plant","floor":30,"turns":4},{"damage":42,"enemies":"Shelled Parasite and Fungi","floor":31,"turns":6},{"damage":81,"enemies":"hubris:MusketHawk","floor":33,"turns":7}],"seed_played":"-8626419004811783985","potions_obtained":[{"floor":6,"key":"Block Potion"},{"floor":8,"key":"Elixir"},{"floor":10,"key":"BloodPotion"},{"floor":12,"key":"Adrenaline Potion"},{"floor":16,"key":"BloodPotion"},{"floor":22,"key":"PowerPotion"},{"floor":23,"key":"Regen Potion"},{"floor":25,"key":"SneckoOil"},{"floor":25,"key":"SkillPotion"},{"floor":27,"key":"Swift Potion"},{"floor":30,"key":"SpeedPotion"}],"is_trial":false,"path_per_floor":["M","?","?","?","M","E","R","M","T","E","M","M","M","M","R","B",null,"M","$","?","$","M","E","R","?","T","E","M","T","M","M","R","B"],"character_chosen":"IRONCLAD","items_purchased":["aspiration:SeaSaltIceCream","Power Through","Corruption"],"campfire_rested":1,"item_purchase_floors":[19,19,21],"current_hp_per_floor":[80,69,69,69,71,31,55,63,63,57,61,76,80,80,80,57,74,62,77,77,80,80,58,58,58,58,41,68,68,80,66,66,0,0],"gold":200,"neow_bonus":"NOSTALGIA","is_daily":false,"chose_seed":false,"campfire_upgraded":2,"win_rate":0.0,"timestamp":1612405400,"path_taken":["M","?","?","?","M","E","R","M","T","E","?","M","M","M","R","BOSS","M","$","?","$","M","E","R","?","T","E","M","?","M","M","R","BOSS"],"items_purchased_type":["Relic","Card","Card"],"build_version":"2020-12-22","purchased_purges":1,"victory":false,"max_hp_per_floor":[80,80,80,80,80,80,80,80,80,80,80,80,80,80,80,80,80,80,80,80,80,80,80,80,80,80,80,80,80,80,83,83,83,83],"card_choices":[{"not_picked":["ReplayTheSpireMod:Strike From Hell","Heavy Blade"],"picked":"Havoc","floor":1},{"not_picked":["Twin Strike","Dropkick"],"picked":"Flame Barrier","floor":5},{"not_picked":["Perfected Strike","Metallicize"],"picked":"Limit Break","floor":6},{"not_picked":["Run Through","Perfected Strike","hubris:SharpeningStone"],"picked":"SKIP","floor":8},{"not_picked":["ReplayTheSpireMod:Limb From Limb","Clash"],"picked":"Evolve","floor":10},{"not_picked":["Evolve","Infernal Blade"],"picked":"Havoc","floor":11},{"not_picked":["Heavy Blade","Carnage","Perfected Strike"],"picked":"SKIP","floor":12},{"not_picked":["Cleave","Run Through"],"picked":"Uppercut","floor":13},{"not_picked":["Rupture","Clash"],"picked":"Seeing Red","floor":14},{"not_picked":["Berserk","Reaper"],"picked":"Hemogenesis","floor":16},{"not_picked":["Languid","hubris:Lust"],"picked":"Overencumbered","floor":17},{"not_picked":["hubris:Wrath","CurseOfTheBell"],"picked":"ReplayTheSpireMod:Splinters","floor":17},{"not_picked":["hubris:Compulsion","ReplayTheSpireMod:Faulty Equipment"],"picked":"downfall:Haunted","floor":17},{"not_picked":["ReplayTheSpireMod:Corrosion Curse","Battle Trance"],"picked":"Spot Weakness","floor":18},{"not_picked":["Replay:Undeath\u0027s Touch","Warcry"],"picked":"Flex+1","floor":22},{"not_picked":["Combust+1","Clothesline"],"picked":"Feed","floor":23},{"not_picked":["Evolve","Clash+1"],"picked":"Intimidate+1","floor":27},{"not_picked":["Pommel Strike+1","Fire Breathing+1"],"picked":"Havoc+1","floor":28},{"not_picked":["Thunderclap","Warcry","Twin Strike+1"],"picked":"SKIP","floor":30},{"not_picked":["Blood for Blood","Wild Strike+1"],"picked":"Reaper","floor":31}],"player_experience":214169,"relics_obtained":[{"floor":3,"key":"Gremlin Food"},{"floor":3,"key":"hubris:DeckOfHolding"},{"floor":3,"key":"Calipers"},{"floor":6,"key":"MealTicket"},{"floor":9,"key":"Guardian:PocketSentry"},{"floor":10,"key":"Tiny Chest"},{"floor":15,"key":"Happy Flower"},{"floor":23,"key":"Replay:Accelerometer"},{"floor":25,"key":"ReplayTheSpireMod:Ring of Addiction"},{"floor":25,"key":"Toy Ornithopter"},{"floor":25,"key":"SacredBark"},{"floor":26,"key":"Centennial Puzzle"},{"floor":27,"key":"Peace Pipe"},{"floor":29,"key":"ReplayTheSpireMod:Lightbulb"}],"event_choices":[{"damage_healed":0,"gold_gain":75,"player_choice":"Gather Gold","damage_taken":11,"max_hp_gain":0,"max_hp_loss":0,"event_name":"World of Goop","floor":2,"gold_loss":0},{"damage_healed":0,"gold_gain":100,"player_choice":"Pray","damage_taken":0,"max_hp_gain":0,"max_hp_loss":0,"event_name":"Golden Shrine","floor":4,"gold_loss":0}],"is_beta":false,"boss_relics":[{"not_picked":["Replay:Drink Me","Replay:Fungal Core"],"picked":"Replay:Ancient Bell"},{"not_picked":["Boot","Orichalcum"],"picked":"Vajra"},{"not_picked":["Mercury Hourglass","Replay:Bottled Flurry"],"picked":"Onion Ring"},{"not_picked":["Magic Flower","Girya"],"picked":"Ginger"}],"items_purged_floors":[19],"is_endless":false,"potions_floor_spawned":[6,8,10,12,16,22,23,27,30],"killed_by":"hubris:MusketHawk","ascension_level":7}}