{"host":"ijtyqc57s6c9mbij","time":1612417375,"event":{"mods":["BaseMod","Colored Map","Downfall","Minty Spire (QoL Compilation)","StSLib"],"gold_per_floor":[99,113,113,125,141,170,209,671,24,124,136,150,50,100,118,213,213,113,123,133,151,171,171,171,171,185,198,228,228,241,241,259,354,354,254,267,278,278,288,46,46,46,46,96,113,138,138,183,194,194,194,225,68,68,68,68],"floor_reached":57,"language":"ENG","playtime":4834,"items_purged":["downfall:Icky"],"score":1456,"play_id":"5b90f41a-91de-4acb-9537-8191949dc838","local_time":"20210203214255","is_ascension_mode":true,"campfire_choices":[{"data":"bronze:Goto","floor":1.0,"key":"SMITH"},{"floor":13.0,"key":"RECALL"},{"data":"bronze:Repulsor","floor":18.0,"key":"SMITH"},{"data":"bronze:BronzeOrb","floor":23.0,"key":"SMITH"},{"data":"bronze:RecursiveStrike","floor":35.0,"key":"SMITH"},{"floor":43.0,"key":"REST"},{"data":"bronze:BronzeOrb","floor":47,"key":"SMITH"},{"data":"bronze:Mutator","floor":54,"key":"SMITH"}],"circlet_count":0,"master_deck":["bronze:Strike","bronze:Strike","bronze:Strike","bronze:Strike","bronze:Defend","bronze:Defend","bronze:Defend","bronze:Defend","bronze:Replicate","bronze:Goto+1","bronze:MaxOutput","bronze:DelayedGuard","bronze:Separator","bronze:Safeguard","downfall:Icky","downfall:Icky","bronze:Repulsor+1","bronze:BronzeOrb+1","bronze:ClassDefault","bronze:Overheat","bronze:RecursiveStrike+1","CurseOfTheBell","bronze:WhirlingStrike+1","bronze:ChildClass","bronze:DelayedGuard+1","bronze:Constructor","Necronomicurse","bronze:Iterate","bronze:BronzeOrb+1","bronze:ChildClass+1","Slimebound:CheckThePlaybook","bronze:Branch","bronze:WildBeam+1","bronze:ThunderWave","bronze:BuggyMess","bronze:Terminator","bronze:BitShift+1","bronze:BugBarrage+1","bronze:Optimize+1","bronze:Turbo+1","bronze:GetLatest+1","bronze:Shell+1","bronze:FindAndReplace+1","bronze:Mutator+1"],"relics":["bronze:MakeshiftBattery","MawBank","Orichalcum","ClockworkSouvenir","Oddly Smooth Stone","Shuriken","downfall:HeartBlessingGreen","Strawberry","Calling Bell","hexamod:BolsterEngine","Pear","Dead Branch","downfall:HeartBlessingRed","The Courier","Necronomicon","champ:DuelingGlove","Philosopher\u0027s Stone","downfall:HeartBlessingBlue","Guardian:BottledAnomaly","Lizard Tail","Toxic Egg 2","Centennial Puzzle","bronze:BottledCode","Mango","Unceasing Top","Ginger","Kunai"],"acts_visited":["Exordium","TheCity","TheBeyond","TheEnding"],"potions_floor_usage":[50,50,53,55],"damage_taken":[{"damage":3.0,"enemies":"Jaw Worm","floor":2.0,"turns":4.0},{"damage":8.0,"enemies":"Small Slimes","floor":4.0,"turns":3.0},{"damage":8.0,"enemies":"2 Louse","floor":5.0,"turns":3.0},{"damage":10.0,"enemies":"3 Sentries","floor":6.0,"turns":8.0},{"damage":0.0,"enemies":"downfall:FleeingMerchant","floor":9.0,"turns":4.0},{"damage":19.0,"enemies":"Gremlin Gang","floor":11.0,"turns":5.0},{"damage":1.0,"enemies":"Exordium Thugs","floor":12.0,"turns":7.0},{"damage":3.0,"enemies":"Large Slime","floor":15.0,"turns":5.0},{"damage":11.0,"enemies":"DF_ARCHETYPE_STREAMLINE","floor":16.0,"turns":11.0},{"damage":11.0,"enemies":"3 Byrds","floor":19.0,"turns":6.0},{"damage":5.0,"enemies":"Sentry and Sphere","floor":20.0,"turns":3.0},{"damage":18.0,"enemies":"Snake Plant","floor":21.0,"turns":4.0},{"damage":0.0,"enemies":"Centurion and Healer","floor":22.0,"turns":3.0},{"damage":1.0,"enemies":"Cultist and Chosen","floor":26.0,"turns":4.0},{"damage":1.0,"enemies":"Chosen and Byrds","floor":27.0,"turns":3.0},{"damage":4.0,"enemies":"Slavers","floor":28.0,"turns":4.0},{"damage":0.0,"enemies":"Shelled Parasite and Fungi","floor":30.0,"turns":2.0},{"damage":0.0,"enemies":"Snecko","floor":32.0,"turns":3.0},{"damage":0.0,"enemies":"WA_ARCHETYPE_CALM","floor":33.0,"turns":5.0},{"damage":0.0,"enemies":"Orb Walker","floor":36.0,"turns":2.0},{"damage":0.0,"enemies":"3 Darklings","floor":37.0,"turns":2.0},{"damage":42.0,"enemies":"Transient","floor":39.0,"turns":5.0},{"damage":2.0,"enemies":"downfall:FleeingMerchant","floor":40.0,"turns":3.0},{"damage":0.0,"enemies":"downfall:FleeingMerchant","floor":44.0,"turns":3.0},{"damage":0.0,"enemies":"Maw","floor":45.0,"turns":3.0},{"damage":34.0,"enemies":"Nemesis","floor":46.0,"turns":4.0},{"damage":0,"enemies":"2 Orb Walkers","floor":48,"turns":2},{"damage":0,"enemies":"Jaw Worm Horde","floor":49,"turns":2},{"damage":0,"enemies":"IC_BLOCK_ARCHETYPE","floor":50,"turns":7},{"damage":19,"enemies":"downfall:CharBossMerchant","floor":52,"turns":4},{"damage":0,"enemies":"downfall:NeowBoss","floor":55,"turns":8},{"damage":28,"enemies":"downfall:NeowBossFinal","floor":56,"turns":6}],"seed_played":"8167286052517590299","potions_obtained":[{"floor":2.0,"key":"EssenceOfSteel"},{"floor":4.0,"key":"AttackPotion"},{"floor":11.0,"key":"Swift Potion"},{"floor":12.0,"key":"Ancient Potion"},{"floor":16.0,"key":"EssenceOfSteel"},{"floor":21.0,"key":"AttackPotion"},{"floor":26.0,"key":"Fire Potion"},{"floor":28.0,"key":"FearPotion"},{"floor":32.0,"key":"Dexterity Potion"},{"floor":33.0,"key":"EssenceOfSteel"},{"floor":52,"key":"Swift Potion"}],"is_trial":false,"path_per_floor":["R","M","?","M","M","E","T","?","$","?","M","M","R","T","M","B",null,"R","M","M","M","M","R","T","?","M","M","E","?","M","T","M","B",null,"R","M","M","?","M","$","T","?","R","?","M","E","R","?","M","B",null,"E","$","R","B","B",null],"character_chosen":"THE_AUTOMATON","items_purchased":["ClockworkSouvenir","Oddly Smooth Stone","Shuriken","Guardian:BottledAnomaly","Lizard Tail","Toxic Egg 2","Fruit Juice","CultistPotion"],"campfire_rested":1,"item_purchase_floors":[9,9,9,40,40,40,53,53],"current_hp_per_floor":[70,67,67,59,51,41,41,41,41,41,22,21,21,28,25,14,87,87,76,71,53,53,53,53,37,36,35,31,31,31,31,31,31,79,89,89,89,89,47,45,45,45,68,82,82,48,48,48,48,48,93,74,79,79,79,51],"gold":68,"neow_bonus":"BOSS_RELIC","is_daily":false,"chose_seed":false,"campfire_upgraded":6,"win_rate":0.0,"timestamp":1612417375,"path_taken":["R","M","?","M","M","E","T","?","$","?","M","?","R","?","M","BOSS","R","M","M","M","M","R","T","?","M","M","E","?","M","?","M","BOSS","R","M","?","?","M","$","T","?","R","?","M","E","R","?","M","BOSS","E","$","R","BOSS","BOSS"],"items_purchased_type":["Relic","Relic","Relic","Relic","Relic","Relic","Potion","Potion"],"build_version":"2020-12-22","purchased_purges":1,"victory":true,"max_hp_per_floor":[70,70,70,70,70,70,70,70,70,70,70,70,70,77,77,77,87,87,87,87,87,87,87,87,87,87,87,87,79,79,79,79,79,79,89,89,89,89,89,89,89,79,79,93,93,93,93,93,93,93,93,93,98,98,98,98],"card_choices":[{"not_picked":["bronze:Deprecate","bronze:DigitalCarnage"],"picked":"bronze:MaxOutput","floor":2.0},{"not_picked":["bronze:DelayedSlice","bronze:ForceShield"],"picked":"bronze:DelayedGuard","floor":4.0},{"not_picked":["bronze:GetLatest","bronze:BugBarrage"],"picked":"bronze:Separator","floor":5.0},{"not_picked":["bronze:MaxOutput","bronze:GetLatest"],"picked":"bronze:Safeguard","floor":6.0},{"not_picked":["bronze:BitShift","bronze:ClassDefault"],"picked":"bronze:Repulsor","floor":9.0},{"not_picked":["bronze:Frontload","bronze:WildBeam"],"picked":"bronze:BronzeOrb","floor":11.0},{"not_picked":["bronze:ChildClass","bronze:DelayedGuard"],"picked":"bronze:ClassDefault","floor":12.0},{"not_picked":["bronze:WildBeam","bronze:Invalidate"],"picked":"bronze:Overheat","floor":15.0},{"not_picked":["bronze:Assembly","bronze:Break"],"picked":"bronze:RecursiveStrike","floor":16.0},{"not_picked":["bronze:DelayedGuard","bronze:OilSpill"],"picked":"bronze:WhirlingStrike+1","floor":19.0},{"not_picked":["bronze:Return","bronze:Backtrace"],"picked":"bronze:ChildClass","floor":20.0},{"not_picked":["bronze:Overheat","bronze:Philosophize"],"picked":"bronze:DelayedGuard+1","floor":21.0},{"not_picked":["bronze:Overheat","bronze:WhirlingStrike"],"picked":"bronze:Constructor","floor":22.0},{"not_picked":["bronze:Frontload","bronze:ThunderWave"],"picked":"bronze:Iterate","floor":26.0},{"not_picked":["bronze:DelayedSlice","bronze:DelayedGuard"],"picked":"bronze:BronzeOrb","floor":27.0},{"not_picked":["bronze:Flail+1","bronze:Safeguard"],"picked":"bronze:ChildClass+1","floor":28.0},{"not_picked":["bronze:Overheat","bronze:CutThrough"],"picked":"bronze:Branch","floor":30.0},{"not_picked":["bronze:CutThrough","bronze:Frontload"],"picked":"bronze:WildBeam+1","floor":32.0},{"not_picked":["bronze:Break","bronze:HardenedForm"],"picked":"bronze:ThunderWave","floor":33.0},{"not_picked":["bronze:Overheat","bronze:OilSpill+1"],"picked":"bronze:BuggyMess","floor":36.0},{"not_picked":["bronze:ForLoop+1","bronze:WhirlingStrike+1"],"picked":"bronze:Terminator","floor":37.0},{"not_picked":["bronze:Overheat+1","bronze:Deprecate+1"],"picked":"bronze:BitShift+1","floor":39.0},{"not_picked":["bronze:WildBeam+1","bronze:Deprecate"],"picked":"bronze:BugBarrage+1","floor":40.0},{"not_picked":["bronze:Deprecate+1","bronze:DelayedSlice"],"picked":"bronze:Optimize+1","floor":44.0},{"not_picked":["bronze:Frontload+1","bronze:Overload+1"],"picked":"bronze:Turbo+1","floor":45.0},{"not_picked":["bronze:BitShift+1","bronze:Deprecate+1"],"picked":"bronze:GetLatest+1","floor":46},{"not_picked":["bronze:OilSpill+1","bronze:Terminator+1"],"picked":"bronze:Shell+1","floor":48},{"not_picked":["bronze:Deprecate+1","bronze:WhirlingStrike"],"picked":"bronze:FindAndReplace+1","floor":49},{"not_picked":["bronze:Boost+1","bronze:DelayedSlice+1"],"picked":"bronze:Mutator","floor":52}],"player_experience":961883,"relics_obtained":[{"floor":6.0,"key":"MawBank"},{"floor":7.0,"key":"Orichalcum"},{"floor":14.0,"key":"Strawberry"},{"floor":17.0,"key":"hexamod:BolsterEngine"},{"floor":17.0,"key":"Pear"},{"floor":17.0,"key":"Dead Branch"},{"floor":24.0,"key":"The Courier"},{"floor":25.0,"key":"Necronomicon"},{"floor":28.0,"key":"champ:DuelingGlove"},{"floor":41.0,"key":"Centennial Puzzle"},{"floor":44.0,"key":"Mango"},{"floor":46,"key":"Unceasing Top"},{"floor":48,"key":"Ginger"},{"floor":52,"key":"Kunai"}],"event_choices":[{"damage_healed":0,"gold_gain":0,"player_choice":"Fight","damage_taken":0,"max_hp_gain":0,"max_hp_loss":0,"event_name":"Mysterious Sphere","floor":48,"gold_loss":0}],"is_beta":false,"boss_relics":[{"not_picked":["Astrolabe","Velvet Choker"],"picked":"Calling Bell"},{"not_picked":["Busted Crown","Tiny House"],"picked":"Philosopher\u0027s Stone"}],"items_purged_floors":[9],"is_endless":false,"potions_floor_spawned":[2,4,11,12,16,21,26,28,32,33,36,37,44,45,49,52],"ascension_level":2}}