{"host":"fcahl3eoq3wyk5ji","time":1612476331,"event":{"mods":["Alarm Clock","BaseMod","GungeonMod","Highlight Path","Minty Spire (QoL Compilation)","Quick Restart","StSLib"],"gold_per_floor":[111,36,49,49,49,75,90,118,173,173,203,203,203,223,223,327,327,344,344,364,364,383,419,419,468,492,547,572,584,596,608,620,728,740,784,176,200,240,295,351,380,380,427,427,456,456,0,20,20,30],"floor_reached":51,"language":"KOR","playtime":3909,"items_purged":["DemoMod:Strike_Huntress","DemoMod:Strike_Huntress"],"score":933,"play_id":"199e72b0-91b4-4ded-94b9-33f18b296cbd","local_time":"20210205070531","is_ascension_mode":false,"campfire_choices":[{"data":"DemoMod:CombinedRifle","floor":10.0,"key":"SMITH"},{"data":"DemoMod:BlankBullets","floor":12.0,"key":"SMITH"},{"data":"DemoMod:ZorGun","floor":15.0,"key":"SMITH"},{"data":"DemoMod:FinishedGun","floor":24.0,"key":"SMITH"},{"data":"DemoMod:FinishedGun","floor":29.0,"key":"SMITH"},{"data":"DemoMod:HungryBullets","floor":32.0,"key":"SMITH"},{"data":"DemoMod:ConditionalReflex","floor":42,"key":"SMITH"},{"data":"DemoMod:BattleInHaste","floor":44,"key":"SMITH"},{"data":"DemoMod:SniperShot","floor":46,"key":"SMITH"},{"data":"DemoMod:FeignSurrender","floor":49,"key":"SMITH"}],"circlet_count":0,"master_deck":["DemoMod:Strike_Huntress","DemoMod:Defend_Huntress","DemoMod:Defend_Huntress","DemoMod:Defend_Huntress","DemoMod:Roll","DemoMod:ManualReload+1","DemoMod:RustySidearm","DemoMod:CrossBow","DemoMod:HardPowerCard","DemoMod:MachoBrace","DemoMod:BattleInHaste","DemoMod:CombinedRifle+1","DemoMod:DirectionalPad","DemoMod:BlankBullets+1","DemoMod:ZorGun+1","DemoMod:FinishedGun+1","DemoMod:HuntsMan+1","DemoMod:SniperShot+1","DemoMod:HardPowerCard+1","DemoMod:BlackHoleGun","DemoMod:TeaPot","DemoMod:HungryBullets+1","DemoMod:FinishedGun+1","DemoMod:Desperate+1","DemoMod:ConditionalReflex+1","DemoMod:EasyReloadBullets","DemoMod:BattleInHaste+1","DemoMod:HardPowerCard","DemoMod:BattleInHaste+1","DemoMod:CursedBullets+1","DemoMod:ConditionalReflex+1","DemoMod:FeignSurrender+1","DemoMod:TableSutra+1"],"relics":["DemoMod:Dog","NeowsBlessing","DemoMod:BlueGuonStone","DemoMod:Plus1Bullets","DemoMod:LamentConfigurum","Bag of Marbles","Black Star","DemoMod:OrangeGuonStone","TungstenRod","Boot","Oddly Smooth Stone","MawBank","PreservedInsect","Pen Nib","DemoMod:Test1","DemoMod:RedGuonStone","Lee\u0027s Waffle","Bag of Preparation","WingedGreaves","Lantern","Frozen Egg 2","War Paint","Red Mask","DemoMod:RingOfEthereal"],"acts_visited":["Exordium","TheCity","TheBeyond"],"potions_floor_usage":[50],"damage_taken":[{"damage":0.0,"enemies":"Small Slimes","floor":1.0,"turns":1.0},{"damage":0.0,"enemies":"Cultist","floor":3.0,"turns":1.0},{"damage":0.0,"enemies":"Gremlin Nob","floor":6.0,"turns":1.0},{"damage":11.0,"enemies":"Jaw Worm","floor":7.0,"turns":8.0},{"damage":13.0,"enemies":"Lagavulin","floor":8.0,"turns":8.0},{"damage":0.0,"enemies":"Gremlin Nob","floor":11.0,"turns":3.0},{"damage":0.0,"enemies":"Exordium Thugs","floor":14.0,"turns":3.0},{"damage":35.0,"enemies":"Hexaghost","floor":16.0,"turns":12.0},{"damage":16.0,"enemies":"Shell Parasite","floor":18.0,"turns":3.0},{"damage":0.0,"enemies":"Spheric Guardian","floor":20.0,"turns":4.0},{"damage":0.0,"enemies":"Snake Plant","floor":22.0,"turns":1.0},{"damage":7.0,"enemies":"Gremlin Leader","floor":23.0,"turns":7.0},{"damage":5.0,"enemies":"Slavers","floor":25.0,"turns":4.0},{"damage":0.0,"enemies":"Book of Stabbing","floor":27.0,"turns":7.0},{"damage":0.0,"enemies":"Shelled Parasite and Fungi","floor":28.0,"turns":2.0},{"damage":0.0,"enemies":"Automaton","floor":33.0,"turns":8.0},{"damage":20.0,"enemies":"Orb Walker","floor":35.0,"turns":2.0},{"damage":1.0,"enemies":"3 Shapes","floor":37.0,"turns":4.0},{"damage":0.0,"enemies":"3 Darklings","floor":38.0,"turns":6.0},{"damage":0.0,"enemies":"4 Shapes","floor":39.0,"turns":3.0},{"damage":12,"enemies":"Reptomancer","floor":40,"turns":2},{"damage":0,"enemies":"Transient","floor":41,"turns":5},{"damage":0,"enemies":"Nemesis","floor":45,"turns":1},{"damage":0,"enemies":"Writhing Mass","floor":48,"turns":3},{"damage":20,"enemies":"Time Eater","floor":50,"turns":12}],"seed_played":"-8329982819397199597","potions_obtained":[{"floor":6.0,"key":"Regen Potion"},{"floor":11.0,"key":"BlessingOfTheForge"},{"floor":16.0,"key":"Weak Potion"},{"floor":23.0,"key":"FearPotion"},{"floor":28.0,"key":"Fruit Juice"},{"floor":33.0,"key":"DistilledChaos"},{"floor":41,"key":"SteroidPotion"},{"floor":45,"key":"ColorlessPotion"}],"is_trial":false,"path_per_floor":["M","$","M","?","$","E","M","E","T","R","E","R","?","M","R","B",null,"M","?","M","?","M","E","R","E","T","E","M","R","$","?","R","B",null,"M","$","M","M","M","E","M","R","T","R","E","R","?","M","R","B",null],"character_chosen":"HUNTRESS","items_purchased":["DemoMod:EasyReloadBullets","DemoMod:RedGuonStone","DemoMod:BattleInHaste","Lee\u0027s Waffle","FearPotion","ColorlessPotion"],"campfire_rested":0,"item_purchase_floors":[36,36,36,36,36,36],"current_hp_per_floor":[70,70,70,75,75,75,64,51,51,51,51,51,51,51,51,16,75,59,59,59,45,45,53,53,48,48,48,48,48,48,48,48,53,85,65,92,91,91,91,79,79,79,79,79,79,79,79,79,79,59],"gold":30,"neow_bonus":"THREE_ENEMY_KILL","is_daily":false,"chose_seed":false,"campfire_upgraded":10,"win_rate":0.0,"timestamp":1612476331,"path_taken":["M","$","M","?","$","E","M","E","T","R","E","R","?","M","R","BOSS","M","?","M","?","M","E","R","E","T","E","M","R","$","?","R","BOSS","M","$","M","M","M","E","M","R","T","R","E","R","?","M","R","BOSS"],"items_purchased_type":["Card","Relic","Card","Relic","Potion","Potion"],"build_version":"2020-12-22","purchased_purges":2,"victory":true,"max_hp_per_floor":[70,70,70,75,75,75,75,75,75,75,75,75,75,75,75,75,75,75,75,75,80,80,80,80,80,80,80,80,80,80,80,80,85,85,85,92,92,92,92,92,92,92,92,92,92,92,92,92,92,92],"card_choices":[{"not_picked":["DemoMod:SkilledReload","DemoMod:Polaris"],"picked":"DemoMod:HardPowerCard","floor":1.0},{"not_picked":["DemoMod:FeignSurrender","DemoMod:HuntsMan"],"picked":"DemoMod:MachoBrace","floor":3.0},{"not_picked":["DemoMod:Ejector","DemoMod:FastSwitch"],"picked":"DemoMod:BattleInHaste","floor":6.0},{"not_picked":["DemoMod:Ejector","DemoMod:BoxingGlove"],"picked":"DemoMod:CombinedRifle","floor":7.0},{"not_picked":["DemoMod:Unmoved","DemoMod:DoubleSwitch"],"picked":"DemoMod:DirectionalPad","floor":8.0},{"not_picked":["DemoMod:DirectionalPad","DemoMod:BattleInHaste"],"picked":"DemoMod:BlankBullets","floor":11.0},{"not_picked":["DemoMod:GunShield","DemoMod:SAA"],"picked":"DemoMod:ZorGun","floor":14.0},{"not_picked":["DemoMod:SuppressiveFire","DemoMod:BlankBullets"],"picked":"DemoMod:FinishedGun","floor":16.0},{"not_picked":["DemoMod:AC15+1","DemoMod:MachoBrace"],"picked":"DemoMod:HuntsMan+1","floor":18.0},{"not_picked":["DemoMod:DirectionalPad","DemoMod:ProbeStrike+1"],"picked":"DemoMod:HardPowerCard","floor":20.0},{"not_picked":["DemoMod:Unmoved","DemoMod:AC15"],"picked":"DemoMod:BlackHoleGun","floor":22.0},{"not_picked":["DemoMod:SAA","DemoMod:FeignSurrender+1"],"picked":"DemoMod:TeaPot","floor":23.0},{"not_picked":["DemoMod:AC15","DemoMod:BoxingGlove","DemoMod:DirectionalPad"],"picked":"SKIP","floor":25.0},{"not_picked":["DemoMod:GunstockTap+1","DemoMod:Polaris"],"picked":"DemoMod:HungryBullets","floor":27.0},{"not_picked":["DemoMod:AWP","DemoMod:DoubleSwitch"],"picked":"DemoMod:FinishedGun","floor":28.0},{"not_picked":["DemoMod:BulletBore","DemoMod:BSG"],"picked":"DemoMod:Desperate","floor":33.0},{"not_picked":["DemoMod:BoxingGlove+1","DemoMod:JK47"],"picked":"DemoMod:ConditionalReflex","floor":35.0},{"not_picked":["DemoMod:GunstockTap","DemoMod:DarkMarker"],"picked":"DemoMod:HardPowerCard","floor":37.0},{"not_picked":["DemoMod:SkilledReload+1","DemoMod:TeaPot+1"],"picked":"DemoMod:BattleInHaste+1","floor":38.0},{"not_picked":["DemoMod:Polaris","DemoMod:HuntsMan+1"],"picked":"DemoMod:CursedBullets+1","floor":39.0},{"not_picked":["DemoMod:ThirdPartyController","DemoMod:HardPowerCard"],"picked":"DemoMod:ConditionalReflex+1","floor":40},{"not_picked":["DemoMod:MachoBrace+1","DemoMod:Ejector","DemoMod:SniperShot"],"picked":"SKIP","floor":41},{"not_picked":["DemoMod:MegaHand+1","DemoMod:AbyssalTentacle+1"],"picked":"DemoMod:FeignSurrender","floor":45},{"not_picked":["DemoMod:Purify+1","DemoMod:ZorGun+1"],"picked":"DemoMod:TableSutra+1","floor":48}],"player_experience":25638,"relics_obtained":[{"floor":6.0,"key":"DemoMod:BlueGuonStone"},{"floor":8.0,"key":"DemoMod:Plus1Bullets"},{"floor":9.0,"key":"DemoMod:LamentConfigurum"},{"floor":11.0,"key":"Bag of Marbles"},{"floor":23.0,"key":"DemoMod:OrangeGuonStone"},{"floor":23.0,"key":"TungstenRod"},{"floor":25.0,"key":"Boot"},{"floor":25.0,"key":"Oddly Smooth Stone"},{"floor":26.0,"key":"MawBank"},{"floor":27.0,"key":"PreservedInsect"},{"floor":27.0,"key":"Pen Nib"},{"floor":40,"key":"Bag of Preparation"},{"floor":40,"key":"WingedGreaves"},{"floor":43,"key":"Lantern"},{"floor":45,"key":"Frozen Egg 2"},{"floor":45,"key":"War Paint"}],"event_choices":[{"damage_healed":0.0,"max_hp_gain":5.0,"max_hp_loss":0.0,"gold_gain":0.0,"event_name":"Big Fish","player_choice":"Donut","floor":4.0,"gold_loss":0.0,"damage_taken":0.0},{"cards_removed":["DemoMod:Defend_Huntress"],"damage_healed":0.0,"max_hp_gain":0.0,"max_hp_loss":0.0,"gold_gain":0.0,"event_name":"Bonfire Elementals","player_choice":"Offered Basic","floor":13.0,"gold_loss":0.0,"damage_taken":0.0},{"damage_healed":0.0,"max_hp_gain":0.0,"max_hp_loss":0.0,"gold_gain":0.0,"event_name":"The Library","player_choice":"Read","floor":19.0,"gold_loss":0.0,"damage_taken":0.0,"cards_obtained":["DemoMod:SniperShot"]},{"damage_healed":0.0,"max_hp_gain":5.0,"max_hp_loss":0.0,"gold_gain":0.0,"event_name":"Forgotten Altar","player_choice":"Shed Blood","floor":21.0,"gold_loss":0.0,"damage_taken":19.0},{"damage_healed":0.0,"max_hp_gain":0.0,"max_hp_loss":0.0,"gold_gain":0.0,"event_name":"Accursed Blacksmith","player_choice":"Forge","floor":31.0,"gold_loss":0.0,"damage_taken":0.0,"cards_upgraded":["DemoMod:ManualReload"]},{"damage_healed":0,"gold_gain":0,"player_choice":"Paid","damage_taken":0,"relics_obtained":["Red Mask"],"max_hp_gain":0,"max_hp_loss":0,"event_name":"Tomb of Lord Red Mask","floor":47,"gold_loss":456}],"is_beta":false,"boss_relics":[{"not_picked":["Snecko Eye","Runic Dome"],"picked":"Black Star"},{"not_picked":["Velvet Choker","Busted Crown"],"picked":"DemoMod:Test1"}],"items_purged_floors":[2,36],"is_endless":false,"potions_floor_spawned":[6,11,16,20,23,28,33,37,41,45],"ascension_level":0}}