{"host":"b1dzdo8uo7e6jx8g","time":1612448488,"event":{"mods":["AchievementEnabler","BaseMod","BetterRewards","Colored Map","Downfall","Highlight Path","Minty Spire (QoL Compilation)","StSLib"],"gold_per_floor":[114,114,133,308,319,349,349,349,349,24,36,68,68,93,93,198,198,214,228,143,143,167,167,180,0,46,46,64,64,64,83,83,83,83],"floor_reached":33,"language":"ENG","playtime":785,"items_purged":["Doubt"],"score":454,"play_id":"a86a0c85-7fec-47ad-9ae4-5d102ed69aaf","local_time":"20210204152128","is_ascension_mode":true,"campfire_choices":[{"floor":7,"key":"REST"},{"floor":13,"key":"REST"},{"data":"Sunder","floor":15,"key":"SMITH"},{"floor":23,"key":"REST"},{"floor":27,"key":"REST"},{"floor":29,"key":"REST"},{"floor":32,"key":"REST"}],"circlet_count":0,"master_deck":["Strike_B","Strike_B","Strike_B","Strike_B","Defend_B","Defend_B","Defend_B","Defend_B","Zap","Dualcast","Capacitor","Sunder+1","Conserve Battery","Conserve Battery","Streamline","Ball Lightning","Go for the Eyes","Loop","Creative AI","Ball Lightning","Chaos+1","Decay","Static Discharge","Electrodynamics"],"relics":["Cracked Core","Strange Spoon","Bird Faced Urn","Question Card","Nunchaku","Kunai","Mercury Hourglass","Ancient Tea Set","MealTicket","Black Star","Vajra","Blood Vial"],"acts_visited":["Exordium","TheCity"],"potions_floor_usage":[6,24,24,24],"damage_taken":[{"damage":1,"enemies":"2 Louse","floor":1,"turns":2},{"damage":0,"enemies":"Small Slimes","floor":3,"turns":3},{"damage":12,"enemies":"Jaw Worm","floor":5,"turns":4},{"damage":31,"enemies":"3 Sentries","floor":6,"turns":7},{"damage":0,"enemies":"3 Louse","floor":11,"turns":2},{"damage":37,"enemies":"Lagavulin","floor":12,"turns":6},{"damage":5,"enemies":"Gremlin Nob","floor":14,"turns":3},{"damage":20,"enemies":"Hexaghost","floor":16,"turns":9},{"damage":51,"enemies":"2 Thieves","floor":18,"turns":4},{"damage":14,"enemies":"3 Byrds","floor":19,"turns":4},{"damage":18,"enemies":"Snake Plant","floor":24,"turns":5},{"damage":19,"enemies":"Sentry and Sphere","floor":28,"turns":5},{"damage":48,"enemies":"Centurion and Healer","floor":31,"turns":4},{"damage":42,"enemies":"Champ","floor":33,"turns":3}],"seed_played":"-1492485070439035771","potions_obtained":[{"floor":1,"key":"Guardian:BlockOnCardUsePotion"},{"floor":3,"key":"ColorlessPotion"},{"floor":5,"key":"Block Potion"},{"floor":18,"key":"Block Potion"}],"is_trial":false,"path_per_floor":["M","?","M","?","M","E","R","?","T","$","M","E","R","E","R","B",null,"M","M","?","?","T","R","M","?","T","R","M","R","?","M","R","B"],"character_chosen":"DEFECT","items_purchased":["Strange Spoon","Capacitor","Sunder","Mercury Hourglass"],"campfire_rested":6,"item_purchase_floors":[0,0,0,10],"current_hp_per_floor":[41,38,40,40,30,1,23,48,48,48,48,13,35,32,32,16,60,15,3,3,3,3,25,15,15,15,37,26,48,48,8,30,0,0],"gold":83,"neow_bonus":"","is_daily":false,"chose_seed":false,"campfire_upgraded":1,"win_rate":0.0,"timestamp":1612448488,"path_taken":["M","?","M","?","M","E","R","?","T","$","M","E","R","E","R","BOSS","M","M","?","?","?","R","M","?","T","R","M","R","?","?","R","BOSS"],"items_purchased_type":["Relic","Card","Card","Relic"],"build_version":"2020-12-22","purchased_purges":1,"victory":false,"max_hp_per_floor":[75,75,75,75,75,75,75,75,75,75,75,75,75,75,75,75,75,75,75,75,75,75,75,75,75,75,75,75,75,75,75,75,75,75],"card_choices":[{"not_picked":["Heatsinks","White Noise"],"picked":"Conserve Battery","floor":1},{"not_picked":["Barrage","Auto Shields","Undo"],"picked":"Conserve Battery","floor":3},{"not_picked":["Compile Driver","Barrage","Steam"],"picked":"Streamline","floor":5},{"not_picked":["Chill","Stack","Storm"],"picked":"Ball Lightning","floor":6},{"not_picked":["Chill","Rebound","Barrage","Compile Driver"],"picked":"SKIP","floor":11},{"not_picked":["All For One","Glacier","White Noise"],"picked":"Go for the Eyes","floor":12},{"not_picked":["Conserve Battery","Skim","Heatsinks"],"picked":"Loop","floor":14},{"not_picked":["Seek","Thunder Strike","Meteor Strike"],"picked":"Creative AI","floor":16},{"not_picked":["Hologram","Rebound","Streamline"],"picked":"Ball Lightning","floor":18},{"not_picked":["Chill","Go for the Eyes","Force Field+1"],"picked":"Chaos+1","floor":19},{"not_picked":["Rebound+1","Hello World","BootSequence"],"picked":"Static Discharge","floor":24},{"not_picked":["Conserve Battery+1","Cold Snap","Streamline","Rebound"],"picked":"SKIP","floor":28},{"not_picked":["Double Energy","Turbo","Sunder","Compile Driver"],"picked":"SKIP","floor":31}],"player_experience":254855,"relics_obtained":[{"floor":6,"key":"Nunchaku"},{"floor":9,"key":"Kunai"},{"floor":12,"key":"Ancient Tea Set"},{"floor":14,"key":"MealTicket"},{"floor":22,"key":"Blood Vial"}],"event_choices":[{"damage_healed":0,"gold_gain":0,"player_choice":"Success","damage_taken":3,"relics_obtained":["Question Card"],"max_hp_gain":0,"max_hp_loss":0,"event_name":"Scrap Ooze","floor":2,"gold_loss":0},{"damage_healed":0,"gold_gain":175,"player_choice":"AGREE","damage_taken":0,"max_hp_gain":0,"max_hp_loss":0,"event_name":"Liars Game","floor":4,"gold_loss":0,"cards_obtained":["Doubt"]},{"damage_healed":25,"gold_gain":0,"player_choice":"Banana","damage_taken":0,"max_hp_gain":0,"max_hp_loss":0,"event_name":"Big Fish","floor":8,"gold_loss":0},{"damage_healed":0,"gold_gain":0,"player_choice":"Obtained Relic","damage_taken":0,"relics_obtained":["Vajra"],"max_hp_gain":0,"max_hp_loss":0,"event_name":"Addict","floor":20,"gold_loss":85},{"damage_healed":0,"gold_gain":0,"player_choice":"Smashed Altar","damage_taken":0,"max_hp_gain":0,"max_hp_loss":0,"event_name":"Forgotten Altar","floor":21,"gold_loss":0,"cards_obtained":["Decay"]},{"damage_healed":0,"gold_gain":0,"player_choice":"Paid Fearfully","damage_taken":0,"max_hp_gain":0,"max_hp_loss":0,"event_name":"Masked Bandits","floor":25,"gold_loss":180},{"damage_healed":0,"gold_gain":0,"player_choice":"Read","damage_taken":0,"max_hp_gain":0,"max_hp_loss":0,"event_name":"The Library","floor":30,"gold_loss":0,"cards_obtained":["Electrodynamics"]}],"is_beta":false,"boss_relics":[{"not_picked":["Pandora\u0027s Box","Snecko Eye"],"picked":"Black Star"}],"items_purged_floors":[10],"is_endless":false,"potions_floor_spawned":[1,3,5,18,19],"killed_by":"Champ","ascension_level":5}}