{"host":"nsc6ozq3atyrdr3m","time":1612471676,"event":{"mods":["BaseMod","Colored Map","Minty Spire (QoL Compilation)"],"gold_per_floor":[110,130,130,148,51,78,34,52,52,64,64,64,64],"floor_reached":12,"language":"FRA","playtime":245,"items_purged":[],"score":160,"play_id":"ea9a9cfa-6d34-4704-b4e4-69399e2c8727","local_time":"20210204214756","is_ascension_mode":true,"campfire_choices":[{"floor":11,"key":"REST"}],"circlet_count":0,"master_deck":["AscendersBane","Strike_R","Strike_R","Strike_R","Strike_R","Strike_R","Defend_R","Defend_R","Defend_R","Bash","Heavy Blade","Pummel","Flame Barrier","Dark Shackles","Bludgeon","Shockwave","Flex"],"relics":["Black Star","Pantograph","Matryoshka","Tiny Chest","Eternal Feather"],"acts_visited":["Exordium"],"potions_floor_usage":[6],"damage_taken":[{"damage":7,"enemies":"Jaw Worm","floor":1,"turns":3},{"damage":7,"enemies":"Cultist","floor":2,"turns":4},{"damage":4,"enemies":"Small Slimes","floor":4,"turns":4},{"damage":28,"enemies":"Lagavulin","floor":6,"turns":7},{"damage":13,"enemies":"Blue Slaver","floor":8,"turns":4},{"damage":0,"enemies":"2 Fungi Beasts","floor":10,"turns":4},{"damage":40,"enemies":"3 Sentries","floor":12,"turns":7}],"seed_played":"-4470946111149666733","potions_obtained":[{"floor":1,"key":"Strength Potion"}],"is_trial":false,"path_per_floor":["M","M","?","M","$","E","$","M","T","M","R","E"],"character_chosen":"IRONCLAD","items_purchased":["Dark Shackles","Shockwave"],"campfire_rested":1,"item_purchase_floors":[5,7],"current_hp_per_floor":[61,54,54,50,50,22,22,9,9,9,40,0,0],"gold":64,"neow_bonus":"BOSS_RELIC","is_daily":false,"chose_seed":false,"campfire_upgraded":0,"win_rate":0.0,"timestamp":1612471676,"path_taken":["M","M","?","?","?","E","$","M","T","M","R","E"],"items_purchased_type":["Card","Card"],"build_version":"2020-12-22","purchased_purges":0,"victory":false,"max_hp_per_floor":[75,75,75,75,75,75,75,75,75,75,75,75,75],"card_choices":[{"not_picked":["Bloodletting","Headbutt"],"picked":"Heavy Blade","floor":1},{"not_picked":["Twin Strike","Body Slam"],"picked":"Pummel","floor":2},{"not_picked":["Shrug It Off","Intimidate"],"picked":"Flame Barrier","floor":4},{"not_picked":["Dark Embrace","True Grit"],"picked":"Bludgeon","floor":6},{"not_picked":["Clothesline","Cleave","Wild Strike"],"picked":"SKIP","floor":8},{"not_picked":["Armaments","Pommel Strike"],"picked":"Flex","floor":10}],"player_experience":377888,"relics_obtained":[{"floor":6,"key":"Pantograph"},{"floor":6,"key":"Matryoshka"},{"floor":9,"key":"Tiny Chest"},{"floor":9,"key":"Eternal Feather"}],"event_choices":[{"cards_removed":["Defend_R"],"damage_healed":0,"gold_gain":0,"player_choice":"Offered Basic","damage_taken":0,"max_hp_gain":0,"max_hp_loss":0,"event_name":"Bonfire Elementals","floor":3,"gold_loss":0}],"is_beta":false,"boss_relics":[],"items_purged_floors":[],"is_endless":false,"potions_floor_spawned":[1],"killed_by":"3 Sentries","ascension_level":20}}