{"host":"o9lehcdjc4u6j9un","time":1612478145,"event":{"mods":["BaseMod","Colored Map","Hermit","Minty Spire (QoL Compilation)","StSLib","The Hierophant","The Runesmith","The Senshi"],"gold_per_floor":[118,130,5,5,5,5,5,20,46,60,91,101,135,135],"floor_reached":13,"language":"ZHS","playtime":972,"items_purged":[],"score":120,"play_id":"c98f4bb0-8941-4777-bf64-3391fa0bd316","local_time":"20210205063545","is_ascension_mode":false,"campfire_choices":[{"data":"Runesmith:CraftFirestone","floor":6,"key":"SMITH"}],"circlet_count":0,"master_deck":["Runesmith:Strike_RS","Runesmith:Strike_RS","Runesmith:Strike_RS","Runesmith:Strike_RS","Runesmith:Defend_RS","Runesmith:Defend_RS","Runesmith:Defend_RS","Runesmith:Defend_RS","Runesmith:CraftFirestone+1","Runesmith:Fortify","Runesmith:HeatExchange","Runesmith:HammerAndChisel","Runesmith:PoweredAnvil","Runesmith:Repurpose","Runesmith:HeatedChisel","Runesmith:RuneHurl","Runesmith:GrandSlam","Runesmith:HeatedChisel","Runesmith:Supernova"],"relics":["Runesmith:BrokenRuby","Ginger","FaceOfCleric","Bronze Scales","Dream Catcher","Strawberry"],"acts_visited":["Exordium"],"potions_floor_usage":[13,13],"damage_taken":[{"damage":10,"enemies":"Small Slimes","floor":1,"turns":4},{"damage":0,"enemies":"2 Louse","floor":2,"turns":2},{"damage":0,"enemies":"Cultist","floor":8,"turns":4},{"damage":14,"enemies":"3 Louse","floor":10,"turns":2},{"damage":27,"enemies":"Gremlin Nob","floor":11,"turns":4},{"damage":0,"enemies":"Large Slime","floor":12,"turns":4},{"damage":11,"enemies":"3 Sentries","floor":13,"turns":5}],"seed_played":"-5632416885347281218","potions_obtained":[{"floor":8,"key":"FearPotion"},{"floor":11,"key":"PowerPotion"},{"floor":12,"key":"LiquidBronze"},{"floor":13,"key":"Regen Potion"}],"is_trial":false,"path_per_floor":["M","M","$","?","?","R","?","M","T","M","E","M","E"],"character_chosen":"RUNESMITH_CLASS","items_purchased":["Runesmith:PoweredAnvil","Runesmith:Repurpose"],"campfire_rested":0,"item_purchase_floors":[3,3],"current_hp_per_floor":[67,67,67,72,69,69,69,70,70,57,31,32,29,29],"gold":135,"neow_bonus":"TEN_PERCENT_HP_BONUS","is_daily":false,"chose_seed":false,"campfire_upgraded":1,"win_rate":0.0,"timestamp":1612478145,"path_taken":["M","M","$","?","?","R","?","M","T","M","E","?","E"],"items_purchased_type":["Card","Card"],"build_version":"2020-12-22","purchased_purges":0,"victory":false,"max_hp_per_floor":[77,77,77,82,82,82,82,83,83,84,85,86,94,94],"card_choices":[{"not_picked":["Runesmith:ShiftingStrike","Runesmith:CraftReservo"],"picked":"Runesmith:HeatExchange","floor":1},{"not_picked":["Runesmith:HammerThrow","Runesmith:ChiselStab"],"picked":"Runesmith:HammerAndChisel","floor":2},{"not_picked":["Runesmith:CraftMagma","Runesmith:Augment"],"picked":"Runesmith:HeatedChisel","floor":8},{"not_picked":["Runesmith:UnstableHammer","Runesmith:EarthShield"],"picked":"Runesmith:RuneHurl","floor":10},{"not_picked":["Runesmith:Accelerate","Runesmith:HeatExchange"],"picked":"Runesmith:GrandSlam","floor":11},{"not_picked":["Runesmith:CraftProtectio","Runesmith:MakeshiftArmor"],"picked":"Runesmith:HeatedChisel","floor":12},{"not_picked":["Runesmith:Grindstone","Runesmith:HeatExchange"],"picked":"Runesmith:Supernova","floor":13}],"player_experience":111571,"relics_obtained":[{"floor":9,"key":"Bronze Scales"},{"floor":11,"key":"Dream Catcher"},{"floor":13,"key":"Strawberry"}],"event_choices":[{"damage_healed":0,"gold_gain":0,"player_choice":"Donut","damage_taken":0,"max_hp_gain":5,"max_hp_loss":0,"event_name":"Big Fish","floor":4,"gold_loss":0},{"damage_healed":0,"gold_gain":0,"player_choice":"Success","damage_taken":3,"relics_obtained":["Ginger"],"max_hp_gain":0,"max_hp_loss":0,"event_name":"Scrap Ooze","floor":5,"gold_loss":0},{"damage_healed":0,"gold_gain":0,"player_choice":"Trade","damage_taken":0,"relics_obtained":["FaceOfCleric"],"max_hp_gain":0,"max_hp_loss":0,"event_name":"FaceTrader","floor":7,"gold_loss":0}],"is_beta":false,"boss_relics":[],"items_purged_floors":[],"is_endless":false,"potions_floor_spawned":[8,11,12,13],"killed_by":"3 Sentries","ascension_level":0}}