{"host":"vyiqbz5w606ur92t","time":1612411678,"event":{"mods":["BaseMod","Downfall","Minty Spire (QoL Compilation)","StSLib"],"gold_per_floor":[99,118,135,135,435,455,455,469,269,284,317,317,317,342,354,459,459,459,478,287,387,12,12,12,43,43,110,110,141,41,57,76,174,174,174,190,240,301,318,318,318,15,25,25,52,64,80,110,123,123,123,152,15,15,15,15],"floor_reached":57,"language":"ENG","playtime":8981,"items_purged":["downfall:Icky","Guardian:Strike_Guardian"],"score":1549,"play_id":"bf9b4756-67b7-415f-ab91-0527fd2dd2b6","local_time":"20210204040758","is_ascension_mode":true,"campfire_choices":[{"floor":1,"key":"RECALL"},{"data":"Guardian:MultiBeam","floor":9,"key":"SMITH"},{"floor":12,"key":"REST"},{"data":"Guardian:FierceBash","floor":18,"key":"SMITH"},{"data":"Guardian:TimeCapacitor","floor":23,"key":"SMITH"},{"data":"Guardian:BodySlam","floor":26,"key":"SMITH"},{"data":"Guardian:Planning","floor":28,"key":"SMITH"},{"data":"Guardian:Preprogram","floor":30,"key":"SMITH"},{"data":"Guardian:StasisStrike","floor":35,"key":"SMITH"},{"data":"Guardian:Suspension","floor":40,"key":"SMITH"},{"data":"Guardian:TwinSlam","floor":44,"key":"SMITH"},{"data":"Guardian:ConstructionForm","floor":54,"key":"SMITH"}],"circlet_count":0,"master_deck":["Guardian:Defend_Guardian+1","Guardian:Defend_Guardian+1","Guardian:Defend_Guardian","Guardian:Defend_Guardian","Guardian:CurlUp","Guardian:TwinSlam+1","Guardian:AncientConstruct+1","Guardian:ShieldCharger+1","Guardian:MultiBeam+1","Guardian:ShieldCharger","Guardian:Planning+1","Guardian:TimeCapacitor+1","Guardian:FierceBash+1","Guardian:Reroute","Guardian:DecasProtection","Guardian:Incinerate","Guardian:Preprogram+1","Guardian:BodySlam+1","Guardian:PiercingHide+1","Guardian:Recover","Guardian:StasisStrike+1","Guardian:BronzeArmor+1","Guardian:Suspension+1","Guardian:Incinerate+1","Guardian:ConstructionForm+1","Guardian:DecasProtection","Guardian:Recover+1","Guardian:FuturePlans+1","Guardian:EvasiveProtocol+1","Guardian:TemporalShield+1"],"relics":["Astrolabe","HornCleat","downfall:HeartBlessingRed","downfall:HeartBlessingBlue","Strawberry","War Paint","Coffee Dripper","downfall:CloakOfManyFaces","CultistMask","FaceOfCleric","NlothsMask","GremlinMask","SsserpentHead","Kunai","Ancient Tea Set","Toy Ornithopter","downfall:HeartBlessingGreen","Philosopher\u0027s Stone","Slimebound:PreparedRelic","Calipers","Centennial Puzzle","Orichalcum","Guardian:StasisCodex"],"acts_visited":["Exordium","TheCity","TheBeyond","TheEnding"],"potions_floor_usage":[11,19,25,33,33,43,48,50,56],"damage_taken":[{"damage":6,"enemies":"Cultist","floor":2,"turns":6},{"damage":9,"enemies":"Jaw Worm","floor":3,"turns":8},{"damage":0,"enemies":"2 Louse","floor":6,"turns":6},{"damage":29,"enemies":"Exordium Wildlife","floor":8,"turns":8},{"damage":15,"enemies":"Gremlin Gang","floor":10,"turns":4},{"damage":10,"enemies":"Gremlin Nob","floor":11,"turns":5},{"damage":15,"enemies":"Lagavulin","floor":14,"turns":8},{"damage":6,"enemies":"3 Louse","floor":15,"turns":2},{"damage":0,"enemies":"DF_ARCHETYPE_STREAMLINE","floor":16,"turns":9},{"damage":0,"enemies":"Spheric Guardian","floor":19,"turns":5},{"damage":0,"enemies":"downfall:FleeingMerchant","floor":20,"turns":4},{"damage":0,"enemies":"downfall:FaceTrader","floor":21,"turns":7},{"damage":1,"enemies":"downfall:FleeingMerchant","floor":22,"turns":4},{"damage":22,"enemies":"Slavers","floor":25,"turns":4},{"damage":6,"enemies":"Chosen","floor":27,"turns":4},{"damage":38,"enemies":"Book of Stabbing","floor":29,"turns":6},{"damage":0,"enemies":"Centurion and Healer","floor":31,"turns":7},{"damage":0,"enemies":"Snecko","floor":32,"turns":7},{"damage":29,"enemies":"SI_MIRROR_ARCHETYPE","floor":33,"turns":9},{"damage":0,"enemies":"Orb Walker","floor":36,"turns":2},{"damage":15,"enemies":"3 Shapes","floor":38,"turns":2},{"damage":0,"enemies":"Spire Growth","floor":39,"turns":4},{"damage":0,"enemies":"downfall:FleeingMerchant","floor":42,"turns":4},{"damage":1,"enemies":"Writhing Mass","floor":43,"turns":5},{"damage":10,"enemies":"Reptomancer","floor":45,"turns":5},{"damage":13,"enemies":"Sphere and 2 Shapes","floor":46,"turns":4},{"damage":31,"enemies":"3 Darklings","floor":47,"turns":6},{"damage":13,"enemies":"Nemesis","floor":48,"turns":5},{"damage":0,"enemies":"Jaw Worm Horde","floor":49,"turns":4},{"damage":47,"enemies":"IC_BLOCK_ARCHETYPE","floor":50,"turns":8},{"damage":6,"enemies":"downfall:CharBossMerchant","floor":52,"turns":8},{"damage":0,"enemies":"downfall:NeowBoss","floor":55,"turns":13},{"damage":0,"enemies":"downfall:NeowBossFinal","floor":56,"turns":11}],"seed_played":"-1798074746269737079","potions_obtained":[{"floor":3,"key":"Fruit Juice"},{"floor":10,"key":"SteroidPotion"},{"floor":11,"key":"Swift Potion"},{"floor":21,"key":"sneckomod:MuddlingPotion"},{"floor":31,"key":"Dexterity Potion"},{"floor":32,"key":"Energy Potion"},{"floor":38,"key":"bronze:BurnAndBuffPotion"},{"floor":46,"key":"Fire Potion"},{"floor":48,"key":"ColorlessPotion"},{"floor":52,"key":"Regen Potion"}],"is_trial":false,"path_per_floor":["R","M","M","?","?","M","T","M","R","M","E","R","?","E","M","B",null,"R","M","$","?","$","R","T","E","R","M","R","E","R","M","M","B",null,"R","M","?","M","M","R","T","$","M","R","E","M","M","E","M","B",null,"E","$","R","B","B",null],"character_chosen":"GUARDIAN","items_purchased":["Guardian:Incinerate","Guardian:Preprogram","Kunai","Calipers","Guardian:Gem_Synthetic"],"campfire_rested":1,"item_purchase_floors":[20,20,22,42,53],"current_hp_per_floor":[80,74,65,58,58,58,58,29,39,24,21,50,50,35,29,29,97,97,97,97,97,97,97,97,76,76,71,71,34,34,35,36,23,109,109,110,110,96,97,97,97,98,103,103,94,82,52,45,46,5,120,115,115,115,116,122],"gold":15,"neow_bonus":"BOSS_RELIC","is_daily":false,"chose_seed":false,"campfire_upgraded":10,"win_rate":0.0,"timestamp":1612411678,"path_taken":["R","M","?","?","?","?","T","?","R","M","E","R","?","E","M","BOSS","R","M","$","?","$","R","T","E","R","?","R","E","R","M","M","BOSS","R","M","?","?","M","R","T","$","M","R","E","M","M","E","M","BOSS","E","$","R","BOSS","BOSS"],"items_purchased_type":["Card","Card","Relic","Relic","Card"],"build_version":"2020-12-22","purchased_purges":2,"victory":true,"max_hp_per_floor":[80,80,80,80,80,80,80,80,90,90,97,97,97,97,97,97,97,97,97,97,97,98,98,98,99,99,100,100,101,101,102,103,109,109,109,110,110,111,112,112,112,113,114,114,115,116,117,118,119,120,120,121,121,121,122,123],"card_choices":[{"not_picked":["Guardian:ShieldCharger","Guardian:PiercingHide"],"picked":"Guardian:Gem_Green","floor":2},{"not_picked":["Guardian:Preprogram","Guardian:TemporalStrike"],"picked":"Guardian:TimeBomb","floor":3},{"not_picked":["Guardian:Gem_Cyan","Guardian:Gem_Green"],"picked":"Guardian:MultiBeam","floor":6},{"not_picked":["Guardian:PrismaticBeam","Guardian:Gem_Lightblue"],"picked":"Guardian:ShieldCharger","floor":8},{"not_picked":["Guardian:TemporalShield","Guardian:ShieldCharger"],"picked":"Guardian:Planning","floor":10},{"not_picked":["Guardian:Gem_White","Guardian:Clone"],"picked":"Guardian:Gem_Orange","floor":11},{"not_picked":["Guardian:Gem_Crimson","Guardian:ShieldCharger","Guardian:RollAttack"],"picked":"SKIP","floor":14},{"not_picked":["Guardian:ShieldSpikes","Guardian:Planning"],"picked":"Guardian:TimeCapacitor","floor":15},{"not_picked":["Guardian:StasisEngine","Guardian:Gem_Orange"],"picked":"Guardian:FierceBash","floor":16},{"not_picked":["Guardian:PolyBeam","Guardian:VentSteam"],"picked":"Guardian:Reroute","floor":19},{"not_picked":["Guardian:BronzeArmor","Guardian:GuardianWhirl+1"],"picked":"Guardian:DecasProtection","floor":20},{"not_picked":["Guardian:Reroute","Guardian:VentSteam"],"picked":"Guardian:Gem_Red","floor":22},{"not_picked":["Guardian:Suspension","Guardian:Gem_White"],"picked":"Guardian:BodySlam","floor":25},{"not_picked":["Guardian:GuardianWhirl","Guardian:PrimingBeam+1"],"picked":"Guardian:PiercingHide+1","floor":27},{"not_picked":["Guardian:Gem_Purple","Guardian:BronzeArmor+1"],"picked":"Guardian:Recover","floor":29},{"not_picked":["Guardian:Incinerate","Guardian:Gem_Blue"],"picked":"Guardian:StasisStrike","floor":31},{"not_picked":["Guardian:EvasiveProtocol","Guardian:RollAttack+1"],"picked":"Guardian:BronzeArmor+1","floor":32},{"not_picked":["Guardian:FierceBash","Guardian:AncientConstruct"],"picked":"Guardian:Gem_Synthetic","floor":33},{"not_picked":["Guardian:Harden","Guardian:Suspension"],"picked":"Guardian:Gem_Blue","floor":36},{"not_picked":["Guardian:ChargeCore+1","Guardian:VentSteam+1"],"picked":"Guardian:Gem_Red","floor":38},{"not_picked":["Guardian:SpikerProtocol+1","Guardian:Reroute+1"],"picked":"Guardian:Suspension","floor":39},{"not_picked":["Guardian:CrystalBeam+1","Guardian:Recover"],"picked":"Guardian:Incinerate+1","floor":42},{"not_picked":["Guardian:Preprogram","Guardian:Gem_Fragmented"],"picked":"Guardian:Gem_Green","floor":43},{"not_picked":["Guardian:SentryBeam+1","Guardian:TemporalStrike+1"],"picked":"Guardian:ConstructionForm","floor":45},{"not_picked":["Guardian:CrystalBeam+1","Guardian:ChargeCore+1"],"picked":"Guardian:DecasProtection","floor":46},{"not_picked":["Guardian:WalkerClaw+1","Guardian:ArmoredProtocol"],"picked":"Guardian:Recover+1","floor":47},{"not_picked":["Guardian:DecasProtection+1","Guardian:CrystalBeam"],"picked":"Guardian:FuturePlans+1","floor":48},{"not_picked":["Guardian:RollAttack+1","Guardian:FuturePlans"],"picked":"Guardian:EvasiveProtocol+1","floor":49},{"not_picked":["Guardian:Gem_Blue","Guardian:Planning+1"],"picked":"Guardian:TemporalShield+1","floor":52}],"player_experience":1453215,"relics_obtained":[{"floor":11,"key":"Strawberry"},{"floor":14,"key":"War Paint"},{"floor":21,"key":"downfall:CloakOfManyFaces"},{"floor":25,"key":"Ancient Tea Set"},{"floor":29,"key":"Toy Ornithopter"},{"floor":41,"key":"Slimebound:PreparedRelic"},{"floor":45,"key":"Centennial Puzzle"},{"floor":48,"key":"Orichalcum"},{"floor":52,"key":"Guardian:StasisCodex"}],"event_choices":[{"damage_healed":0,"gold_gain":0,"player_choice":"Success","damage_taken":7,"relics_obtained":["HornCleat"],"max_hp_gain":0,"max_hp_loss":0,"event_name":"Scrap Ooze","floor":4,"gold_loss":0},{"cards_removed":["downfall:Icky"],"damage_healed":0,"gold_gain":0,"player_choice":"Card Removal","damage_taken":0,"max_hp_gain":0,"max_hp_loss":0,"event_name":"The Cleric","floor":13,"gold_loss":0},{"cards_removed":["Guardian:TimeBomb"],"damage_healed":0,"gold_gain":0,"player_choice":"Offered Uncommon","damage_taken":0,"max_hp_gain":0,"max_hp_loss":0,"event_name":"Bonfire Elementals","floor":37,"gold_loss":0}],"is_beta":false,"boss_relics":[{"not_picked":["Velvet Choker","Fusion Hammer"],"picked":"Coffee Dripper"},{"not_picked":["Calling Bell","sneckomod:SneckoTalon"],"picked":"Philosopher\u0027s Stone"}],"items_purged_floors":[20,22],"is_endless":false,"potions_floor_spawned":[3,10,11,21,31,32,38,46,48,52],"ascension_level":3}}