{"host":"9ndbo4kgsfoemf7y","time":1612433972,"event":{"mods":["AchievementEnabler","BaseMod","Colored Map","DeckTracker","Keyboard Shortcuts","Minty Spire (QoL Compilation)","Permanent Neow","Quick Restart","Relic Stats","StSLib","SuperFastMode"],"gold_per_floor":[113,113,128,147,160,160,188,188,188,188,25,25,68,93,93,93,93],"floor_reached":16,"language":"KOR","playtime":420,"items_purged":[],"score":196,"play_id":"ca01afc4-2da0-486e-85d4-79d6980e0083","local_time":"20210204191932","is_ascension_mode":true,"campfire_choices":[{"data":"Hologram","floor":6,"key":"SMITH"},{"floor":10,"key":"REST"},{"data":"1","floor":15,"key":"LIFT"}],"circlet_count":0,"master_deck":["Strike_B","Strike_B","Strike_B","Strike_B","Defend_B","Defend_B","Defend_B","Defend_B","Zap","Dualcast","Seek","Force Field","Buffer","Loop","Hologram+1","Lockon","Go for the Eyes","Genetic Algorithm","Mayhem","Conserve Battery"],"relics":["Cracked Core","Shuriken","Golden Idol","Ginger","Girya"],"acts_visited":["Exordium"],"potions_floor_usage":[13],"damage_taken":[{"damage":2,"enemies":"Jaw Worm","floor":1,"turns":3},{"damage":5,"enemies":"Cultist","floor":3,"turns":4},{"damage":3,"enemies":"2 Louse","floor":4,"turns":3},{"damage":11,"enemies":"Looter","floor":5,"turns":3},{"damage":40,"enemies":"3 Sentries","floor":7,"turns":8},{"damage":0,"enemies":"Lagavulin","floor":13,"turns":7},{"damage":13,"enemies":"2 Fungi Beasts","floor":14,"turns":4},{"damage":33,"enemies":"Slime Boss","floor":16,"turns":3}],"seed_played":"-4129949623992520989","potions_obtained":[{"floor":1,"key":"GamblersBrew"},{"floor":3,"key":"SkillPotion"},{"floor":4,"key":"SkillPotion"}],"is_trial":false,"path_per_floor":["M","?","M","M","M","R","E","?","T","R","$","?","E","M","R","B"],"character_chosen":"DEFECT","items_purchased":["Mayhem"],"campfire_rested":1,"item_purchase_floors":[11],"current_hp_per_floor":[66,66,61,58,47,47,7,7,7,25,25,46,46,33,33,0,0],"gold":93,"neow_bonus":"THREE_RARE_CARDS","is_daily":false,"chose_seed":false,"campfire_upgraded":1,"win_rate":0.0,"timestamp":1612433972,"path_taken":["M","?","?","M","M","R","E","?","T","R","$","?","E","M","R","BOSS"],"items_purchased_type":["Card"],"build_version":"2020-12-22","purchased_purges":0,"victory":false,"max_hp_per_floor":[68,68,68,68,68,68,68,63,63,63,63,63,63,63,63,63,63],"relic_stats":{"counters":[8,34],"Shuriken":[3],"Golden Idol":14,"Ginger":[0],"obtain_stats":[{"Girya":13,"Shuriken":7,"Golden Idol":8,"Ginger":9,"Cracked Core":0},{"Girya":6,"Shuriken":5,"Golden Idol":5,"Ginger":5,"Cracked Core":0},{"Girya":27,"Shuriken":20,"Golden Idol":20,"Ginger":20,"Cracked Core":0}]},"card_choices":[{"not_picked":["Echo Form","Machine Learning"],"picked":"Seek","floor":0},{"not_picked":["Leap","Go for the Eyes"],"picked":"Force Field","floor":1},{"not_picked":["Heatsinks","Scrape"],"picked":"Hologram","floor":3},{"not_picked":["Rebound","Scrape"],"picked":"Lockon","floor":4},{"not_picked":["Redo","Sweeping Beam"],"picked":"Go for the Eyes","floor":5},{"not_picked":["Barrage","Skim"],"picked":"Genetic Algorithm","floor":7},{"not_picked":["Rebound","Reboot"],"picked":"Conserve Battery","floor":13},{"not_picked":["Streamline","Genetic Algorithm","Conserve Battery"],"picked":"SKIP","floor":14}],"player_experience":856319,"relics_obtained":[{"floor":7,"key":"Shuriken"},{"floor":9,"key":"Ginger"},{"floor":13,"key":"Girya"}],"event_choices":[{"damage_healed":0,"gold_gain":0,"player_choice":"2 cards matched","damage_taken":0,"max_hp_gain":0,"max_hp_loss":0,"event_name":"Match and Keep!","floor":2,"gold_loss":0,"cards_obtained":["Buffer","Loop"]},{"damage_healed":0,"gold_gain":0,"player_choice":"Lose Max HP","damage_taken":0,"relics_obtained":["Golden Idol"],"max_hp_gain":0,"max_hp_loss":5,"event_name":"Golden Idol","floor":8,"gold_loss":0},{"damage_healed":21,"gold_gain":0,"player_choice":"Banana","damage_taken":0,"max_hp_gain":0,"max_hp_loss":0,"event_name":"Big Fish","floor":12,"gold_loss":0}],"is_beta":false,"boss_relics":[],"items_purged_floors":[],"is_endless":false,"potions_floor_spawned":[1,3,4],"killed_by":"Slime Boss","ascension_level":9}}