{"host":"mijx6czmnk03eucy","time":1612463095,"event":{"mods":["Aspiration","BaseMod","Bestiary","Better Altar","Better Skull","Better Third Choice","Better-Laid Plans","BetterRewards","Challenge The Spire","Colored Map","Colored Powertips","Conspire","Curses Come First","Custom Start","Debug Mod","Disable Question Mark Monsters","Displayed Cursed Tome","Emptier Cage","Energized Spire","Evolution","Force Act Four","Fox Events","Googly Eyes","Hermit","Highlight Path","Infinite Spire","Jedi Mod","JesterMod","Mimic Mod","Minty Spire (QoL Compilation)","Quick Restart","Rare Cards Sparkle","Relic Filter","Relic Stats","Reliquary","Replay The Spire","SacredBarkPlus","Spicy Shops","Spire Arcade","StS++","StSLib","The Blue Laboratory","The Jungle","Uncapped","Wandering Minibosses"],"gold_per_floor":[111,36,0,0,11,11,26,57,57,3,3,3,3,16,16,111,111,125,125,58,58,58,58],"floor_reached":22,"language":"ENG","playtime":2478,"items_purged":["conspire:PoisonWeapons"],"score":180,"play_id":"5e5d8040-9683-448d-9296-392fd8d490a9","local_time":"20210204182455","is_ascension_mode":false,"campfire_choices":[{"data":"Glass Knife","floor":6,"key":"SMITH"},{"data":"Finisher","floor":12,"key":"SMITH"},{"data":"Finisher","floor":15,"key":"SMITH"}],"circlet_count":0,"master_deck":["Flying Knee","Sucker Punch","Dagger Spray","StSpp:PoisonousPunch","Dagger Throw","Cloak And Dagger","Backflip","Dodge and Roll","Cloak And Dagger","Neutralize","jedi:poisonivy","Enlightenment+1","Glass Knife+1","Acrobatics","Slice","Finisher+1","Finisher+1","A Thousand Cuts","Dodge and Roll"],"relics":["Ring of the Snake","EVO:Axolotl","Juzu Bracelet","WingedGreaves","energizedSpire:NeverEndingSparkler","Bloody Idol","Torii","betterThird:NestCultRelic"],"acts_visited":["Exordium","TheCity"],"potions_floor_usage":[16,16],"damage_taken":[{"damage":7,"enemies":"Small Slimes","floor":1,"turns":2},{"damage":0,"enemies":"2 Louse","floor":5,"turns":3},{"damage":11,"enemies":"Cultist","floor":7,"turns":6},{"damage":9,"enemies":"Replay:BlueRogue","floor":8,"turns":5},{"damage":0,"enemies":"Exordium Thugs","floor":14,"turns":2},{"damage":7,"enemies":"Hexaghost","floor":16,"turns":4},{"damage":21,"enemies":"Spheric Guardian","floor":18,"turns":6},{"damage":26,"enemies":"conspire:FuzzyDice","floor":22,"turns":4}],"seed_played":"1045208819601389882","potions_obtained":[{"floor":5,"key":"Swift Potion"},{"floor":8,"key":"jedi:StrikingPotion"}],"is_trial":false,"path_per_floor":["M","$","?","?","M","R","M","E","T","$","?","R","$","M","R","B",null,"M","?","$","?","M"],"character_chosen":"THE_SILENT","items_purchased":["Finisher","Torii"],"campfire_rested":0,"item_purchase_floors":[10,20],"current_hp_per_floor":[50,50,56,56,56,56,45,36,36,36,36,36,36,36,36,29,84,63,21,21,21,0,0],"gold":58,"neow_bonus":"TRANSFORM_TWO_CARDS","is_daily":false,"chose_seed":false,"campfire_upgraded":3,"win_rate":0.0,"timestamp":1612463095,"path_taken":["M","$","?","?","M","R","M","E","T","$","?","R","?","M","R","BOSS","M","?","$","?","M"],"items_purchased_type":["Card","Relic"],"build_version":"2020-12-22","purchased_purges":1,"victory":false,"max_hp_per_floor":[78,78,84,84,84,84,84,84,84,84,84,84,84,84,84,84,84,84,84,84,84,84,84],"relic_stats":{"Torii":0,"counters":[8,32],"Bloody Idol":0,"Juzu Bracelet":1,"obtain_stats":[{"Torii":20,"energizedSpire:NeverEndingSparkler":17,"Bloody Idol":19,"WingedGreaves":9,"betterThird:NestCultRelic":21,"Juzu Bracelet":8,"EVO:Axolotl":0,"Ring of the Snake":0},{"Torii":7,"energizedSpire:NeverEndingSparkler":6,"Bloody Idol":7,"WingedGreaves":4,"betterThird:NestCultRelic":7,"Juzu Bracelet":4,"EVO:Axolotl":0,"Ring of the Snake":0},{"Torii":28,"energizedSpire:NeverEndingSparkler":22,"Bloody Idol":28,"WingedGreaves":16,"betterThird:NestCultRelic":28,"Juzu Bracelet":16,"EVO:Axolotl":0,"Ring of the Snake":0}],"Ring of the Snake":[16]},"card_choices":[{"not_picked":["Dodge and Roll","Sucker Punch","Dagger Throw"],"picked":"SKIP","floor":1},{"not_picked":["Acrobatics","Choke"],"picked":"Glass Knife","floor":5},{"not_picked":["Flying Knee","Deflect"],"picked":"Acrobatics","floor":7},{"not_picked":["StSpp:Dive","conspire:PoisonWeapons"],"picked":"Slice","floor":8},{"not_picked":["StSpp:PoisonousPunch","Dash","Deflect"],"picked":"SKIP","floor":14},{"not_picked":["Burst","Tools of the Trade"],"picked":"A Thousand Cuts","floor":16},{"not_picked":["StSpp:PoisonousPunch","Blade Dance"],"picked":"Dodge and Roll","floor":18}],"player_experience":739371,"relics_obtained":[{"floor":8,"key":"Juzu Bracelet"},{"floor":9,"key":"WingedGreaves"}],"event_choices":[{"damage_healed":0,"gold_gain":0,"player_choice":"RENOUNCE","damage_taken":36,"max_hp_gain":0,"max_hp_loss":0,"event_name":"betterThird:BetterSerpent","floor":3,"gold_loss":36,"cards_obtained":["Enlightenment"]},{"damage_healed":0,"gold_gain":0,"player_choice":"Ignored","damage_taken":0,"max_hp_gain":0,"max_hp_loss":0,"event_name":"NoteForYourself","floor":4,"gold_loss":0},{"damage_healed":0,"gold_gain":0,"player_choice":"Upgraded","damage_taken":0,"max_hp_gain":0,"max_hp_loss":0,"event_name":"Upgrade Shrine","floor":11,"gold_loss":0,"cards_upgraded":["Enlightenment"]},{"damage_healed":0,"gold_gain":0,"player_choice":" Idol ","damage_taken":42,"relics_obtained":["Bloody Idol"],"max_hp_gain":63,"max_hp_loss":21,"event_name":"betterAltar:BetterAltar","floor":19,"potions_obtained":[],"relics_lost":[],"gold_loss":0},{"damage_healed":0,"gold_gain":0,"player_choice":"Madness","damage_taken":0,"relics_obtained":["betterThird:NestCultRelic"],"max_hp_gain":0,"max_hp_loss":0,"event_name":"betterThird:BetterNest","floor":21,"gold_loss":0}],"is_beta":false,"boss_relics":[{"not_picked":["Ring of Chaos","reliquary:Ember"],"picked":"energizedSpire:NeverEndingSparkler"}],"items_purged_floors":[2],"is_endless":false,"potions_floor_spawned":[5,8],"killed_by":"conspire:FuzzyDice","ascension_level":0}}