{"host":"28bpuzdckreop5i0","time":1612454646,"event":{"mods":["Aspiration","BaseMod","Beaked The Cultist","Challenge The Spire","Conspire","Defuse TimeMaze Blight","Downfall","Energized Spire","GifTheSpireLib","Googly Eyes","Hubris","Infinite Spire","Minty Spire (QoL Compilation)","Relic Stats","Replay The Spire","Shop Mod","Spicy Shops","StSLib","Stuff the Spire","The Awakened One except there are too many feathers","The Construct","The Cursed","The Disciple","The Hierophant","The IronCluck","The Runesmith","Thieving Mod","Transform Curses","Wandering Minibosses","slay the spire mod where everything is the same but ironclad has a cowboy hat"],"gold_per_floor":[119,134,134,48,48,76,76,89,89,56,56,56,76,76,76,173,273,287,303,303,303],"floor_reached":20,"language":"ENG","playtime":1813,"items_purged":[],"score":199,"play_id":"307d6c4b-991b-42c9-a427-d36145a7d805","local_time":"20210204100406","is_ascension_mode":false,"campfire_choices":[{"data":"HandsUpC","floor":7,"key":"SMITH"},{"data":"BiteCommand","floor":15,"key":"SMITH"}],"circlet_count":0,"master_deck":["Strike_Br","Strike_Br","Strike_Br","Defend_Br","Defend_Br","Defend_Br","Defend_Br","SecondHand","DaylightSavings","HandsUpC+1","SecondHand","Flay+1","TickedOff","BiteCommand+1","HandsUpC","Engulf","BiteCommand"],"relics":["Chronometer","NeowsBlessing","Guardian:GemstoneGun","StuffTheSpire:Mouthbags","Strawberry","Replay:Wanted Poster"],"acts_visited":["Exordium","TheCity"],"potions_floor_usage":[],"damage_taken":[{"damage":0,"enemies":"2 Louse","floor":1,"turns":1},{"damage":0,"enemies":"Jaw Worm","floor":2,"turns":1},{"damage":0,"enemies":"3 Sentries","floor":6,"turns":1},{"damage":0,"enemies":"Cultist","floor":8,"turns":3},{"damage":1,"enemies":"Exordium Thugs","floor":10,"turns":5},{"damage":1,"enemies":"Looter","floor":13,"turns":3},{"damage":14,"enemies":"Slime Boss","floor":16,"turns":12},{"damage":43,"enemies":"conspire:FuzzyDice","floor":18,"turns":7},{"damage":9,"enemies":"Spheric Guardian","floor":19,"turns":4},{"damage":23,"enemies":"Shelled Parasite and Fungi","floor":20,"turns":5}],"seed_played":"-8772347790609209027","potions_obtained":[{"floor":2,"key":"Elixir"},{"floor":6,"key":"Swift Potion"},{"floor":10,"key":"Guardian:BlockOnCardUsePotion"}],"is_trial":false,"path_per_floor":["M","M","?","$","?","E","R","M","T","M","$","?","M","?","R","B",null,"M","M","M"],"character_chosen":"CHRONO_CLASS","items_purchased":["Guardian:GemstoneGun"],"campfire_rested":0,"item_purchase_floors":[4],"current_hp_per_floor":[65,65,65,65,65,65,65,65,72,71,71,71,70,70,70,56,72,29,20,0,0],"gold":303,"neow_bonus":"THREE_ENEMY_KILL","is_daily":false,"chose_seed":false,"campfire_upgraded":2,"win_rate":0.0,"timestamp":1612454646,"path_taken":["M","M","?","$","?","E","R","M","T","?","?","?","?","?","R","BOSS","M","?","?"],"items_purchased_type":["Relic"],"build_version":"2020-12-22","purchased_purges":0,"victory":false,"max_hp_per_floor":[65,65,65,65,65,65,65,65,72,72,72,72,72,72,72,72,72,72,72,72,72],"relic_stats":{"counters":[10,42],"obtain_stats":[{"Replay:Wanted Poster":17,"NeowsBlessing":0,"StuffTheSpire:Mouthbags":6,"Chronometer":0,"Guardian:GemstoneGun":4,"Strawberry":9},{"Replay:Wanted Poster":7,"NeowsBlessing":0,"StuffTheSpire:Mouthbags":3,"Chronometer":0,"Guardian:GemstoneGun":2,"Strawberry":4},{"Replay:Wanted Poster":26,"NeowsBlessing":0,"StuffTheSpire:Mouthbags":3,"Chronometer":0,"Guardian:GemstoneGun":2,"Strawberry":6}]},"card_choices":[{"not_picked":["ShortSighted","TickedOff"],"picked":"DaylightSavings","floor":1},{"not_picked":["CrunchTime","LockedMedicine"],"picked":"HandsUpC","floor":2},{"not_picked":["Engulf","PrimeTime"],"picked":"TickedOff","floor":6},{"not_picked":["BiteCommand","Accruing","PrimeTime"],"picked":"SKIP","floor":8},{"not_picked":["Accruing","PrimeTime"],"picked":"BiteCommand","floor":8},{"not_picked":["BeatsPerMinute","Break"],"picked":"HandsUpC","floor":10},{"not_picked":["BackFourSeconds","Accruing","LockedMawBank"],"picked":"SKIP","floor":13},{"not_picked":["Parity","WindUp"],"picked":"Engulf","floor":18},{"not_picked":["PrimeTime","Echoward+1"],"picked":"BiteCommand","floor":19}],"player_experience":1024699,"relics_obtained":[{"floor":6,"key":"StuffTheSpire:Mouthbags"},{"floor":9,"key":"Strawberry"}],"event_choices":[{"damage_healed":0,"gold_gain":0,"player_choice":"1 cards matched","damage_taken":0,"max_hp_gain":0,"max_hp_loss":0,"event_name":"Match and Keep!","floor":5,"gold_loss":0,"cards_obtained":["SecondHand"]},{"cards_removed":["Strike_Br"],"damage_healed":0,"gold_gain":0,"player_choice":"Offered Basic","damage_taken":0,"max_hp_gain":0,"max_hp_loss":0,"event_name":"Bonfire Elementals","floor":12,"gold_loss":0},{"damage_healed":0,"gold_gain":0,"player_choice":"Got Potions","damage_taken":0,"max_hp_gain":0,"max_hp_loss":0,"event_name":"Lab","floor":14,"gold_loss":0}],"is_beta":false,"boss_relics":[{"not_picked":["hubris:GrandSneckoEye","hubris:CrackedHourglass"],"picked":"Replay:Wanted Poster"}],"items_purged_floors":[],"is_endless":false,"potions_floor_spawned":[2,6,10,18,19],"killed_by":"Shelled Parasite and Fungi","ascension_level":0}}