{"host":"57rcrwhzj4x4jlaj","time":1612430668,"event":{"mods":["2.2 Compatiblity","BaseMod","BetterRewards","Bossed Relics","Colored Map","Conspire","Dota2Spire","Downfall","Energized Spire","Grow up Mod","Hermit","Hubris","Infinite Spire","Jorbs\u0027s Wanderer Trilogy","Marisa????????","Minty Spire (QoL Compilation)","Relic Stats","Remilia??????","Replay The Spire","Shop Mod","StSLib","SuperFastMode","The Accelerator","The Bug Knight","The Jungle","[IsaacMod]????"],"gold_per_floor":[118,118,138,156,192,192,202,232,232,252,252,283,300,332,332,434,434,448,548,548,548,566,599,599,631,683,701,770,770,770,789,789,891,891,903,918,918,918,918,949,401,401,427,454,454,480,480,499,499,599,599,599,599],"floor_reached":52,"language":"ENG","playtime":1344,"items_purged":["Strike_MRS"],"score":1535,"play_id":"1cb7b492-ede5-4ba8-98ce-8c22d037f199","local_time":"20210204162428","is_ascension_mode":true,"campfire_choices":[{"data":"Singularity","floor":6,"key":"SMITH"},{"data":"GrandCross","floor":11,"key":"SMITH"},{"data":"infinitespire:NeuralNetwork","floor":15,"key":"SMITH"},{"data":"OortCloud","floor":24,"key":"SMITH"},{"data":"MachineGunSpark","floor":29,"key":"SMITH"},{"data":"LuminesStrike","floor":32,"key":"SMITH"},{"data":"Acceleration","floor":42,"key":"SMITH"},{"data":"MysteriousBeam","floor":42,"key":"SMITH"},{"data":"Defend_MRS","floor":45,"key":"SMITH"},{"data":"Defend_MRS","floor":45,"key":"SMITH"},{"data":"Defend_MRS","floor":47,"key":"SMITH"},{"data":"Defend_MRS","floor":47,"key":"SMITH"},{"data":"UnstableBomb","floor":49,"key":"SMITH"},{"data":"UnstableBomb","floor":49,"key":"SMITH"}],"circlet_count":0,"master_deck":["Strike_MRS","Strike_MRS","Strike_MRS","Defend_MRS+1","Defend_MRS+1","Defend_MRS+1","Defend_MRS+1","MasterSpark","UpSweep","OortCloud+1","Acceleration+1","infinitespire:NeuralNetwork+1","Singularity+1","UnstableBomb+1","LuminesStrike+1","GrandCross+1","FinalSpark","AsteroidBelt+1","UnstableBomb+1","BinaryStars+1","MysteriousBeam+1","infinitespire:DeathsTouch","MachineGunSpark+1","SprinkleStarSeal+1"],"relics":["MiniHakkero","HushsDoor","MoneyPower","TungstenRod","MerchantsRug","ReplayTheSpireMod:TigerMarble","hubris:SphereOfDissonance","Toxic Egg 2","Dota2Spire:MagicBottle","Replay:Bottled Flurry","Dota2Spire:LotusOrb","Replay:Wanted Poster","OrangePellets","Mango","MealTicket","Replay:Rubber Ducky","RampagingMagicTools","Replay:Kaleidoscope","Replay:Arrowhead","Shuriken","conspire:TopHat","Vajra"],"acts_visited":["Exordium","TheCity","TheBeyond","Exordium"],"potions_floor_usage":[12,33],"damage_taken":[{"damage":0,"enemies":"2 Louse","floor":1,"turns":3},{"damage":0,"enemies":"conspire:RoseBush","floor":3,"turns":2},{"damage":0,"enemies":"Cultist","floor":4,"turns":2},{"damage":4,"enemies":"2 Fungi Beasts","floor":5,"turns":3},{"damage":8,"enemies":"3 Louse","floor":7,"turns":2},{"damage":9,"enemies":"Lagavulin","floor":8,"turns":8},{"damage":12,"enemies":"conspire:2 RoseBushes","floor":10,"turns":5},{"damage":0,"enemies":"Gremlin Nob","floor":12,"turns":2},{"damage":8,"enemies":"Gremlin Gang","floor":13,"turns":2},{"damage":0,"enemies":"Lagavulin","floor":14,"turns":2},{"damage":0,"enemies":"The Guardian","floor":16,"turns":7},{"damage":1,"enemies":"Chosen","floor":18,"turns":3},{"damage":0,"enemies":"Shell Parasite","floor":22,"turns":2},{"damage":21,"enemies":"Nightmare","floor":23,"turns":6},{"damage":0,"enemies":"conspire:SneckoGhost","floor":25,"turns":3},{"damage":3,"enemies":"Chosen and Byrds","floor":27,"turns":2},{"damage":0,"enemies":"Centurion and Healer","floor":31,"turns":3},{"damage":10,"enemies":"Champ","floor":33,"turns":7},{"damage":0,"enemies":"3 Shapes","floor":35,"turns":2},{"damage":0,"enemies":"Orb Walker","floor":36,"turns":1},{"damage":8,"enemies":"Nemesis","floor":40,"turns":3},{"damage":0,"enemies":"Reptomancer","floor":44,"turns":2},{"damage":0,"enemies":"Nemesis","floor":46,"turns":3},{"damage":3,"enemies":"Spire Growth","floor":48,"turns":2},{"damage":110,"enemies":"conspire:OrnateMirror","floor":50,"turns":5},{"damage":0,"enemies":"Cultist","floor":52,"turns":1}],"seed_played":"-5413308109102768996","potions_obtained":[{"floor":4,"key":"Explosive Potion"},{"floor":7,"key":"Reflective Coating"},{"floor":8,"key":"ColorlessPotion"},{"floor":23,"key":"SkillPotion"},{"floor":25,"key":"BottledSpark"},{"floor":35,"key":"Dexterity Potion"}],"is_trial":false,"path_per_floor":["M","?","M","M","M","R","M","E","T","M","R","E","M","E","R","B",null,"M","AVR","?","?","M","NM","R","E","T","M","?","R","?","M","R","B",null,"M","M","?","?","$","E","$","R","T","E","R","E","R","M","R","B",null,"M"],"character_chosen":"MARISA","items_purchased":["OortCloud","MerchantsRug","ReplayTheSpireMod:TigerMarble","hubris:SphereOfDissonance","Replay:Arrowhead","Shuriken"],"campfire_rested":0,"item_purchase_floors":[0,0,0,0,41,41],"current_hp_per_floor":[88,77,91,101,107,117,123,124,134,132,142,152,154,164,174,184,238,247,257,282,292,302,305,315,325,335,346,342,352,325,335,345,345,416,426,436,443,453,463,462,480,490,500,510,520,530,540,547,557,457,552,552,552],"gold":599,"neow_bonus":"","is_daily":false,"chose_seed":false,"campfire_upgraded":14,"win_rate":0.0,"timestamp":1612430668,"path_taken":["M","?","M","?","M","R","M","E","T","M","R","E","M","E","R","BOSS","M","AVR","?","?","M","NM","R","E","T","M","?","R","?","M","R","BOSS","M","M","?","?","$","E","$","R","T","E","R","E","R","?","R","BOSS","M"],"items_purchased_type":["Card","Relic","Relic","Relic","Relic","Relic"],"build_version":"2020-12-22","purchased_purges":1,"victory":false,"max_hp_per_floor":[95,105,115,122,132,142,152,162,172,182,192,202,212,222,232,242,252,262,272,282,292,302,326,336,346,356,366,376,386,396,406,416,426,436,446,456,443,453,463,470,480,490,500,510,520,530,540,550,560,570,580,580,580],"relic_stats":{"OrangePellets":[6],"counters":[259,1054],"Shuriken":[8],"MealTicket":8,"obtain_stats":[{"Vajra":46,"Whetstone":7,"BFFS":0,"hubris:TerracottaHorce":34,"Replay:Wanted Poster":17,"Dota2Spire:MagicBottle":9,"Dota2Spire:Satanic":38,"MealTicket":25,"Replay:Bottled Flurry":12,"Void":11,"Toxic Egg 2":0,"RampagingMagicTools":34,"KeepersGift":0,"HollowMod:QueensCombRelic":10,"MerchantsRug":13,"ReplayTheSpireMod:CursedCoin":13,"BelialBook":17,"BookOfRevelations":24,"hubris:SphereOfDissonance":0,"Eternal Feather":6,"Pen Nib":43,"vexMod:PaidLearning":0,"Letter Opener":9,"Replay:Kaleidoscope":40,"OrangePellets":19,"Bottled Flame":44,"energizedSpire:NeverEndingSparkler":17,"Shuriken":42,"Bromod:ArcaneEnergize":38,"hubris:TenFootPole":9,"infinitespire:EmpoweringShard":26,"ReplayTheSpireMod:TigerMarble":0,"MiniHakkero":0,"HushsDoor":0,"vexMod:BigBerry":51,"Dota2Spire:PhaseBoots":39,"ReplayFunnel":6,"AmplifyWand":11,"Bromod:ArcaneVictory":29,"Mango":23,"Replay:Multitool":25,"Juzu Bracelet":26,"Bag of Preparation":47,"Empty Cage":17,"Dota2Spire:LotusOrb":14,"conspire:TopHat":43,"Replay:Rubber Ducky":26,"Replay:Bandana":24,"Nunchaku":42,"hubris:Icosahedron":5,"Pantograph":43,"Tiny Chest":23,"Red Mask":48,"BewitchedHakkero":34,"SimpleLauncher":22,"Golden Idol":3,"infinitespire:Lucky Rock":14,"hubris:Towel":7,"Replay:Arrowhead":41,"Bromod:ArcaneMomentum":29,"Pondfish Scales":13,"vexMod:BarristanHead":38,"Membership Card":12,"ReplayTheSpireMod:Lightbulb":47,"TungstenRod":0},{"Vajra":256,"Whetstone":209,"BFFS":169,"hubris:TerracottaHorce":223,"Replay:Wanted Poster":177,"Dota2Spire:MagicBottle":239,"Dota2Spire:Satanic":227,"MealTicket":248,"Replay:Bottled Flurry":241,"Void":185,"Toxic Egg 2":205,"RampagingMagicTools":251,"KeepersGift":169,"HollowMod:QueensCombRelic":184,"MerchantsRug":186,"ReplayTheSpireMod:CursedCoin":186,"BelialBook":177,"BookOfRevelations":219,"hubris:SphereOfDissonance":233,"Eternal Feather":172,"Pen Nib":201,"vexMod:PaidLearning":177,"Letter Opener":183,"Replay:Kaleidoscope":254,"OrangePellets":245,"Bottled Flame":201,"energizedSpire:NeverEndingSparkler":187,"Shuriken":201,"Bromod:ArcaneEnergize":198,"hubris:TenFootPole":173,"infinitespire:EmpoweringShard":219,"ReplayTheSpireMod:TigerMarble":233,"MiniHakkero":0,"HushsDoor":169,"vexMod:BigBerry":204,"Dota2Spire:PhaseBoots":227,"ReplayFunnel":183,"AmplifyWand":185,"Bromod:ArcaneVictory":194,"Mango":247,"Replay:Multitool":192,"Juzu Bracelet":192,"Bag of Preparation":232,"Empty Cage":213,"Dota2Spire:LotusOrb":243,"conspire:TopHat":254,"Replay:Rubber Ducky":248,"Replay:Bandana":191,"Nunchaku":229,"hubris:Icosahedron":171,"Pantograph":229,"Tiny Chest":191,"Red Mask":232,"BewitchedHakkero":195,"SimpleLauncher":190,"Golden Idol":170,"infinitespire:Lucky Rock":176,"hubris:Towel":183,"Replay:Arrowhead":254,"Bromod:ArcaneMomentum":221,"Pondfish Scales":186,"vexMod:BarristanHead":198,"Membership Card":186,"ReplayTheSpireMod:Lightbulb":203,"TungstenRod":233},{"Vajra":1046,"Whetstone":902,"BFFS":701,"hubris:TerracottaHorce":945,"Replay:Wanted Poster":744,"Dota2Spire:MagicBottle":991,"Dota2Spire:Satanic":954,"MealTicket":1023,"Replay:Bottled Flurry":998,"Void":771,"Toxic Egg 2":891,"RampagingMagicTools":1035,"KeepersGift":701,"HollowMod:QueensCombRelic":766,"MerchantsRug":778,"ReplayTheSpireMod:CursedCoin":778,"BelialBook":744,"BookOfRevelations":932,"hubris:SphereOfDissonance":971,"Eternal Feather":717,"Pen Nib":871,"vexMod:PaidLearning":744,"Letter Opener":762,"Replay:Kaleidoscope":1041,"OrangePellets":1012,"Bottled Flame":871,"energizedSpire:NeverEndingSparkler":787,"Shuriken":869,"Bromod:ArcaneEnergize":856,"hubris:TenFootPole":721,"infinitespire:EmpoweringShard":932,"ReplayTheSpireMod:TigerMarble":971,"MiniHakkero":0,"HushsDoor":701,"vexMod:BigBerry":889,"Dota2Spire:PhaseBoots":954,"ReplayFunnel":762,"AmplifyWand":767,"Bromod:ArcaneVictory":832,"Mango":1020,"Replay:Multitool":824,"Juzu Bracelet":824,"Bag of Preparation":967,"Empty Cage":915,"Dota2Spire:LotusOrb":1002,"conspire:TopHat":1041,"Replay:Rubber Ducky":1023,"Replay:Bandana":806,"Nunchaku":960,"hubris:Icosahedron":708,"Pantograph":960,"Tiny Chest":806,"Red Mask":967,"BewitchedHakkero":840,"SimpleLauncher":802,"Golden Idol":704,"infinitespire:Lucky Rock":733,"hubris:Towel":762,"Replay:Arrowhead":1041,"Bromod:ArcaneMomentum":938,"Pondfish Scales":778,"vexMod:BarristanHead":856,"Membership Card":778,"ReplayTheSpireMod:Lightbulb":883,"TungstenRod":971}],"TungstenRod":36},"card_choices":[{"not_picked":["GravityBeat","DC"],"picked":"Acceleration","floor":1},{"not_picked":["infinitespire:Collect","infinitespire:TheBestDefense"],"picked":"infinitespire:NeuralNetwork","floor":2},{"not_picked":["SporeBomb","MagicAbsorber","PropBag"],"picked":"SKIP","floor":3},{"not_picked":["EnergyRecoil","MachineGunSpark"],"picked":"Singularity","floor":4},{"not_picked":["GrandCross","DC"],"picked":"Bomb","floor":5},{"not_picked":["DarkMatter","GalacticHalo"],"picked":"UnstableBomb","floor":7},{"not_picked":["RefractionSpark","EarthLightRay+1"],"picked":"LuminesStrike","floor":8},{"not_picked":["NonDirectionalLaser","ShootingEcho"],"picked":"GrandCross","floor":10},{"not_picked":["GasGiant+1","6A"],"picked":"FinalSpark","floor":12},{"not_picked":["DarkMatter+1","DC"],"picked":"AsteroidBelt+1","floor":13},{"not_picked":["ShootingEcho","WitchLeyline"],"picked":"UnstableBomb","floor":14},{"not_picked":["EscapeVelocity","StarDustReverie+1"],"picked":"BinaryStars+1","floor":16},{"not_picked":["WitchLeyline","DragonMeteor"],"picked":"MysteriousBeam","floor":18},{"not_picked":["GravityBeat","EnergyFlow","IllusionStar+1"],"picked":"SKIP","floor":22},{"not_picked":["GravityBeat","SporeBomb+1","MysteriousBeam+1"],"picked":"SKIP","floor":23},{"not_picked":["IllusionStar+1","GalacticHalo+1","EnergyRecoil+1"],"picked":"SKIP","floor":25},{"not_picked":["ChargeUpSpray","EnergyRecoil+1"],"picked":"MachineGunSpark","floor":27},{"not_picked":["ManaConvection+1","WitchOfGreed"],"picked":"SprinkleStarSeal+1","floor":31},{"not_picked":["EnergyRecoil+1","MysteriousBeam","AsteroidBelt+1"],"picked":"SKIP","floor":35},{"not_picked":["GravityBeat","LuminesStrike","MysteriousBeam+1"],"picked":"SKIP","floor":36},{"not_picked":["LuminesStrike","WitchLeyline","PowerUp+1"],"picked":"SKIP","floor":40},{"not_picked":["Orbital+1","DarkMatter+1","ShootingEcho"],"picked":"SKIP","floor":44},{"not_picked":["ChargeUpSpray","BigCrunch+1","PowerUp+1"],"picked":"SKIP","floor":46},{"not_picked":["AsteroidBelt+1","WitchOfGreed+1","ShootingEcho"],"picked":"SKIP","floor":48}],"player_experience":668611,"relics_obtained":[{"floor":8,"key":"Toxic Egg 2"},{"floor":9,"key":"Dota2Spire:MagicBottle"},{"floor":12,"key":"Replay:Bottled Flurry"},{"floor":14,"key":"Dota2Spire:LotusOrb"},{"floor":23,"key":"Mango"},{"floor":25,"key":"MealTicket"},{"floor":26,"key":"Replay:Rubber Ducky"},{"floor":40,"key":"Replay:Kaleidoscope"},{"floor":43,"key":"conspire:TopHat"},{"floor":46,"key":"Vajra"}],"event_choices":[{"damage_healed":90,"gold_gain":0,"player_choice":"Heal","damage_taken":0,"max_hp_gain":0,"max_hp_loss":0,"event_name":"The Library","floor":20,"gold_loss":0},{"damage_healed":0,"gold_gain":0,"player_choice":"Ignored","damage_taken":0,"max_hp_gain":0,"max_hp_loss":0,"event_name":"Vampires","floor":21,"gold_loss":0},{"damage_healed":0,"gold_gain":0,"player_choice":"Damaged","damage_taken":38,"max_hp_gain":0,"max_hp_loss":0,"event_name":"Wheel of Change","floor":30,"gold_loss":0},{"damage_healed":0,"gold_gain":0,"player_choice":"Max HP","damage_taken":0,"max_hp_gain":0,"max_hp_loss":23,"event_name":"Winding Halls","floor":37,"gold_loss":0},{"damage_healed":0,"gold_gain":0,"player_choice":"Ignored","damage_taken":0,"max_hp_gain":0,"max_hp_loss":0,"event_name":"Tomb of Lord Red Mask","floor":38,"gold_loss":0}],"is_beta":false,"boss_relics":[{"not_picked":["Painkiller Herb","Replay:Fungal Core","energizedSpire:DeadBattery"]},{"not_picked":["conspire:RunicOctahedron","MagicMushroom"],"picked":"RampagingMagicTools"},{"not_picked":[]},{"not_picked":["hubris:BlackHole","hubris:Stopwatch","infinitespire:Cupcake"]}],"items_purged_floors":[0],"is_endless":true,"potions_floor_spawned":[4,5,7,8,23,25,27,31,35,36,44,48],"killed_by":"Cultist","ascension_level":6}}