{"host":"x5w9zppki4gdwvc7","time":1612444611,"event":{"mods":["AchievementEnabler","BaseMod","Colored Powertips","DeckTracker","Minty Spire (QoL Compilation)"],"gold_per_floor":[99,99,99,99,99,99,99,99,99,99,99,99,99,99,99,99,99,99,49,4,4,0,0,0,0,0,0,0,0,0,0,0,0,0],"floor_reached":33,"language":"ENG","playtime":937,"items_purged":[],"score":275,"play_id":"9fff4610-60d0-4d76-a364-647511d53413","local_time":"20210204141651","is_ascension_mode":true,"campfire_choices":[{"data":"Gash","floor":6,"key":"SMITH"},{"data":"Gash","floor":8,"key":"SMITH"},{"data":"Zap","floor":10,"key":"SMITH"},{"data":"Beam Cell","floor":12,"key":"SMITH"},{"data":"Dualcast","floor":15,"key":"SMITH"},{"data":"Electrodynamics","floor":23,"key":"SMITH"},{"floor":30,"key":"REST"},{"floor":32,"key":"REST"}],"circlet_count":0,"master_deck":["Strike_B+1","Strike_B+1","Strike_B+1","Defend_B+1","Defend_B+1","Defend_B+1","Defend_B+1","Zap+1","Dualcast+1","Gash+1","Gash+1","Beam Cell+1","Electrodynamics+1","Thunder Strike","BootSequence+1","Tempest+1","Leap"],"relics":["Ectoplasm","Oddly Smooth Stone","Strawberry","Sozu","Blue Candle"],"acts_visited":["Exordium","TheCity"],"potions_floor_usage":[16],"damage_taken":[{"damage":4,"enemies":"2 Louse","floor":1,"turns":3},{"damage":7,"enemies":"Jaw Worm","floor":2,"turns":3},{"damage":0,"enemies":"Cultist","floor":3,"turns":4},{"damage":12,"enemies":"3 Louse","floor":11,"turns":3},{"damage":7,"enemies":"Blue Slaver","floor":14,"turns":2},{"damage":49,"enemies":"Slime Boss","floor":16,"turns":9},{"damage":12,"enemies":"3 Byrds","floor":18,"turns":4},{"damage":21,"enemies":"2 Thieves","floor":20,"turns":3},{"damage":12,"enemies":"Snake Plant","floor":24,"turns":4},{"damage":9,"enemies":"Snecko","floor":25,"turns":4},{"damage":8,"enemies":"Centurion and Healer","floor":28,"turns":4},{"damage":21,"enemies":"Sentry and Sphere","floor":29,"turns":4},{"damage":18,"enemies":"3 Cultists","floor":31,"turns":4},{"damage":41,"enemies":"Collector","floor":33,"turns":3}],"seed_played":"5520633336554652855","potions_obtained":[{"floor":11,"key":"FearPotion"},{"floor":14,"key":"LiquidMemories"}],"is_trial":false,"path_per_floor":["M","M","M","?","$","R","T","R","T","R","M","R","?","M","R","B",null,"M","?","M","?","?","R","M","M","T","$","M","M","R","M","R","B"],"character_chosen":"DEFECT","items_purchased":[],"campfire_rested":2,"item_purchase_floors":[],"current_hp_per_floor":[71,64,64,69,69,69,69,69,76,76,64,64,57,50,50,1,87,75,75,54,54,54,54,42,33,33,33,25,4,30,12,38,0,0],"gold":0,"neow_bonus":"BOSS_RELIC","is_daily":false,"chose_seed":false,"campfire_upgraded":6,"win_rate":0.0,"timestamp":1612444611,"path_taken":["M","M","M","?","$","R","?","R","T","R","M","R","?","M","R","BOSS","M","?","?","?","?","R","M","M","T","$","M","M","R","M","R","BOSS"],"items_purchased_type":[],"build_version":"2020-12-22","purchased_purges":0,"victory":false,"max_hp_per_floor":[75,75,75,80,80,80,80,80,87,87,87,87,87,87,87,87,87,87,87,87,87,87,87,87,87,87,87,87,87,87,87,87,87,87],"card_choices":[{"not_picked":["Sweeping Beam","Coolheaded","Conserve Battery"],"picked":"SKIP","floor":1},{"not_picked":["Cold Snap","Leap"],"picked":"Gash","floor":2},{"not_picked":["Genetic Algorithm","Reinforced Body"],"picked":"Gash","floor":3},{"not_picked":["Compile Driver","Steam"],"picked":"Beam Cell","floor":11},{"not_picked":["Heatsinks","Undo","Sweeping Beam"],"picked":"SKIP","floor":14},{"not_picked":["Amplify","Biased Cognition"],"picked":"Electrodynamics","floor":16},{"not_picked":["Reinforced Body","Ball Lightning","Sweeping Beam+1"],"picked":"SKIP","floor":18},{"not_picked":["Barrage","Rebound","Genetic Algorithm+1"],"picked":"SKIP","floor":20},{"not_picked":["Undo","Sweeping Beam"],"picked":"Thunder Strike","floor":24},{"not_picked":["Leap","Coolheaded","Doom and Gloom"],"picked":"SKIP","floor":25},{"not_picked":["FTL+1","Reinforced Body"],"picked":"BootSequence+1","floor":28},{"not_picked":["Auto Shields+1","Storm"],"picked":"Tempest+1","floor":29},{"not_picked":["Barrage","Beam Cell"],"picked":"Leap","floor":31}],"player_experience":469551,"relics_obtained":[{"floor":7,"key":"Oddly Smooth Stone"},{"floor":9,"key":"Strawberry"},{"floor":26,"key":"Blue Candle"}],"event_choices":[{"damage_healed":0,"gold_gain":0,"player_choice":"Donut","damage_taken":0,"max_hp_gain":5,"max_hp_loss":0,"event_name":"Big Fish","floor":4,"gold_loss":0},{"cards_removed":["Strike_B"],"damage_healed":0,"gold_gain":0,"player_choice":"Card Removal","damage_taken":7,"max_hp_gain":0,"max_hp_loss":0,"event_name":"Golden Wing","floor":13,"gold_loss":0},{"damage_healed":0,"gold_gain":0,"player_choice":"Bet on Murderer","damage_taken":0,"max_hp_gain":0,"max_hp_loss":0,"event_name":"The Joust","floor":19,"gold_loss":50},{"damage_healed":0,"gold_gain":0,"player_choice":"Simplicity","damage_taken":0,"max_hp_gain":0,"max_hp_loss":0,"event_name":"Back to Basics","floor":21,"gold_loss":0,"cards_upgraded":["Strike_B","Strike_B","Strike_B","Defend_B","Defend_B","Defend_B","Defend_B"]},{"damage_healed":0,"gold_gain":0,"player_choice":"Paid Fearfully","damage_taken":0,"max_hp_gain":0,"max_hp_loss":0,"event_name":"Masked Bandits","floor":22,"gold_loss":4}],"is_beta":false,"boss_relics":[{"not_picked":["Busted Crown","Empty Cage"],"picked":"Sozu"}],"items_purged_floors":[],"is_endless":false,"potions_floor_spawned":[11,14,20,25,28],"killed_by":"Collector","ascension_level":3}}