{"host":"ucgrft0m53zzt06v","time":1612411803,"event":{"mods":["BaseMod","Colored Map","Colored Powertips","Conspire","HololiveMod","KinomotoSakuraMod(木之本樱)","Lobotomy","Minty Spire (QoL Compilation)","Quick Restart","Replay The Spire","Shop Mod","Spicy Shops","StSLib","Td1madao Mod","The Senshi","Waifu the Spire","WarShipGirlsR/战舰少女R mod","【遗物卡牌】REMEMod"],"gold_per_floor":[110,122,122,122,122,122,135,135,135,135,95,112,112,137,137,234,234,174,21,35,54,73,73,106,106,130,140,152,152,77,111,111,207,207,221,221,28,47,31,31,42,42,42,42,75,113,128,148,148,148],"floor_reached":51,"language":"ZHS","playtime":3738,"items_purged":["Defend_C"],"score":907,"play_id":"16350c3d-da6b-4e0a-aad3-1f87ad5c2f2a","local_time":"20210204121003","is_ascension_mode":true,"campfire_choices":[{"data":"Memory Alloy","floor":6.0,"key":"SMITH"},{"data":"Here Defend Chip","floor":8.0,"key":"SMITH"},{"data":"Black Contract","floor":13.0,"key":"SMITH"},{"floor":15.0,"key":"DIG"},{"data":"Memory Alloy","floor":25.0,"key":"SMITH"},{"data":"Optimization","floor":29.0,"key":"SMITH"},{"data":"Here Defend Chip+1","floor":32.0,"key":"SMITH"},{"data":"Here Defend Chip+2","floor":40.0,"key":"SMITH"},{"data":"Here Defend Chip+3","floor":42.0,"key":"SMITH"},{"data":"ReplayTheSpireMod:Private Reserves","floor":44.0,"key":"SMITH"},{"floor":49,"key":"DIG"}],"circlet_count":0,"master_deck":["Strike_C","Defend_C","Defend_C","Defend_C","Knight Kick","Chip","Memory Alloy+1","Floating Swing Kick+1","Here Defend Chip+4","Reinforcement Parts","Black Contract+1","Optimization+1","Memory Alloy+1","Lunge","Reflection Mechanism","Im Angry","Moon Tear","ReplayTheSpireMod:Private Reserves+1","Dramatic Entrance","Dramatic Entrance+1","Fixing+1","Parasite","Here Defend Chip+1","Judgment","ReplayTheSpireMod:Private Reserves+1"],"relics":["Apod","REME_ComplimentaryCards","NeowsBlessing","Pantograph","Thread and Needle","Shovel","Juzu Bracelet","Bronze Scales","Durian","REME_LowDesire","Pen Nib","REME_PuzzleBoxRelic","MerchantsRug","Blue Doll","InkBottle","ReplayTheSpireMod:Ninjato","Whetstone"],"acts_visited":["Exordium","TheCity","TheBeyond"],"potions_floor_usage":[50,50],"damage_taken":[{"damage":0.0,"enemies":"2 Louse","floor":1.0,"turns":1.0},{"damage":0.0,"enemies":"Small Slimes","floor":2.0,"turns":1.0},{"damage":0.0,"enemies":"Jaw Worm","floor":7.0,"turns":1.0},{"damage":0.0,"enemies":"Looter","floor":12.0,"turns":4.0},{"damage":3.0,"enemies":"3 Sentries","floor":14.0,"turns":11.0},{"damage":14.0,"enemies":"The Guardian","floor":16.0,"turns":16.0},{"damage":0.0,"enemies":"2 Thieves","floor":18.0,"turns":4.0},{"damage":0.0,"enemies":"3 Byrds","floor":20.0,"turns":10.0},{"damage":0.0,"enemies":"Snake Plant","floor":21.0,"turns":8.0},{"damage":0.0,"enemies":"Cultist and Chosen","floor":22.0,"turns":12.0},{"damage":0.0,"enemies":"Book of Stabbing","floor":24.0,"turns":10.0},{"damage":0.0,"enemies":"Centurion and Healer","floor":27.0,"turns":10.0},{"damage":0.0,"enemies":"Snecko","floor":28.0,"turns":8.0},{"damage":0.0,"enemies":"conspire:SneckoGhost","floor":31.0,"turns":12.0},{"damage":0.0,"enemies":"Pondfish","floor":33.0,"turns":17.0},{"damage":0.0,"enemies":"3 Darklings","floor":35.0,"turns":7.0},{"damage":0.0,"enemies":"Orb Walker","floor":38.0,"turns":4.0},{"damage":18.0,"enemies":"Jaw Worm Horde","floor":41.0,"turns":4.0},{"damage":0.0,"enemies":"Giant Head","floor":45.0,"turns":12.0},{"damage":0,"enemies":"Writhing Mass","floor":46,"turns":4},{"damage":0,"enemies":"Transient","floor":47,"turns":5},{"damage":0,"enemies":"Jaw Worm Horde","floor":48,"turns":5},{"damage":0,"enemies":"Replay:Hell Engine","floor":50,"turns":24}],"seed_played":"1648834447442227723","potions_obtained":[{"floor":1.0,"key":"Explosive Potion"},{"floor":16.0,"key":"Elixir"},{"floor":20.0,"key":"GamblersBrew"},{"floor":21.0,"key":"Fruit Juice"},{"floor":24.0,"key":"Dexterity Potion"},{"floor":31.0,"key":"Strength Potion"},{"floor":33.0,"key":"Strength Potion"},{"floor":41.0,"key":"Reflective Coating"},{"floor":47,"key":"EssenceOfSteel"}],"is_trial":false,"path_per_floor":["M","M","?","?","?","R","M","R","T","?","?","M","R","E","R_BF","B",null,"M","$","M","M","M","?","E","R","T","M","M","R","$","E","R","B",null,"M","?","$","M","$","R","M","R","T","R","E","M","M","M","R","B",null],"character_chosen":"TD1MADAO_CLASS","items_purchased":["Juzu Bracelet","MerchantsRug","Chemical X","Blue Doll"],"campfire_rested":0,"item_purchase_floors":[19,37,37,39],"current_hp_per_floor":[70,70,70,75,75,75,75,75,75,68,68,68,68,65,65,61,75,75,75,75,75,80,80,80,80,80,80,80,80,80,85,85,85,85,85,75,75,75,75,75,57,57,57,57,57,57,61,61,61,85],"gold":148,"neow_bonus":"THREE_ENEMY_KILL","is_daily":false,"chose_seed":false,"campfire_upgraded":9,"win_rate":0.0,"timestamp":1612411803,"path_taken":["M","M","?","?","?","R","?","R","T","?","?","M","R","E","R_BF","BOSS","M","$","M","M","M","?","E","R","T","M","M","R","$","E","R","BOSS","M","?","$","M","$","R","M","R","T","R","E","M","M","M","R","BOSS"],"items_purchased_type":["Relic","Relic","Relic","Relic"],"build_version":"2020-12-22","purchased_purges":1,"victory":true,"max_hp_per_floor":[70,70,70,75,75,75,75,75,75,75,75,75,75,75,75,75,75,75,75,75,75,80,80,80,80,80,80,80,80,80,85,85,85,85,85,85,85,85,85,85,85,85,85,85,85,85,85,85,85,85],"card_choices":[{"not_picked":["Black Execution","Trader"],"picked":"Floating Swing Kick","floor":1.0},{"not_picked":["Transfer Energy","White Contract","Reinforcement Parts"],"picked":"SKIP","floor":2.0},{"not_picked":["Recovery Mechanism","De Ware Chip"],"picked":"Here Defend Chip","floor":7.0},{"not_picked":[],"picked":"Reinforcement Parts","floor":11.0},{"not_picked":[],"picked":"Black Contract","floor":11.0},{"not_picked":["Resistance","White Contract","Afterwards"],"picked":"SKIP","floor":12.0},{"not_picked":["Light Attack","Judgment"],"picked":"Optimization","floor":14.0},{"not_picked":["Black Warm Hole","Overclocking"],"picked":"Memory Alloy","floor":16.0},{"not_picked":["Floating Even+1","Oblique Hack"],"picked":"Lunge","floor":18.0},{"not_picked":["Lore","Oblique Hack","Paralysis"],"picked":"SKIP","floor":20.0},{"not_picked":["Light Attack","Black Execution+1","Fixing"],"picked":"SKIP","floor":21.0},{"not_picked":["Weapon Shift+1","Retrieval Recycling","Resistance"],"picked":"SKIP","floor":22.0},{"not_picked":["Ruin Defend+1","Fixing"],"picked":"Reflection Mechanism","floor":24.0},{"not_picked":["Light Attack","White Contract+1","Provocative+1"],"picked":"SKIP","floor":27.0},{"not_picked":["Ruin Defend+1","Sudden Beat","Lunge"],"picked":"SKIP","floor":28.0},{"not_picked":["Fire Up","Three Hit"],"picked":"Im Angry","floor":31.0},{"not_picked":["Shockwave Tdmadao","Data Freezing"],"picked":"Moon Tear","floor":33.0},{"not_picked":["Black Execution+1","Reinforcement Parts","Afterwards","REME_ShortnessOfBreath"],"picked":"SKIP","floor":35.0},{"not_picked":["Replay:Sssssssssstrike","Madness"],"picked":"ReplayTheSpireMod:Private Reserves","floor":36.0},{"not_picked":["Bandage Up","Poisoned Strike"],"picked":"Dramatic Entrance","floor":36.0},{"not_picked":["ReplayTheSpireMod:Uncanny Aura","Transmutation"],"picked":"Dramatic Entrance","floor":36.0},{"not_picked":["Coercion+1","Fire Blade","Sudden Beat","REME_MawOfCthun"],"picked":"SKIP","floor":38.0},{"not_picked":["Preparedness","Cursed Blade+1","Forethought+1"],"picked":"Fixing+1","floor":41.0},{"not_picked":["Optimization","Preloading+1","Fixing+1","REME_MawOfCthun"],"picked":"SKIP","floor":45.0},{"not_picked":["Oblique Hack+1","Lunge","Secret Weapon"],"picked":"Here Defend Chip+1","floor":46},{"not_picked":["Bugfix","Resistance+1","Replay:BasicMightCard"],"picked":"Judgment","floor":47},{"not_picked":["Gravity Defend","Preloading","Im Angry"],"picked":"ReplayTheSpireMod:Private Reserves+1","floor":48}],"player_experience":179903,"relics_obtained":[{"floor":9.0,"key":"Pantograph"},{"floor":14.0,"key":"Thread and Needle"},{"floor":15.0,"key":"Shovel"},{"floor":24.0,"key":"Bronze Scales"},{"floor":26.0,"key":"Toy Ornithopter"},{"floor":31.0,"key":"Durian"},{"floor":34.0,"key":"Pen Nib"},{"floor":34.0,"key":"REME_PuzzleBoxRelic"},{"floor":43.0,"key":"InkBottle"},{"floor":45.0,"key":"ReplayTheSpireMod:Ninjato"},{"floor":49,"key":"Whetstone"}],"event_choices":[{"damage_healed":0.0,"max_hp_gain":0.0,"max_hp_loss":0.0,"gold_gain":0.0,"event_name":"conspire:LoneGhost","player_choice":"Disagree","floor":3.0,"gold_loss":0.0,"damage_taken":0.0},{"damage_healed":0.0,"max_hp_gain":5.0,"max_hp_loss":0.0,"gold_gain":0.0,"event_name":"Big Fish","player_choice":"Donut","floor":4.0,"gold_loss":0.0,"damage_taken":0.0},{"damage_healed":0.0,"max_hp_gain":0.0,"max_hp_loss":0.0,"gold_gain":0.0,"event_name":"Liars Game","player_choice":"Ignored","floor":5.0,"gold_loss":0.0,"damage_taken":0.0},{"cards_removed":["Strike_C"],"damage_healed":0.0,"max_hp_gain":0.0,"max_hp_loss":0.0,"gold_gain":0.0,"event_name":"Golden Wing","player_choice":"Card Removal","floor":10.0,"gold_loss":0.0,"damage_taken":7.0},{"damage_healed":0.0,"max_hp_gain":0.0,"max_hp_loss":0.0,"gold_gain":0.0,"event_name":"Ghosts","player_choice":"Ignored","floor":23.0,"gold_loss":0.0,"damage_taken":0.0},{"damage_healed":0.0,"max_hp_gain":0.0,"max_hp_loss":0.0,"gold_gain":0.0,"event_name":"SensoryStone","player_choice":"Memory 3","floor":36.0,"gold_loss":0.0,"damage_taken":10.0}],"is_beta":false,"boss_relics":[{"not_picked":["Replay:Wanted Poster","REME_DemonsWealth"],"picked":"Empty Cage"},{"not_picked":["SacredBark","Replay:Bronze Core"],"picked":"REME_LowDesire"}],"items_purged_floors":[30],"is_endless":false,"potions_floor_spawned":[1,16,20,21,24,31,33,38,41,47],"ascension_level":1}}