{"host":"ih7ofq2zpufcoifs","time":1612413931,"event":{"mods":["BaseMod","Colored Map","Minty Spire (QoL Compilation)"],"gold_per_floor":[114,125,50,64,74,74,74,107,107,107,119,119,41,75,75,152,152,164,164,164,182,194,194,19,53,53,53,79,104,104,115,115,193,193,212,212,226,236,256,256,276,39,92,118,118,147,147,163,163,163,163,163],"floor_reached":51,"language":"ENG","playtime":6212,"items_purged":["Strike_G"],"score":1900,"play_id":"2d8a8c02-6f52-425a-b870-5d22f82aa6cc","local_time":"20210204144531","is_ascension_mode":true,"campfire_choices":[{"data":"Terror","floor":6.0,"key":"SMITH"},{"data":"Blade Dance","floor":12.0,"key":"SMITH"},{"data":"Well Laid Plans","floor":15.0,"key":"SMITH"},{"data":"Blade Dance","floor":23.0,"key":"SMITH"},{"data":"Corpse Explosion","floor":27.0,"key":"SMITH"},{"data":"Noxious Fumes","floor":32.0,"key":"SMITH"},{"data":"Storm of Steel","floor":40.0,"key":"SMITH"},{"floor":45.0,"key":"RECALL"},{"data":"Malaise","floor":49.0,"key":"SMITH"}],"circlet_count":0,"master_deck":["AscendersBane","Strike_G","Strike_G+1","Strike_G+1","Defend_G","Defend_G","Defend_G","Defend_G","Defend_G","Survivor","Neutralize+1","Poisoned Stab","Terror+1","Blade Dance+1","Well Laid Plans+1","PiercingWail","Corpse Explosion+1","Blade Dance+1","Flash of Steel","PiercingWail+1","Noxious Fumes+1","Storm of Steel+1","Blade Dance","Blade Dance+1","Acrobatics","Footwork+1","Malaise+1"],"relics":["Ring of the Snake","Whetstone","Bottled Lightning","Singing Bowl","Omamori","WristBlade","Ninja Scroll","Letter Opener","Gremlin Horn","WingedGreaves","Bag of Preparation","Philosopher\u0027s Stone","ClockworkSouvenir","Mercury Hourglass","Mummified Hand"],"acts_visited":["Exordium","TheCity","TheBeyond"],"potions_floor_usage":[],"damage_taken":[{"damage":0.0,"enemies":"2 Louse","floor":1.0,"turns":2.0},{"damage":0.0,"enemies":"Small Slimes","floor":2.0,"turns":2.0},{"damage":0.0,"enemies":"Jaw Worm","floor":4.0,"turns":3.0},{"damage":0.0,"enemies":"Exordium Wildlife","floor":5.0,"turns":3.0},{"damage":10.0,"enemies":"Lagavulin","floor":8.0,"turns":7.0},{"damage":0.0,"enemies":"2 Fungi Beasts","floor":11.0,"turns":2.0},{"damage":7.0,"enemies":"3 Sentries","floor":14.0,"turns":4.0},{"damage":0.0,"enemies":"The Guardian","floor":16.0,"turns":11.0},{"damage":11.0,"enemies":"Chosen","floor":18.0,"turns":4.0},{"damage":0.0,"enemies":"Spheric Guardian","floor":21.0,"turns":1.0},{"damage":0.0,"enemies":"Cultist and Chosen","floor":22.0,"turns":2.0},{"damage":0.0,"enemies":"Slavers","floor":25.0,"turns":1.0},{"damage":6.0,"enemies":"Book of Stabbing","floor":28.0,"turns":3.0},{"damage":0.0,"enemies":"Slavers","floor":29.0,"turns":1.0},{"damage":0.0,"enemies":"Centurion and Healer","floor":31.0,"turns":4.0},{"damage":28.0,"enemies":"Champ","floor":33.0,"turns":8.0},{"damage":0.0,"enemies":"3 Darklings","floor":35.0,"turns":3.0},{"damage":0.0,"enemies":"Orb Walker","floor":37.0,"turns":1.0},{"damage":0.0,"enemies":"Sphere and 2 Shapes","floor":38.0,"turns":6.0},{"damage":12.0,"enemies":"Writhing Mass","floor":39.0,"turns":5.0},{"damage":1.0,"enemies":"3 Darklings","floor":41.0,"turns":3.0},{"damage":0.0,"enemies":"Reptomancer","floor":44.0,"turns":3.0},{"damage":0.0,"enemies":"Giant Head","floor":46.0,"turns":4.0},{"damage":0.0,"enemies":"Maw","floor":48.0,"turns":5.0},{"damage":37.0,"enemies":"Awakened One","floor":50.0,"turns":15.0},{"damage":22,"enemies":"Time Eater","floor":51,"turns":1}],"seed_played":"4632777952547051389","potions_obtained":[{"floor":5.0,"key":"SpeedPotion"},{"floor":8.0,"key":"Ancient Potion"},{"floor":11.0,"key":"Strength Potion"},{"floor":14.0,"key":"LiquidBronze"},{"floor":18.0,"key":"CunningPotion"},{"floor":29.0,"key":"SpeedPotion"},{"floor":33.0,"key":"DuplicationPotion"},{"floor":38.0,"key":"Strength Potion"}],"is_trial":false,"path_per_floor":["M","M","?","M","M","R","?","E","T","?","M","R","$","E","R","B",null,"M","?","T","M","M","R","$","E","T","R","E","E","?","M","R","B",null,"M","?","M","M","M","R","M","$","T","E","R","E","?","M","R","B","B"],"character_chosen":"THE_SILENT","items_purchased":["Well Laid Plans","Flash of Steel","Footwork","ClockworkSouvenir"],"campfire_rested":0,"item_purchase_floors":[13,24,42,42],"current_hp_per_floor":[59,59,59,59,59,59,59,49,49,49,51,51,51,44,44,44,62,53,33,33,35,35,35,35,37,37,37,31,31,31,33,33,5,62,62,62,62,64,54,54,53,53,53,55,55,57,57,57,57,20,0,0],"gold":163,"neow_bonus":"RANDOM_COMMON_RELIC","is_daily":false,"chose_seed":false,"campfire_upgraded":8,"win_rate":0.0,"timestamp":1612413931,"path_taken":["M","M","?","M","M","R","?","E","T","?","M","R","$","E","R","BOSS","M","?","?","M","M","R","$","E","T","R","E","E","?","?","R","BOSS","M","?","M","M","M","R","M","$","T","E","R","E","?","?","R","BOSS","BOSS"],"items_purchased_type":["Card","Card","Card","Relic"],"build_version":"2020-12-22","purchased_purges":1,"victory":false,"max_hp_per_floor":[66,66,66,66,66,66,66,66,66,66,68,68,68,68,68,68,68,70,75,75,77,77,77,77,79,79,79,79,79,79,81,81,81,81,81,81,81,83,85,85,85,85,85,87,87,89,89,89,89,89,89,89],"card_choices":[{"not_picked":["Slice","Deadly Poison"],"picked":"Poisoned Stab","floor":1.0},{"not_picked":["Acrobatics","PiercingWail"],"picked":"Masterful Stab","floor":2.0},{"not_picked":["Prepared","Sucker Punch","Deadly Poison"],"picked":"SKIP","floor":4.0},{"not_picked":["Flying Knee","Prepared"],"picked":"Terror","floor":5.0},{"not_picked":["Setup","Slice"],"picked":"Blade Dance","floor":8.0},{"not_picked":["Accuracy","Riddle With Holes","Prepared"],"picked":"Singing Bowl","floor":11.0},{"not_picked":["Deflect","Acrobatics"],"picked":"PiercingWail","floor":14.0},{"not_picked":["Night Terror","Venomology"],"picked":"Corpse Explosion","floor":16.0},{"not_picked":["Dagger Spray+1","Dash","Flying Knee"],"picked":"Singing Bowl","floor":18.0},{"not_picked":["Flechettes","Outmaneuver","Terror"],"picked":"Singing Bowl","floor":21.0},{"not_picked":["Slice","Flying Knee"],"picked":"Blade Dance","floor":22.0},{"not_picked":["Crippling Poison","Distraction","Eviscerate"],"picked":"Singing Bowl","floor":25.0},{"not_picked":["Doppelganger","Choke"],"picked":"PiercingWail+1","floor":28.0},{"not_picked":["Tactician","Acrobatics"],"picked":"Noxious Fumes","floor":29.0},{"not_picked":["Quick Slash","Slice","Deflect"],"picked":"Singing Bowl","floor":31.0},{"not_picked":["A Thousand Cuts","Venomology"],"picked":"Storm of Steel","floor":33.0},{"not_picked":["Infinite Blades","Quick Slash"],"picked":"Blade Dance","floor":35.0},{"not_picked":["Quick Slash+1","Finisher"],"picked":"Blade Dance+1","floor":37.0},{"not_picked":["Flying Knee","Dash","Cloak And Dagger"],"picked":"Singing Bowl","floor":38.0},{"not_picked":["Dodge and Roll","Slice","Underhanded Strike+1"],"picked":"Singing Bowl","floor":39.0},{"not_picked":["Blade Dance","Tactician"],"picked":"Acrobatics","floor":41.0},{"not_picked":["Deadly Poison","Slice","Riddle With Holes"],"picked":"Singing Bowl","floor":44.0},{"not_picked":["Well Laid Plans","Predator","Deadly Poison"],"picked":"Singing Bowl","floor":46.0},{"not_picked":["Slice","Heel Hook"],"picked":"Malaise","floor":48.0}],"player_experience":510661,"relics_obtained":[{"floor":8.0,"key":"Bottled Lightning"},{"floor":9.0,"key":"Singing Bowl"},{"floor":14.0,"key":"Omamori"},{"floor":20.0,"key":"Ninja Scroll"},{"floor":25.0,"key":"Letter Opener"},{"floor":26.0,"key":"Gremlin Horn"},{"floor":28.0,"key":"WingedGreaves"},{"floor":29.0,"key":"Bag of Preparation"},{"floor":44.0,"key":"Mercury Hourglass"},{"floor":46.0,"key":"Mummified Hand"}],"event_choices":[{"cards_removed":["Strike_G"],"damage_healed":0.0,"max_hp_gain":0.0,"max_hp_loss":0.0,"gold_gain":0.0,"event_name":"The Cleric","player_choice":"Card Removal","floor":3.0,"gold_loss":75.0,"damage_taken":0.0},{"damage_healed":0.0,"max_hp_gain":0.0,"max_hp_loss":0.0,"gold_gain":0.0,"event_name":"Liars Game","player_choice":"Ignored","floor":7.0,"gold_loss":0.0,"damage_taken":0.0},{"damage_healed":0.0,"max_hp_gain":0.0,"max_hp_loss":0.0,"gold_gain":0.0,"event_name":"Living Wall","player_choice":"Grow","floor":10.0,"gold_loss":0.0,"damage_taken":0.0,"cards_upgraded":["Neutralize"]},{"damage_healed":0.0,"max_hp_gain":5.0,"max_hp_loss":0.0,"gold_gain":0.0,"event_name":"Forgotten Altar","player_choice":"Shed Blood","floor":19.0,"gold_loss":0.0,"damage_taken":25.0},{"damage_healed":0.0,"max_hp_gain":0.0,"max_hp_loss":0.0,"gold_gain":0.0,"event_name":"Cursed Tome","player_choice":"Ignored","floor":30.0,"gold_loss":0.0,"damage_taken":0.0},{"cards_removed":["Masterful Stab"],"damage_healed":0.0,"max_hp_gain":0.0,"max_hp_loss":0.0,"gold_gain":0.0,"event_name":"Falling","player_choice":"Removed Attack","floor":36.0,"gold_loss":0.0,"damage_taken":0.0},{"damage_healed":0.0,"max_hp_gain":0.0,"max_hp_loss":0.0,"gold_gain":0.0,"event_name":"Upgrade Shrine","player_choice":"Upgraded","floor":47.0,"gold_loss":0.0,"damage_taken":0.0,"cards_upgraded":["Footwork"]}],"is_beta":false,"boss_relics":[{"not_picked":["Black Star","SlaversCollar"],"picked":"WristBlade"},{"not_picked":["SacredBark","Sozu"],"picked":"Philosopher\u0027s Stone"}],"items_purged_floors":[24],"is_endless":false,"potions_floor_spawned":[5,8,11,14,18,22,29,33,38,41,44],"killed_by":"Time Eater","ascension_level":20}}