{"host":"x5w9zppki4gdwvc7","time":1612453946,"event":{"mods":["AchievementEnabler","BaseMod","Colored Powertips","DeckTracker","Minty Spire (QoL Compilation)"],"gold_per_floor":[112,13,13,31,50,50,0,17,44,44,44,44,44,67,67,193,193,216,216,232,232,157,157,180,180,180,180,219,219,233,61,61,186,186,199,74,89,89,89,89,123,123,123,123,163,186,36,369,369,369],"floor_reached":51,"language":"ENG","playtime":2483,"items_purged":["Defend_G","Strike_G","Strike_G","Strike_G"],"score":862,"play_id":"8461d9a6-4df4-42e4-a20b-a162d046caae","local_time":"20210204165226","is_ascension_mode":true,"campfire_choices":[{"data":"Neutralize","floor":6,"key":"SMITH"},{"data":"Accuracy","floor":11,"key":"SMITH"},{"data":"Blade Dance","floor":15,"key":"SMITH"},{"data":"Adrenaline","floor":23,"key":"SMITH"},{"data":"Survivor","floor":25,"key":"SMITH"},{"data":"Defend_G","floor":27,"key":"SMITH"},{"floor":29,"key":"REST"},{"data":"Accuracy","floor":32,"key":"SMITH"},{"data":"Blind","floor":40,"key":"SMITH"},{"data":"Tools of the Trade","floor":42,"key":"SMITH"},{"data":"Concentrate","floor":44,"key":"SMITH"},{"data":"Accuracy","floor":49,"key":"SMITH"}],"circlet_count":0,"master_deck":["Strike_G","Defend_G+1","Defend_G+1","Defend_G+1","Defend_G+1","Survivor+1","Neutralize+1","Accuracy+1","Infinite Blades","Deadly Poison+1","Blade Dance+1","Adrenaline+1","Concentrate+1","Accuracy+1","Tools of the Trade+1","Escape Plan","Blind+1","Accuracy+1","Cloak And Dagger+1"],"relics":["Ring of the Snake","MealTicket","Omamori","Runic Pyramid","War Paint","Centennial Puzzle","HoveringKite","Regal Pillow","Question Card","InkBottle"],"acts_visited":["Exordium","TheCity","TheBeyond"],"potions_floor_usage":[24,33,33,37,41,50,50,50,50],"damage_taken":[{"damage":1,"enemies":"2 Louse","floor":1,"turns":3},{"damage":6,"enemies":"Small Slimes","floor":4,"turns":3},{"damage":0,"enemies":"Jaw Worm","floor":5,"turns":4},{"damage":4,"enemies":"Blue Slaver","floor":8,"turns":4},{"damage":0,"enemies":"2 Fungi Beasts","floor":14,"turns":3},{"damage":9,"enemies":"The Guardian","floor":16,"turns":9},{"damage":18,"enemies":"2 Thieves","floor":18,"turns":5},{"damage":6,"enemies":"Shell Parasite","floor":20,"turns":4},{"damage":9,"enemies":"Snake Plant","floor":24,"turns":5},{"damage":21,"enemies":"Slavers","floor":28,"turns":6},{"damage":0,"enemies":"Snecko","floor":30,"turns":4},{"damage":55,"enemies":"Champ","floor":33,"turns":9},{"damage":20,"enemies":"3 Shapes","floor":35,"turns":5},{"damage":13,"enemies":"3 Darklings","floor":37,"turns":5},{"damage":0,"enemies":"Giant Head","floor":41,"turns":6},{"damage":17,"enemies":"Nemesis","floor":45,"turns":5},{"damage":2,"enemies":"Maw","floor":46,"turns":5},{"damage":13,"enemies":"Awakened One","floor":50,"turns":7}],"seed_played":"-5699993320789925215","potions_obtained":[{"floor":4,"key":"Swift Potion"},{"floor":16,"key":"LiquidBronze"},{"floor":18,"key":"Fire Potion"},{"floor":30,"key":"Ancient Potion"},{"floor":33,"key":"Block Potion"},{"floor":37,"key":"Dexterity Potion"},{"floor":41,"key":"Fire Potion"},{"floor":45,"key":"AttackPotion"},{"floor":46,"key":"EntropicBrew"}],"is_trial":false,"path_per_floor":["M","$","?","M","M","R","?","M","T","?","R","$","?","M","R","B",null,"M","?","M","?","$","R","M","R","T","R","E","R","M","$","R","B",null,"M","$","M","?","$","R","E","R","T","R","E","M","$","?","R","B",null],"character_chosen":"THE_SILENT","items_purchased":["Infinite Blades","Deadly Poison","Accuracy"],"campfire_rested":1,"item_purchase_floors":[2,2,31],"current_hp_per_floor":[69,70,75,69,69,69,69,65,65,50,50,65,65,65,65,56,75,57,57,51,51,66,66,57,57,57,57,36,58,58,73,73,18,75,55,70,57,57,72,72,72,72,72,72,55,53,68,68,68,55],"gold":369,"neow_bonus":"RANDOM_COMMON_RELIC","is_daily":false,"chose_seed":false,"campfire_upgraded":11,"win_rate":0.0,"timestamp":1612453946,"path_taken":["M","$","?","M","M","R","?","M","T","?","R","$","?","?","R","BOSS","M","?","M","?","$","R","M","R","T","R","E","R","?","?","R","BOSS","M","$","M","?","$","R","E","R","T","R","E","M","$","?","R","BOSS"],"items_purchased_type":["Card","Card","Card"],"build_version":"2020-12-22","purchased_purges":4,"victory":true,"max_hp_per_floor":[70,70,75,75,75,75,75,75,75,75,75,75,75,75,75,75,75,75,75,75,75,75,75,75,75,75,75,75,75,75,75,75,75,75,75,75,75,75,75,75,75,75,75,75,75,75,75,75,75,75],"card_choices":[{"not_picked":["Outmaneuver","Underhanded Strike"],"picked":"Accuracy","floor":1},{"not_picked":["Prepared","Sucker Punch","Dodge and Roll"],"picked":"SKIP","floor":4},{"not_picked":["Prepared","Finisher"],"picked":"Blade Dance","floor":5},{"not_picked":["Deadly Poison","Prepared","Eviscerate"],"picked":"SKIP","floor":8},{"not_picked":["Prepared","Deflect","Sucker Punch"],"picked":"SKIP","floor":14},{"not_picked":["Burst","Wraith Form v2"],"picked":"Adrenaline","floor":16},{"not_picked":["Tactician","Quick Slash+1","Poisoned Stab+1"],"picked":"SKIP","floor":18},{"not_picked":["Calculated Gamble","Deadly Poison","Riddle With Holes+1"],"picked":"SKIP","floor":20},{"not_picked":["Acrobatics","Cloak And Dagger+1"],"picked":"Concentrate","floor":24},{"not_picked":["Prepared","Grand Finale","Acrobatics+1"],"picked":"SKIP","floor":28},{"not_picked":["Dodge and Roll","Blur","Bane"],"picked":"SKIP","floor":30},{"not_picked":["Malaise","Corpse Explosion"],"picked":"Tools of the Trade","floor":33},{"not_picked":["Slice+1","Poisoned Stab+1","Terror+1"],"picked":"SKIP","floor":35},{"not_picked":["Blur","Choke"],"picked":"Escape Plan","floor":37},{"not_picked":["Bandage Up","Forethought"],"picked":"Blind","floor":38},{"not_picked":["Skewer+1","Eviscerate","Catalyst+1"],"picked":"SKIP","floor":41},{"not_picked":["Skewer+1","Eviscerate","Catalyst+1"],"picked":"SKIP","floor":41},{"not_picked":["Reflex+1","Escape Plan+1","Outmaneuver+1"],"picked":"Accuracy","floor":45},{"not_picked":["Caltrops+1","PiercingWail+1","All Out Attack+1"],"picked":"Cloak And Dagger+1","floor":46}],"player_experience":477113,"relics_obtained":[{"floor":9,"key":"Omamori"},{"floor":26,"key":"War Paint"},{"floor":28,"key":"Centennial Puzzle"},{"floor":41,"key":"Regal Pillow"},{"floor":43,"key":"Question Card"},{"floor":45,"key":"InkBottle"}],"event_choices":[{"damage_healed":0,"gold_gain":0,"player_choice":"Donut","damage_taken":0,"max_hp_gain":5,"max_hp_loss":0,"event_name":"Big Fish","floor":3,"gold_loss":0},{"cards_removed":["Strike_G"],"damage_healed":0,"gold_gain":0,"player_choice":"Card Removal","damage_taken":0,"max_hp_gain":0,"max_hp_loss":0,"event_name":"The Cleric","floor":7,"gold_loss":50},{"damage_healed":0,"gold_gain":0,"player_choice":"Entered Light","damage_taken":15,"max_hp_gain":0,"max_hp_loss":0,"event_name":"Shining Light","floor":10,"gold_loss":0,"cards_upgraded":["Defend_G","Deadly Poison"]},{"damage_healed":0,"gold_gain":0,"player_choice":"Take Wound","damage_taken":0,"relics_obtained":["Golden Idol"],"max_hp_gain":0,"max_hp_loss":0,"event_name":"Golden Idol","floor":13,"gold_loss":0,"cards_obtained":["Injury"]},{"damage_healed":0,"gold_gain":0,"player_choice":"Ignored","damage_taken":0,"max_hp_gain":0,"max_hp_loss":0,"event_name":"Ghosts","floor":19,"gold_loss":0},{"damage_healed":0,"gold_gain":0,"player_choice":"Ignored","damage_taken":0,"max_hp_gain":0,"max_hp_loss":0,"event_name":"Transmorgrifier","floor":21,"gold_loss":0},{"damage_healed":0,"gold_gain":0,"player_choice":"Memory 1","damage_taken":0,"max_hp_gain":0,"max_hp_loss":0,"event_name":"SensoryStone","floor":38,"gold_loss":0},{"damage_healed":0,"gold_gain":333,"player_choice":"Gave Idol","damage_taken":0,"max_hp_gain":0,"max_hp_loss":0,"event_name":"The Moai Head","floor":48,"relics_lost":["Golden Idol"],"gold_loss":0}],"is_beta":false,"boss_relics":[{"not_picked":["Tiny House","Astrolabe"],"picked":"Runic Pyramid"},{"not_picked":["Black Star","Cursed Key"],"picked":"HoveringKite"}],"items_purged_floors":[22,31,36,47],"is_endless":false,"potions_floor_spawned":[4,16,18,30,33,37,41,45,46],"ascension_level":3}}