{"host":"g2yp6paluzgljz05","time":1612444699,"event":{"mods":["BaseMod","Bestiary","Colored Powertips","DeckTracker","Highlight Path","Minty Spire (QoL Compilation)","Quick Restart"],"gold_per_floor":[317,317,164,164,64,91,91,121,121,140,140,140,153,53,53,149,149,119,119,137,17,17,17,17,17],"floor_reached":24,"language":"ENG","playtime":908,"items_purged":["Strike_R","Strike_R","Strike_R","Strike_R"],"score":300,"play_id":"ec26fb15-7a62-4b3b-b343-f7c6518537d4","local_time":"20210205001819","is_ascension_mode":true,"campfire_choices":[{"data":"Bash","floor":7,"key":"SMITH"},{"data":"Rampage","floor":12,"key":"SMITH"},{"data":"Dark Embrace","floor":15,"key":"SMITH"},{"data":"Shockwave","floor":23,"key":"SMITH"}],"circlet_count":0,"master_deck":["AscendersBane","Strike_R","Defend_R","Defend_R","Defend_R","Defend_R","Bash+1","Rampage+1","Burning Pact","Sever Soul","Dark Embrace+1","Offering","Rupture","Finesse","Combust","Shockwave+1"],"relics":["Burning Blood","Old Coin","Meat on the Bone","CaptainsWheel","White Beast Statue","The Courier","SacredBark"],"acts_visited":["Exordium","TheCity"],"potions_floor_usage":[6,6,6,8,16,16,18],"damage_taken":[{"damage":16,"enemies":"2 Louse","floor":1,"turns":3},{"damage":40,"enemies":"Lagavulin","floor":6,"turns":5},{"damage":26,"enemies":"Gremlin Nob","floor":8,"turns":4},{"damage":1,"enemies":"Cultist","floor":10,"turns":3},{"damage":0,"enemies":"Small Slimes","floor":13,"turns":4},{"damage":49,"enemies":"Hexaghost","floor":16,"turns":7},{"damage":22,"enemies":"2 Thieves","floor":18,"turns":2},{"damage":18,"enemies":"Chosen","floor":20,"turns":3},{"damage":58,"enemies":"Book of Stabbing","floor":24,"turns":5}],"seed_played":"-4314769020290745690","potions_obtained":[{"floor":2,"key":"SkillPotion"},{"floor":2,"key":"CultistPotion"},{"floor":2,"key":"EntropicBrew"},{"floor":10,"key":"EssenceOfSteel"},{"floor":13,"key":"DuplicationPotion"},{"floor":16,"key":"Ancient Potion"},{"floor":20,"key":"SmokeBomb"}],"is_trial":false,"path_per_floor":["M","?","$","?","$","E","R","E","T","M","?","R","M","$","R","B",null,"M","?","M","$","?","R","E"],"character_chosen":"IRONCLAD","items_purchased":["Burning Pact"],"campfire_rested":0,"item_purchase_floors":[3],"current_hp_per_floor":[62,62,62,67,67,33,33,25,25,42,42,42,60,60,60,29,71,55,55,55,55,55,55,0,0],"gold":17,"neow_bonus":"ONE_RARE_RELIC","is_daily":false,"chose_seed":false,"campfire_upgraded":4,"win_rate":0.0,"timestamp":1612444699,"path_taken":["M","?","?","?","$","E","R","E","T","M","?","R","?","$","R","BOSS","M","?","?","$","?","R","E"],"items_purchased_type":["Card"],"build_version":"2020-12-22","purchased_purges":4,"victory":false,"max_hp_per_floor":[80,80,80,85,85,85,85,85,85,85,85,85,85,85,85,85,85,85,85,85,85,85,85,85,85],"card_choices":[{"not_picked":["Heavy Blade","True Grit"],"picked":"Rampage","floor":1},{"not_picked":["Sword Boomerang","Carnage"],"picked":"Sever Soul","floor":6},{"not_picked":["Havoc","Anger","Bloodletting"],"picked":"SKIP","floor":8},{"not_picked":["Twin Strike","Pommel Strike"],"picked":"Dark Embrace","floor":10},{"not_picked":["Shockwave","Whirlwind","Second Wind"],"picked":"SKIP","floor":13},{"not_picked":["Juggernaut","Impervious"],"picked":"Offering","floor":16},{"not_picked":["Carnage","Whirlwind"],"picked":"Combust","floor":20}],"player_experience":330397,"relics_obtained":[{"floor":6,"key":"Meat on the Bone"},{"floor":8,"key":"CaptainsWheel"},{"floor":9,"key":"White Beast Statue"}],"event_choices":[{"damage_healed":0,"gold_gain":0,"player_choice":"Got Potions","damage_taken":0,"max_hp_gain":0,"max_hp_loss":0,"event_name":"Lab","floor":2,"gold_loss":0},{"damage_healed":0,"gold_gain":0,"player_choice":"Donut","damage_taken":0,"max_hp_gain":5,"max_hp_loss":0,"event_name":"Big Fish","floor":4,"gold_loss":0},{"damage_healed":0,"gold_gain":0,"player_choice":"Gave Potion","damage_taken":0,"relics_obtained":["The Courier"],"max_hp_gain":0,"max_hp_loss":0,"event_name":"WeMeetAgain","floor":11,"gold_loss":0},{"damage_healed":0,"gold_gain":0,"player_choice":"2 cards matched","damage_taken":0,"max_hp_gain":0,"max_hp_loss":0,"event_name":"Match and Keep!","floor":19,"gold_loss":0,"cards_obtained":["Rupture","Finesse"]},{"damage_healed":0,"gold_gain":0,"player_choice":"Read","damage_taken":0,"max_hp_gain":0,"max_hp_loss":0,"event_name":"The Library","floor":22,"gold_loss":0,"cards_obtained":["Shockwave"]}],"is_beta":false,"boss_relics":[{"not_picked":["Runic Cube","Philosopher\u0027s Stone"],"picked":"SacredBark"}],"items_purged_floors":[3,5,14,21],"is_endless":false,"potions_floor_spawned":[10,13,16,18,20],"killed_by":"Book of Stabbing","ascension_level":10}}