{"host":"nwavcs7i011ziyjx","time":1612462529,"event":{"mods":["AchievementEnabler","BaseMod","Colored Map","Colored Powertips","Marisa（F雨　魔理沙）","Minty Spire (QoL Compilation)","MostiFishMod","Quick Restart","Rare Cards Sparkle","Remilia（蕾米莉亚）","Replay The Spire","Spicy Shops","StSLib","TestMod","The Servant 0.9.4","Uncapped","UnlockEverythingMod","WarShipGirlsR/战舰少女R mod","noobMod"],"gold_per_floor":[800000,799244,799262,799262,799277,799277,799277],"floor_reached":6,"language":"ZHS","playtime":105,"items_purged":["Strike_RM"],"score":49,"play_id":"f183018d-adef-4874-ad9a-9c31f36b64fb","local_time":"20210205021529","is_ascension_mode":true,"campfire_choices":[],"circlet_count":0,"master_deck":["Strike_RM","Strike_RM","Defend_RM","Defend_RM","Defend_RM","Defend_RM","RedMoon","ScarletShoot","MastersStateliness","BloodRain"],"relics":["ScarletHat","ice","DaveBox","testmod-TestBox","DianPoetry","testmod-Brilliant","NeowsBlessing","SynthV:TestCard","Frozen Egg 2","Replay:Wax Seal","HandDrill","Ancient Tea Set","ChiLing","Chi","Ling"],"acts_visited":["Exordium"],"potions_floor_usage":[],"damage_taken":[{"damage":0,"enemies":"Jaw Worm","floor":1,"turns":1},{"damage":0,"enemies":"Small Slimes","floor":3,"turns":1},{"damage":0,"enemies":"Cultist","floor":5,"turns":1},{"damage":2,"enemies":"3 Sentries","floor":6,"turns":1}],"seed_played":"-1057175028190426522","potions_obtained":[],"is_trial":false,"path_per_floor":["M","$","M","?","M","E"],"character_chosen":"REMILIA","items_purchased":["Frozen Egg 2","Replay:Wax Seal","HandDrill","Ancient Tea Set","ChiLing"],"campfire_rested":0,"item_purchase_floors":[2,2,2,2,2],"current_hp_per_floor":[68,68,68,61,61,59,59],"gold":799277,"neow_bonus":"THREE_ENEMY_KILL","is_daily":false,"chose_seed":false,"campfire_upgraded":0,"win_rate":0.0,"timestamp":1612462529,"path_taken":["M","$","M","?","M","E"],"items_purchased_type":["Relic","Relic","Relic","Relic","Relic"],"build_version":"2020-12-22","purchased_purges":1,"victory":false,"max_hp_per_floor":[75,75,75,75,75,75,75],"card_choices":[{"not_picked":["MiserableFate","AfternoonTea"],"picked":"MastersStateliness","floor":1},{"not_picked":["BombardNight","FavorOfDestiny","FitfulNightmare+1","DiffusionOfMisfortune","VampireKiss"],"picked":"SKIP","floor":3},{"not_picked":["VampireFantasy","FavorOfDestiny","UnstableMagic","ScarletSymphony"],"picked":"BloodRain","floor":5}],"player_experience":249020,"relics_obtained":[{"floor":1,"key":"SynthV:TestCard"}],"event_choices":[{"cards_removed":["Strike_RM"],"damage_healed":0,"gold_gain":0,"player_choice":"Card Removal","damage_taken":7,"max_hp_gain":0,"max_hp_loss":0,"event_name":"Golden Wing","floor":4,"gold_loss":0}],"is_beta":false,"boss_relics":[],"items_purged_floors":[2],"is_endless":false,"potions_floor_spawned":[],"killed_by":"3 Sentries","ascension_level":7}}