{"host":"17uu0q65fspg4e3h","time":1612448067,"event":{"mods":["Alarm Clock","BaseMod","Colored Map","Colored Powertips","Highlight Path","Minty Spire (QoL Compilation)","Quick Restart","Relic Stats","SOS（斯巴达之子）","Shop Mod","StSLib","The Administrix","The Runesmith","篝火指南"],"gold_per_floor":[114,133,152,152,165,165,115,115,193,193,193,213,213,237,237,367,367,367,367],"floor_reached":18,"language":"ZHS","playtime":410,"items_purged":[],"score":228,"play_id":"cddc0498-7e61-417d-9820-e14eb4d931f3","local_time":"20210204221427","is_ascension_mode":true,"campfire_choices":[{"data":"Perfected Strike","floor":6,"key":"SMITH"},{"data":"Infernal Blade","floor":13,"key":"SMITH"},{"floor":15,"key":"REST"}],"circlet_count":0,"master_deck":["AscendersBane","Strike_R","Strike_R","Strike_R","Defend_R","Defend_R+1","Defend_R+1","Defend_R","Bash","Perfected Strike+1","Pommel Strike","Metallicize","Demon Form+1","Infernal Blade+1","Infernal Blade","Offering"],"relics":["Burning Blood","NeowsBlessing","War Paint","Kunai","Golden Idol","Runic Pyramid"],"acts_visited":["Exordium","TheCity"],"potions_floor_usage":[],"damage_taken":[{"damage":0,"enemies":"Small Slimes","floor":1,"turns":1},{"damage":0,"enemies":"2 Louse","floor":2,"turns":1},{"damage":0,"enemies":"Jaw Worm","floor":3,"turns":1},{"damage":12,"enemies":"Large Slime","floor":5,"turns":7},{"damage":0,"enemies":"3 Louse","floor":12,"turns":6},{"damage":11,"enemies":"Exordium Wildlife","floor":14,"turns":5},{"damage":12,"enemies":"Slime Boss","floor":16,"turns":6},{"damage":34,"enemies":"3 Byrds","floor":18,"turns":5}],"seed_played":"-3000119409263736178","potions_obtained":[{"floor":5,"key":"Ancient Potion"},{"floor":16,"key":"SteroidPotion"}],"is_trial":false,"path_per_floor":["M","M","M","?","M","R","?","?","T","?","?","M","R","M","R","B",null,"M"],"character_chosen":"IRONCLAD","items_purchased":[],"campfire_rested":1,"item_purchase_floors":[],"current_hp_per_floor":[78,80,80,73,67,67,67,60,60,40,40,46,46,41,65,59,75,41,41],"gold":367,"neow_bonus":"THREE_ENEMY_KILL","is_daily":false,"chose_seed":false,"campfire_upgraded":2,"win_rate":0.0,"timestamp":1612448067,"path_taken":["M","M","M","?","M","R","?","?","T","?","?","?","R","M","R","BOSS","M"],"items_purchased_type":[],"build_version":"2020-12-22","purchased_purges":0,"victory":false,"max_hp_per_floor":[80,80,80,80,80,80,80,80,80,80,80,80,80,80,80,80,80,80,80],"relic_stats":{"counters":[8,32],"Golden Idol":35,"Kunai":[2],"War Paint":["Defend_R","Defend_R"],"obtain_stats":[{"NeowsBlessing":0,"Golden Idol":10,"Kunai":9,"War Paint":8,"Burning Blood":0,"Runic Pyramid":17},{"NeowsBlessing":0,"Golden Idol":4,"Kunai":4,"War Paint":4,"Burning Blood":0,"Runic Pyramid":7},{"NeowsBlessing":0,"Golden Idol":10,"Kunai":10,"War Paint":10,"Burning Blood":0,"Runic Pyramid":27}],"Burning Blood":32},"card_choices":[{"not_picked":["Cleave","Clash"],"picked":"Perfected Strike","floor":1},{"not_picked":["Pummel","Cleave"],"picked":"Pommel Strike","floor":2},{"not_picked":["Anger","Flex"],"picked":"Metallicize","floor":3},{"not_picked":["Whirlwind","Body Slam"],"picked":"Demon Form","floor":5},{"not_picked":["Havoc","Body Slam"],"picked":"Infernal Blade","floor":12},{"not_picked":["Disarm","True Grit"],"picked":"Infernal Blade","floor":14},{"not_picked":["Impervious","Barricade"],"picked":"Offering","floor":16}],"player_experience":652041,"relics_obtained":[{"floor":9,"key":"Kunai"}],"event_choices":[{"cards_removed":["Strike_R"],"damage_healed":0,"gold_gain":0,"player_choice":"Card Removal","damage_taken":7,"max_hp_gain":0,"max_hp_loss":0,"event_name":"Golden Wing","floor":4,"gold_loss":0},{"cards_removed":["Strike_R"],"damage_healed":0,"gold_gain":0,"player_choice":"Card Removal","damage_taken":0,"max_hp_gain":0,"max_hp_loss":0,"event_name":"The Cleric","floor":7,"gold_loss":50},{"damage_healed":0,"gold_gain":0,"player_choice":"Success","damage_taken":7,"relics_obtained":["War Paint"],"max_hp_gain":0,"max_hp_loss":0,"event_name":"Scrap Ooze","floor":8,"gold_loss":0},{"damage_healed":0,"gold_gain":0,"player_choice":"Take Damage","damage_taken":20,"relics_obtained":["Golden Idol"],"max_hp_gain":0,"max_hp_loss":0,"event_name":"Golden Idol","floor":10,"gold_loss":0},{"damage_healed":0,"gold_gain":0,"player_choice":"Grow","damage_taken":0,"max_hp_gain":0,"max_hp_loss":0,"event_name":"Living Wall","floor":11,"gold_loss":0,"cards_upgraded":["Demon Form"]}],"is_beta":false,"boss_relics":[{"not_picked":["Fusion Hammer","Runic Dome"],"picked":"Runic Pyramid"}],"items_purged_floors":[],"is_endless":false,"potions_floor_spawned":[5,16],"killed_by":"3 Byrds","ascension_level":10}}