{"host":"takgv9cv6xf64vhq","time":1612434300,"event":{"mods":["BaseMod","Colored Powertips","Conspire","Decade(王小明)","Downfall","Energized Spire","Hermit","Hubris","LagranYue(拉格朗・月)","Marisa（F雨　魔理沙）","Minty Spire (QoL Compilation)","Replay The Spire","StSLib","The Cursed","The Hierophant","The Jungle","The Servant 0.9.4","TheHeartMod"],"gold_per_floor":[118,118,118,132,151,151,25,45,45,120,120,120,120,147,147,220,220,238,238,14,32,8,39,59,85,153,180,180,197,229,240,240,318,318,332,79,79,98,117,117,152,152,204,236,251,251,269,286,286,286,286,286,31,66,66],"floor_reached":56,"language":"ZHS","playtime":6223,"items_purged":["Pain","Strike_G","Defend_G"],"score":2774,"play_id":"abd388da-2020-4508-8ed2-0e643ecc6b97","local_time":"20210204182500","is_ascension_mode":true,"campfire_choices":[{"floor":6.0,"key":"REST"},{"floor":11,"key":"REST"},{"data":"Cloak And Dagger","floor":13,"key":"SMITH"},{"data":"Terror","floor":15,"key":"SMITH"},{"data":"hubris:DuctTapeCard","floor":28,"key":"SMITH"},{"floor":40,"key":"RECALL"},{"data":"Caltrops","floor":46,"key":"SMITH"},{"data":"hubris:Sniper","floor":52,"key":"SMITH"}],"circlet_count":0,"master_deck":["Defend_G","Defend_G","Defend_G","Defend_G","Survivor","Neutralize","Deflect","Terror+1","Well Laid Plans","Well Laid Plans","Cloak And Dagger+1","Dagger Throw","After Image+1","Reflex","ReplayTheSpireMod:The Works","Acrobatics","PiercingWail","Acrobatics","Quick Slash","Concentrate","hubris:DuctTapeCard+1","Quick Slash+1","hubris:SlightOfHand","hubris:SlightOfHand","Heel Hook","Phantasmal Killer","Caltrops+1","conspire:PoisonWeapons+1","Masterful Stab","Poisoned Stab+1","Replay:BasicMightCard","Mayhem","Violence","Blade Dance+1","hubris:Sniper+1","Hidden Blade+1","Eviscerate","Accuracy","ReplayTheSpireMod:IOU","ReplayTheSpireMod:IOU","hubris:Sniper","Footwork","ReplayTheSpireMod:IOU","hubris:Counter","Deadly Poison","Dash"],"relics":["Black Star","Bag of Preparation","bronze:DonusWashers","ReplayTheSpireMod:Lightbulb","WarpedTongs","Bag of Marbles","Mirror","hubris:OldNail","LagranYue:SoulBurningRelic","LagranYue:NewUniverseRelic","hubris:Spice","Paper Crane","hexamod:BolsterEngine","CaptainsWheel","LagranYue:MagicReflectiveArmorRelic","hubris:DuctTape","Replay:Towering Pillar of Hats","Vajra","Snecko Scales","Pen Nib","ReplayFunnel","Replay:Bottled Flurry","Question Card","Replay:Wax Seal","TwistedFunnel","LagranYue:GuideDeadRelic"],"acts_visited":["Exordium","TheCity","TheBeyond","TheEnding"],"potions_floor_usage":[14,16,16,23,33,41,55,55],"damage_taken":[{"damage":6.0,"enemies":"Cultist","floor":1.0,"turns":6.0},{"damage":5.0,"enemies":"Jaw Worm","floor":4.0,"turns":4.0},{"damage":9.0,"enemies":"Small Slimes","floor":5.0,"turns":5.0},{"damage":12,"enemies":"3 Louse","floor":8,"turns":6},{"damage":6,"enemies":"3 Sentries","floor":14,"turns":10},{"damage":12,"enemies":"Slime Boss","floor":16,"turns":12},{"damage":7,"enemies":"Shell Parasite","floor":18,"turns":7},{"damage":0,"enemies":"Chosen","floor":21,"turns":5},{"damage":0,"enemies":"Gremlin Leader","floor":23,"turns":6},{"damage":0,"enemies":"Snecko","floor":24,"turns":3},{"damage":0,"enemies":"Book of Stabbing","floor":25,"turns":3},{"damage":0,"enemies":"Gremlin Leader","floor":27,"turns":3},{"damage":0,"enemies":"Cultist and Chosen","floor":29,"turns":3},{"damage":0,"enemies":"Book of Stabbing","floor":30,"turns":2},{"damage":0,"enemies":"Snake Plant","floor":31,"turns":2},{"damage":0,"enemies":"conspire:MysteriousRune","floor":33,"turns":3},{"damage":0,"enemies":"3 Darklings","floor":35,"turns":1},{"damage":0,"enemies":"Orb Walker","floor":38,"turns":1},{"damage":0,"enemies":"Sphere and 2 Shapes","floor":39,"turns":1},{"damage":0,"enemies":"R_Hoarder","floor":41,"turns":2},{"damage":0,"enemies":"Nemesis","floor":44,"turns":1},{"damage":0,"enemies":"3 Darklings","floor":45,"turns":1},{"damage":0,"enemies":"Spire Growth","floor":47,"turns":1},{"damage":0,"enemies":"Jaw Worm Horde","floor":48,"turns":1},{"damage":0,"enemies":"Donu and Deca","floor":50,"turns":2},{"damage":0,"enemies":"Shield and Spear","floor":54,"turns":1},{"damage":0,"enemies":"The Heart","floor":55,"turns":4}],"seed_played":"-5230330555428479058","potions_obtained":[{"floor":5.0,"key":"SteroidPotion"},{"floor":8,"key":"Venom Potion"},{"floor":14,"key":"Energy Potion"},{"floor":21,"key":"SteroidPotion"},{"floor":23,"key":"Energy Potion"},{"floor":25,"key":"FearPotion"},{"floor":31,"key":"BlessingOfTheForge"},{"floor":35,"key":"Adrenaline Potion"},{"floor":39,"key":"Regen Potion"},{"floor":47,"key":"Energy Potion"},{"floor":54,"key":"BlessingOfTheForge"}],"is_trial":false,"path_per_floor":["M","$","?","M","M","R","$","M","T","?","R","?","R","E","R","B",null,"M","?","$","M","$","E","M","E","T","E","R","M","E","M","R","B",null,"M","$","?","M","M","R","E","?","T","E","M","R","M","M","R","B",null,"R","$","E","B",null],"character_chosen":"THE_SILENT","items_purchased":["Bag of Preparation","bronze:DonusWashers","ReplayTheSpireMod:Lightbulb","Well Laid Plans","LagranYue:NewUniverseRelic","ReplayTheSpireMod:The Works","PiercingWail","Pen Nib","Replay:Wax Seal","hubris:Sniper","Footwork","TwistedFunnel","hubris:Counter","Deadly Poison"],"campfire_rested":2,"item_purchase_floors":[2,2,2,7,20,20,22,36,53,53,53,53,53,53],"current_hp_per_floor":[53,19,19,14,5,24,24,12,12,1,20,20,20,14,14,2,49,42,42,42,42,42,49,49,49,49,49,49,49,49,49,49,49,67,67,67,67,67,67,67,74,64,71,71,71,71,71,71,71,71,72,72,72,66,66],"gold":66,"neow_bonus":"BOSS_RELIC","is_daily":false,"chose_seed":false,"campfire_upgraded":5,"win_rate":0.0,"timestamp":1612434300,"path_taken":["M","?","?","M","?","R","?","M","T","?","R","?","R","E","R","BOSS","M","?","$","?","$","E","M","E","T","E","R","M","E","M","R","BOSS","M","$","?","M","?","R","E","?","T","E","M","R","M","M","R","BOSS","R","$","E","BOSS"],"items_purchased_type":["Relic","Relic","Relic","Card","Relic","Card","Card","Relic","Relic","Card","Card","Relic","Card","Card"],"build_version":"2020-12-22","purchased_purges":3,"victory":true,"max_hp_per_floor":[66,66,66,66,66,66,66,66,66,66,66,66,66,66,66,66,66,66,66,66,66,66,74,74,74,74,74,74,74,74,74,74,74,74,74,74,74,74,74,74,74,74,82,74,74,74,74,74,74,74,74,74,74,66,66],"card_choices":[{"not_picked":["Bane","Dash"],"picked":"Deflect","floor":1.0},{"not_picked":["Setup","Dagger Throw"],"picked":"Draining Mist","floor":4.0},{"not_picked":["Sucker Punch","Quick Slash"],"picked":"Terror","floor":5.0},{"not_picked":["Deflect","Predator"],"picked":"Cloak And Dagger","floor":8},{"not_picked":["Quick Slash","Flechettes"],"picked":"Dagger Throw","floor":14},{"not_picked":["Burst","Atom Bomb"],"picked":"After Image","floor":16},{"not_picked":["Slice","conspire:PoisonWeapons"],"picked":"Reflex","floor":18},{"not_picked":["Cloak And Dagger","Leg Sweep"],"picked":"Acrobatics","floor":21},{"not_picked":["Outmaneuver","hubris:TrickCloak"],"picked":"Acrobatics","floor":23},{"not_picked":["Masterful Stab","Well Laid Plans","Deflect"],"picked":"SKIP","floor":24},{"not_picked":["Venomology","All Out Attack"],"picked":"Quick Slash","floor":25},{"not_picked":["Sucker Punch+1","PiercingWail"],"picked":"Concentrate","floor":27},{"not_picked":["Slice","Blade Dance"],"picked":"Quick Slash+1","floor":29},{"not_picked":["PiercingWail","Dodge and Roll"],"picked":"hubris:SlightOfHand","floor":30},{"not_picked":["Deadly Poison","Bane"],"picked":"hubris:SlightOfHand","floor":31},{"not_picked":["Corpse Explosion","Night Terror"],"picked":"Phantasmal Killer","floor":33},{"not_picked":["Underhanded Strike+1","Poisoned Stab"],"picked":"Caltrops","floor":35},{"not_picked":["PiercingWail","Slice"],"picked":"conspire:PoisonWeapons+1","floor":38},{"not_picked":["Sucker Punch+1","Outmaneuver"],"picked":"Masterful Stab","floor":39},{"not_picked":["Quick Slash","Slice"],"picked":"Poisoned Stab+1","floor":41},{"not_picked":["PanicButton","ReplayTheSpireMod:Private Reserves"],"picked":"Replay:BasicMightCard","floor":42},{"not_picked":["Finesse","Thinking Ahead"],"picked":"Mayhem","floor":42},{"not_picked":["Enlightenment","Poisoned Strike"],"picked":"Violence","floor":42},{"not_picked":["Replay:Poison Smokescreen","ReplayTheSpireMod:Shiv Toss"],"picked":"Blade Dance+1","floor":44},{"not_picked":["Acrobatics","Underhanded Strike","hubris:SpiceAddiction"],"picked":"hubris:Sniper","floor":45},{"not_picked":["hubris:SpiceAddiction","Poisoned Stab","Cloak And Dagger+1"],"picked":"Hidden Blade+1","floor":47},{"not_picked":["Concentrate","hubris:SpiceAddiction","Corpse Explosion"],"picked":"Eviscerate","floor":48},{"not_picked":["Infinite Blades","Underhanded Strike","Bouncing Flask"],"picked":"Dash","floor":54}],"player_experience":385229,"relics_obtained":[{"floor":9,"key":"Bag of Marbles"},{"floor":14,"key":"Mirror"},{"floor":14,"key":"hubris:OldNail"},{"floor":23,"key":"hubris:Spice"},{"floor":23,"key":"Paper Crane"},{"floor":25,"key":"hexamod:BolsterEngine"},{"floor":25,"key":"CaptainsWheel"},{"floor":27,"key":"LagranYue:MagicReflectiveArmorRelic"},{"floor":27,"key":"hubris:DuctTape"},{"floor":30,"key":"Replay:Towering Pillar of Hats"},{"floor":30,"key":"Vajra"},{"floor":41,"key":"ReplayFunnel"},{"floor":41,"key":"Replay:Bottled Flurry"},{"floor":43,"key":"hubris:Spice"},{"floor":44,"key":"Question Card"},{"floor":44,"key":"hubris:Spice"},{"floor":54,"key":"LagranYue:GuideDeadRelic"},{"floor":54,"key":"hubris:Spice"}],"event_choices":[{"damage_healed":0.0,"max_hp_gain":0.0,"max_hp_loss":0.0,"gold_gain":0.0,"event_name":"Accursed Blacksmith","player_choice":"Rummage","floor":3.0,"gold_loss":0.0,"damage_taken":0.0,"relics_obtained":["WarpedTongs"],"cards_obtained":["Pain"]},{"damage_healed":0,"gold_gain":75,"player_choice":"Gather Gold","damage_taken":11,"max_hp_gain":0,"max_hp_loss":0,"event_name":"World of Goop","floor":10,"gold_loss":0},{"cards_removed":["Strike_G"],"damage_healed":0,"gold_gain":0,"player_choice":"Offered Basic","damage_taken":0,"max_hp_gain":0,"max_hp_loss":0,"event_name":"Bonfire Elementals","floor":12,"gold_loss":0},{"damage_healed":0,"gold_gain":0,"player_choice":"Upgraded","damage_taken":0,"max_hp_gain":0,"max_hp_loss":0,"event_name":"Upgrade Shrine","floor":19,"gold_loss":0,"cards_upgraded":["After Image"]},{"cards_removed":["Strike_G"],"damage_healed":0,"gold_gain":0,"player_choice":"Purged","damage_taken":0,"max_hp_gain":0,"max_hp_loss":0,"event_name":"Purifier","floor":37,"gold_loss":0},{"damage_healed":0,"gold_gain":0,"player_choice":"Memory 3","damage_taken":10,"max_hp_gain":0,"max_hp_loss":0,"event_name":"SensoryStone","floor":42,"gold_loss":0}],"is_beta":false,"boss_relics":[{"not_picked":["Busted Crown","Replay:Bronze Core"],"picked":"LagranYue:SoulBurningRelic"},{"not_picked":["hubris:TerracottaHorce","hubris:GrandSneckoEye"],"picked":"Snecko Scales"}],"items_purged_floors":[7,36,53],"is_endless":false,"potions_floor_spawned":[5,8,14,21,23,25,31,35,39,47,54],"ascension_level":15}}