{"host":"0s8kyghz8ihx2r41","time":1612468565,"event":{"mods":["2.2 Compatiblity","Act Like it!","Bard","BaseMod","CapriCore","Chen","Conspire","Downfall","Friendly Minions","GungeonMod","Hermit","HololiveMod","Hubris","Koishi","Lobotomy","LobotomyExtend","Marisa（霧雨　魔理沙）","Minty Spire (QoL Compilation)","Morshu Shopkeeper - ENHANCED","Onozuka Komachi Mod","Prisma Mod","READ ME - Snecko Mod","Reimu（博??梦）","Replay The Spire","Spire Birthday Party","StSLib","The Administrix","The Alterego","The Clintock","The Construct","The Cursed","The Disciple","The Druid","The Gatherer","The Immortal","The Marked","The Mystic","The Servant 0.9.4","TheVacant","Waifu the Spire","Yakumo Yukari mod","Yuyuko","everything is the same but u backflip on backflip","slay the spire mod where everything is the same but ironclad has a cowboy hat"],"gold_per_floor":[219,230,145,155,155,181,181,194,245,245,245,285,304,317,317,419,469,487,505,505,505,505],"floor_reached":21,"language":"ENG","playtime":1192,"items_purged":[],"score":183,"play_id":"b270be4e-0fab-4092-8316-50bdbfe3598d","local_time":"20210204145605","is_ascension_mode":false,"campfire_choices":[{"floor":7,"key":"REST"},{"floor":10,"key":"REST"},{"floor":15,"key":"REST"}],"circlet_count":0,"master_deck":["DemoMod:Strike_Huntress","DemoMod:Strike_Huntress+1","DemoMod:Strike_Huntress","DemoMod:Defend_Huntress","DemoMod:Defend_Huntress","DemoMod:Defend_Huntress","DemoMod:Defend_Huntress","DemoMod:Roll","DemoMod:ManualReload","DemoMod:RustySidearm+1","DemoMod:CrossBow+1","DemoMod:TripleGun","DemoMod:Unity","DemoMod:JK47+1","DemoMod:GunstockTap","DemoMod:MegaHand","DemoMod:Unmoved","DemoMod:TeaPot","Decay","DemoMod:PracticeMakesPerfect","DemoMod:StickyCrossBow","DemoMod:DoubleVision","DemoMod:HardPowerCard"],"relics":["DemoMod:Dog","DemoMod:ChaffGrenade","Gremlin Food","Tiny House","alterego_mod:SomeoneToFightFor"],"acts_visited":["Exordium","TheCity"],"potions_floor_usage":[16,16,16,18,18,18,18,21,21],"damage_taken":[{"damage":0,"enemies":"Small Slimes","floor":1,"turns":2},{"damage":5,"enemies":"Cultist","floor":2,"turns":4},{"damage":6,"enemies":"2 Louse","floor":4,"turns":2},{"damage":47,"enemies":"Lagavulin","floor":6,"turns":7},{"damage":8,"enemies":"Red Slaver","floor":8,"turns":3},{"damage":7,"enemies":"Exordium Thugs","floor":12,"turns":5},{"damage":15,"enemies":"Exordium Wildlife","floor":13,"turns":3},{"damage":2,"enemies":"Lots of Slimes","floor":14,"turns":3},{"damage":17,"enemies":"Slime Boss","floor":16,"turns":8},{"damage":41,"enemies":"3 Byrds","floor":18,"turns":8},{"damage":21,"enemies":"Spheric Guardian","floor":19,"turns":4},{"damage":24,"enemies":"Centurion and Healer","floor":21,"turns":6}],"seed_played":"-3226644344712634122","potions_obtained":[{"floor":6,"key":"Adrenaline Potion"},{"floor":8,"key":"ColorlessPotion"},{"floor":12,"key":"ColorlessPotion"},{"floor":16,"key":"Block Potion"},{"floor":17,"key":"EntropicBrew"},{"floor":19,"key":"Regen Potion"}],"is_trial":false,"path_per_floor":["M","M","$","M","?","E","R","M","T","R","?","M","M","M","R","B",null,"M","M","?","M"],"character_chosen":"HUNTRESS","items_purchased":["DemoMod:JK47+1","DemoMod:GunstockTap"],"campfire_rested":3,"item_purchase_floors":[3,3],"current_hp_per_floor":[70,65,65,59,64,17,38,30,30,51,51,44,29,27,48,31,75,34,13,13,0,0],"gold":505,"neow_bonus":"HUNDRED_GOLD","is_daily":false,"chose_seed":false,"campfire_upgraded":0,"win_rate":0.0,"timestamp":1612468565,"path_taken":["M","M","$","M","?","E","R","?","T","R","?","M","M","?","R","BOSS","M","M","?","M"],"items_purchased_type":["Card","Card"],"build_version":"2020-12-22","purchased_purges":0,"victory":false,"max_hp_per_floor":[70,70,70,70,70,70,70,70,70,70,70,70,70,70,70,70,75,75,75,75,75,75],"card_choices":[{"not_picked":["DemoMod:ConditionalReflex","DemoMod:SkilledReload"],"picked":"DemoMod:DoubleSwitch","floor":1},{"not_picked":["DemoMod:TeaPot","DemoMod:Camera"],"picked":"DemoMod:TripleGun","floor":1},{"not_picked":["DemoMod:LifeOrb","DemoMod:ZorGun"],"picked":"DemoMod:Unity","floor":2},{"not_picked":["DemoMod:AC15","DemoMod:ThirdPartyController"],"picked":"DemoMod:MegaHand","floor":4},{"not_picked":["DemoMod:CursedBullets","DemoMod:ZorGun"],"picked":"DemoMod:Unmoved","floor":6},{"not_picked":["DemoMod:DoubleSwitch","DemoMod:Unmoved"],"picked":"DemoMod:TeaPot","floor":8},{"not_picked":["DemoMod:TeaPot","DemoMod:SAA"],"picked":"DemoMod:PracticeMakesPerfect","floor":12},{"not_picked":["DemoMod:Polaris","DemoMod:BattleInHaste"],"picked":"DemoMod:StickyCrossBow","floor":13},{"not_picked":["DemoMod:CursedBullets","DemoMod:Polaris","DemoMod:ConditionalReflex"],"picked":"SKIP","floor":14},{"not_picked":["DemoMod:FullFirepower","DemoMod:SuppressiveFire"],"picked":"DemoMod:DoubleVision","floor":16},{"not_picked":["DemoMod:JK47","DemoMod:TableSutra"],"picked":"DemoMod:HardPowerCard","floor":17},{"not_picked":["DemoMod:ZorGun","DemoMod:GunstockTap","DemoMod:BattleInHaste+1"],"picked":"SKIP","floor":18},{"not_picked":["DemoMod:DoubleSwitch+1","DemoMod:GunstockTap","DemoMod:FastSwitch"],"picked":"SKIP","floor":19}],"player_experience":329568,"relics_obtained":[{"floor":6,"key":"DemoMod:ChaffGrenade"},{"floor":9,"key":"Gremlin Food"}],"event_choices":[{"cards_removed":["DemoMod:DoubleSwitch"],"damage_healed":5,"gold_gain":0,"player_choice":"Offered Common","damage_taken":0,"max_hp_gain":0,"max_hp_loss":0,"event_name":"Bonfire Elementals","floor":5,"gold_loss":0},{"cards_removed":["DemoMod:DoubleSwitch"],"damage_healed":5,"gold_gain":0,"player_choice":"Offered Special","damage_taken":0,"max_hp_gain":0,"max_hp_loss":0,"event_name":"Bonfire Elementals","floor":5,"gold_loss":0},{"damage_healed":0,"gold_gain":0,"player_choice":"Cursed","damage_taken":0,"max_hp_gain":0,"max_hp_loss":0,"event_name":"Wheel of Change","floor":11,"gold_loss":0,"cards_obtained":["Decay"]},{"damage_healed":0,"gold_gain":0,"player_choice":"Choice 2","damage_taken":0,"relics_obtained":["alterego_mod:SomeoneToFightFor"],"max_hp_gain":0,"max_hp_loss":0,"event_name":"Secret Garden","floor":20,"gold_loss":0}],"is_beta":false,"boss_relics":[{"not_picked":["conspire:SlowCooker","Hololive_ChaosS"],"picked":"Tiny House"}],"items_purged_floors":[],"is_endless":false,"potions_floor_spawned":[6,8,12,14,16,19],"killed_by":"Centurion and Healer","ascension_level":0}}