{"host":"sc0o2qwpf9j16a4i","time":1612441453,"event":{"mods":["AchievementEnabler","BaseMod","BetterRewards","Block Reminder","Colored Map","Colored Powertips","Custom Start","Highlight Path","Minty Spire (QoL Compilation)","Relic Stats"],"gold_per_floor":[113,125,135,61,61,89,104,117,167,196,196,211,226,237,237,341,341,355,355,355,374,24,50,65,65,65,75,8,8,33,114,114,212,212,231,231,246,299,311,311,341,36,36,66,79,97,116,130,130,130],"floor_reached":51,"language":"ENG","playtime":1605,"items_purged":["Normality"],"score":988,"play_id":"ad60d1fc-b7d3-4feb-9423-9d27d14eea0c","local_time":"20210204142413","daily_mods":["Cursed Run","Colorless Cards","Night Terrors"],"is_ascension_mode":false,"campfire_choices":[{"data":"Finisher","floor":15,"key":"SMITH"},{"data":"A Thousand Cuts","floor":25,"key":"SMITH"},{"data":"Infinite Blades","floor":32,"key":"SMITH"},{"data":"Footwork","floor":40,"key":"SMITH"},{"data":"Storm of Steel","floor":49,"key":"SMITH"}],"circlet_count":0,"master_deck":["Survivor","Neutralize","Sucker Punch","Blade Dance","Finisher+1","Terror","Backflip+1","Parasite","Slice","Thinking Ahead","Accuracy","Cloak And Dagger","Masterful Stab","Clumsy","Corpse Explosion","Dramatic Entrance","A Thousand Cuts+1","Caltrops","Jack Of All Trades","Flechettes","Footwork+1","Skewer+1","PiercingWail","Dagger Throw","Blade Dance","Escape Plan","Doubt","Infinite Blades+1","Parasite","Shame","Storm of Steel+1","Bandage Up+1","Finesse+1","Predator+1","Leg Sweep","Injury","Well Laid Plans+1","Acrobatics","Leg Sweep+1","Writhe"],"relics":["Cursed Key","Darkstone Periapt","Du-Vu Doll","Potion Belt","Mummified Hand","War Paint","Tiny Chest","Pandora\u0027s Box","Shuriken","MutagenicStrength","Eternal Feather","Pocketwatch","Strawberry","Singing Bowl","Letter Opener","Astrolabe","Incense Burner","Art of War","Anchor","Mercury Hourglass","Nunchaku"],"acts_visited":["Exordium","TheCity","TheBeyond"],"potions_floor_usage":[6,13,13,16,29,30,33,33,33,39,47,50,50,50,50],"damage_taken":[{"damage":0,"enemies":"Jaw Worm","floor":1,"turns":6},{"damage":0,"enemies":"2 Louse","floor":2,"turns":4},{"damage":0,"enemies":"Small Slimes","floor":3,"turns":3},{"damage":3,"enemies":"Lagavulin","floor":6,"turns":7},{"damage":8,"enemies":"3 Louse","floor":7,"turns":2},{"damage":2,"enemies":"Large Slime","floor":8,"turns":3},{"damage":4,"enemies":"3 Sentries","floor":10,"turns":7},{"damage":0,"enemies":"Blue Slaver","floor":12,"turns":2},{"damage":0,"enemies":"3 Louse","floor":13,"turns":2},{"damage":0,"enemies":"Lots of Slimes","floor":14,"turns":2},{"damage":7,"enemies":"Slime Boss","floor":16,"turns":7},{"damage":10,"enemies":"Chosen","floor":18,"turns":2},{"damage":10,"enemies":"3 Byrds","floor":21,"turns":2},{"damage":6,"enemies":"Gremlin Leader","floor":23,"turns":4},{"damage":0,"enemies":"Sentry and Sphere","floor":24,"turns":2},{"damage":2,"enemies":"Chosen and Byrds","floor":27,"turns":2},{"damage":0,"enemies":"Slavers","floor":30,"turns":1},{"damage":4,"enemies":"Automaton","floor":33,"turns":5},{"damage":0,"enemies":"Orb Walker","floor":35,"turns":1},{"damage":7,"enemies":"3 Shapes","floor":37,"turns":4},{"damage":23,"enemies":"2 Orb Walkers","floor":38,"turns":3},{"damage":23,"enemies":"Writhing Mass","floor":39,"turns":4},{"damage":0,"enemies":"Giant Head","floor":41,"turns":5},{"damage":41,"enemies":"Nemesis","floor":44,"turns":5},{"damage":10,"enemies":"4 Shapes","floor":45,"turns":3},{"damage":0,"enemies":"Sphere and 2 Shapes","floor":46,"turns":2},{"damage":0,"enemies":"Jaw Worm Horde","floor":47,"turns":2},{"damage":0,"enemies":"Spire Growth","floor":48,"turns":3},{"damage":73,"enemies":"Awakened One","floor":50,"turns":8}],"seed_played":"-7631557213163932644","potions_obtained":[{"floor":2,"key":"Energy Potion"},{"floor":3,"key":"Fire Potion"},{"floor":7,"key":"Poison Potion"},{"floor":12,"key":"SkillPotion"},{"floor":13,"key":"Fruit Juice"},{"floor":21,"key":"Weak Potion"},{"floor":24,"key":"Swift Potion"},{"floor":27,"key":"Ancient Potion"},{"floor":29,"key":"GhostInAJar"},{"floor":29,"key":"EssenceOfSteel"},{"floor":29,"key":"Fire Potion"},{"floor":35,"key":"Ancient Potion"},{"floor":37,"key":"GamblersBrew"},{"floor":44,"key":"Block Potion"},{"floor":47,"key":"Fire Potion"}],"is_trial":true,"path_per_floor":["M","M","M","$","?","E","M","M","T","E","?","M","M","M","R","B",null,"M","T","?","M","$","E","M","R","T","M","$","?","E","T","R","B",null,"M","?","M","?","M","R","E","$","T","E","M","M","M","M","R","B",null],"character_chosen":"THE_SILENT","items_purchased":["Finisher","Eternal Feather","Dagger Throw","Infinite Blades","Anchor","Strength Potion","CultistPotion"],"campfire_rested":0,"item_purchase_floors":[4,22,22,28,42,42,42],"current_hp_per_floor":[70,70,70,70,70,67,59,57,63,59,59,59,59,59,59,58,82,72,78,78,68,68,62,62,77,90,88,88,93,95,101,114,116,120,120,120,115,92,77,98,106,106,112,77,67,67,69,71,92,31],"gold":130,"neow_bonus":"","is_daily":false,"chose_seed":false,"campfire_upgraded":5,"win_rate":0.0,"timestamp":1612441453,"path_taken":["M","M","M","$","?","E","M","?","T","E","?","?","M","?","R","BOSS","M","?","?","M","?","E","M","R","T","M","$","?","E","?","R","BOSS","M","?","M","?","M","R","E","?","T","E","M","M","M","M","R","BOSS"],"items_purchased_type":["Card","Relic","Card","Card","Relic","Potion","Potion"],"build_version":"2020-12-22","purchased_purges":1,"victory":true,"max_hp_per_floor":[70,70,70,70,70,70,70,70,76,76,76,76,76,76,76,82,82,82,88,88,88,88,88,88,88,101,101,101,106,108,114,114,120,120,120,120,122,122,124,124,126,126,132,132,132,132,134,136,136,142],"relic_stats":{"Darkstone Periapt":48,"Singing Bowl":12,"counters":[29,103],"Astrolabe":["Bandage Up","Finesse","Secret Technique"],"Eternal Feather":70,"Letter Opener":[93],"War Paint":["Defend_G","Backflip"],"Cursed Key":5,"Mercury Hourglass":[96],"Nunchaku":[5],"Mummified Hand":[40],"Shuriken":[40],"Tiny Chest":2,"Pandora\u0027s Box":["Dramatic Entrance","Tactician","Deep Breath","A Thousand Cuts","Caltrops","Jack Of All Trades","Tactician","Flechettes","Footwork"],"Art of War":[1],"obtain_stats":[{"Darkstone Periapt":0,"Potion Belt":5,"Singing Bowl":30,"Astrolabe":34,"Eternal Feather":22,"Incense Burner":38,"Letter Opener":31,"War Paint":9,"Cursed Key":0,"Mercury Hourglass":43,"Du-Vu Doll":0,"Anchor":42,"Nunchaku":44,"Mummified Hand":6,"Shuriken":19,"MutagenicStrength":20,"Strawberry":26,"Tiny Chest":10,"Pandora\u0027s Box":17,"Art of War":41,"Pocketwatch":23},{"Darkstone Periapt":0,"Potion Belt":3,"Singing Bowl":17,"Astrolabe":18,"Eternal Feather":13,"Incense Burner":21,"Letter Opener":17,"War Paint":6,"Cursed Key":0,"Mercury Hourglass":23,"Du-Vu Doll":0,"Anchor":23,"Nunchaku":24,"Mummified Hand":4,"Shuriken":12,"MutagenicStrength":12,"Strawberry":15,"Tiny Chest":7,"Pandora\u0027s Box":11,"Art of War":23,"Pocketwatch":14},{"Darkstone Periapt":0,"Potion Belt":13,"Singing Bowl":58,"Astrolabe":63,"Eternal Feather":49,"Incense Burner":71,"Letter Opener":58,"War Paint":25,"Cursed Key":0,"Mercury Hourglass":80,"Du-Vu Doll":0,"Anchor":80,"Nunchaku":85,"Mummified Hand":20,"Shuriken":47,"MutagenicStrength":47,"Strawberry":55,"Tiny Chest":32,"Pandora\u0027s Box":45,"Art of War":80,"Pocketwatch":53}],"Pocketwatch":[15]},"card_choices":[{"not_picked":["Impatience","Underhanded Strike"],"picked":"Deadly Poison","floor":1},{"not_picked":["PiercingWail","Enlightenment"],"picked":"Sucker Punch","floor":2},{"not_picked":["Sucker Punch","Quick Slash"],"picked":"Blade Dance","floor":3},{"not_picked":["Quick Slash","Dagger Spray"],"picked":"Terror","floor":6},{"not_picked":["Sucker Punch","Outmaneuver","Acrobatics"],"picked":"SKIP","floor":7},{"not_picked":["Backflip","Deadly Poison","Bane"],"picked":"SKIP","floor":8},{"not_picked":["Deadly Poison","Bane"],"picked":"Backflip","floor":8},{"not_picked":["PiercingWail","Expertise"],"picked":"Slice","floor":10},{"not_picked":["Bane","Mind Blast"],"picked":"Accuracy","floor":12},{"not_picked":["Jack Of All Trades","Slice"],"picked":"Cloak And Dagger","floor":13},{"not_picked":["Escape Plan","Finesse"],"picked":"Masterful Stab","floor":14},{"not_picked":["Adrenaline","Tools of the Trade"],"picked":"Corpse Explosion","floor":16},{"not_picked":["Dodge and Roll","Sucker Punch"],"picked":"Skewer+1","floor":18},{"not_picked":["Calculated Gamble","Deep Breath+1"],"picked":"PiercingWail","floor":21},{"not_picked":["Madness","Bane"],"picked":"Blade Dance","floor":23},{"not_picked":["Purity","Deep Breath"],"picked":"Escape Plan","floor":24},{"not_picked":["Dagger Throw","Flechettes","Quick Slash"],"picked":"SKIP","floor":27},{"not_picked":["Riddle With Holes","Deadly Poison","Acrobatics"],"picked":"Singing Bowl","floor":30},{"not_picked":["HandOfGreed","Violence"],"picked":"Storm of Steel","floor":33},{"not_picked":["Prepared+1","Sucker Punch"],"picked":"Predator+1","floor":35},{"not_picked":["Bandage Up+1","Outmaneuver+1","Acrobatics"],"picked":"Singing Bowl","floor":37},{"not_picked":["Poisoned Stab","Well Laid Plans"],"picked":"Leg Sweep","floor":38},{"not_picked":["Riddle With Holes+1","Noxious Fumes","Dramatic Entrance+1"],"picked":"Singing Bowl","floor":39},{"not_picked":["Slice","Dagger Throw+1","Enlightenment+1"],"picked":"Singing Bowl","floor":41},{"not_picked":["Flying Knee","Crippling Poison"],"picked":"Well Laid Plans+1","floor":44},{"not_picked":["Deep Breath+1","Expertise+1"],"picked":"Acrobatics","floor":45},{"not_picked":["Mind Blast+1","Reflex+1"],"picked":"Leg Sweep+1","floor":46},{"not_picked":["Backflip","Prepared+1","Outmaneuver+1"],"picked":"Singing Bowl","floor":47},{"not_picked":["Die Die Die","Dagger Spray","Underhanded Strike+1"],"picked":"Singing Bowl","floor":48}],"player_experience":1177629,"relics_obtained":[{"floor":6,"key":"Mummified Hand"},{"floor":9,"key":"War Paint"},{"floor":10,"key":"Tiny Chest"},{"floor":19,"key":"Shuriken"},{"floor":23,"key":"Pocketwatch"},{"floor":26,"key":"Strawberry"},{"floor":30,"key":"Singing Bowl"},{"floor":31,"key":"Letter Opener"},{"floor":38,"key":"Incense Burner"},{"floor":41,"key":"Art of War"},{"floor":43,"key":"Mercury Hourglass"},{"floor":44,"key":"Nunchaku"}],"event_choices":[{"cards_removed":["Deadly Poison"],"damage_healed":0,"gold_gain":0,"player_choice":"Gave Card","damage_taken":0,"relics_obtained":["Potion Belt"],"max_hp_gain":0,"max_hp_loss":0,"event_name":"WeMeetAgain","floor":5,"gold_loss":0},{"damage_healed":0,"gold_gain":0,"cards_transformed":["Strike_G"],"player_choice":"Transformed","damage_taken":0,"max_hp_gain":0,"max_hp_loss":0,"event_name":"Transmorgrifier","floor":11,"gold_loss":0,"cards_obtained":["Thinking Ahead"]},{"damage_healed":0,"gold_gain":0,"player_choice":"Inject Mutagens","damage_taken":0,"relics_obtained":["MutagenicStrength"],"max_hp_gain":0,"max_hp_loss":0,"event_name":"Drug Dealer","floor":20,"gold_loss":0},{"damage_healed":0,"gold_gain":0,"player_choice":"Got Potions","damage_taken":0,"max_hp_gain":0,"max_hp_loss":0,"event_name":"Lab","floor":29,"gold_loss":0},{"cards_removed":["Secret Technique"],"damage_healed":0,"gold_gain":0,"player_choice":"Removed Skill","damage_taken":0,"max_hp_gain":0,"max_hp_loss":0,"event_name":"Falling","floor":36,"gold_loss":0},{"damage_healed":0,"gold_gain":0,"player_choice":"Fight","damage_taken":0,"max_hp_gain":0,"max_hp_loss":0,"event_name":"Mysterious Sphere","floor":38,"gold_loss":0}],"is_beta":false,"boss_relics":[{"not_picked":["Velvet Choker","Ectoplasm"],"picked":"Pandora\u0027s Box"},{"not_picked":["Runic Dome","Snecko Eye"],"picked":"Astrolabe"}],"items_purged_floors":[22],"is_endless":false,"potions_floor_spawned":[2,3,7,12,13,21,24,27,35,37,44,47],"ascension_level":0}}