{"host":"g2kelmgng7xf1xjg","time":1612477753,"event":{"mods":["BaseMod","Bestiary","Highlight Path","Minty Spire (QoL Compilation)","Relic Stats","StSLib"],"gold_per_floor":[111,130,144,45,45,45,45,65,65,100,100,135,135,154,154,253,253,271,285,302,320,320,353,353,48,48,48,48,48,79,96,96,194,194,211,230,242,292,217,250,267,298,298,298,69,103,103,3,3,3],"floor_reached":51,"language":"ENG","playtime":3697,"items_purged":["Strike_B","Strike_B"],"score":1256,"play_id":"139d078b-6078-41c7-a287-31e2c9ba62ba","local_time":"20210204162913","is_ascension_mode":true,"campfire_choices":[{"data":"Static Discharge","floor":6.0,"key":"SMITH"},{"data":"Go for the Eyes","floor":11.0,"key":"SMITH"},{"data":"Coolheaded","floor":15.0,"key":"SMITH"},{"data":"Biased Cognition","floor":24,"key":"SMITH"},{"data":"Biased Cognition","floor":27,"key":"SMITH"},{"data":"Electrodynamics","floor":29,"key":"SMITH"},{"data":"Capacitor","floor":32,"key":"SMITH"},{"data":"Seek","floor":44,"key":"SMITH"},{"data":"Defragment","floor":47,"key":"SMITH"},{"floor":49,"key":"REST"}],"circlet_count":0,"master_deck":["AscendersBane","Strike_B","Defend_B+1","Defend_B","Defend_B","Defend_B+1","Zap","Dualcast","Electrodynamics+1","Go for the Eyes+1","Static Discharge+1","Compile Driver","Ball Lightning","Rip and Tear","Steam","Capacitor+1","Coolheaded+1","Biased Cognition+1","Capacitor+1","Doom and Gloom","Auto Shields","Biased Cognition+1","Stack","Seek+1","Cold Snap+1","Cold Snap+1","Defragment+1","Ball Lightning+1","Coolheaded","Defragment+1","Glacier"],"relics":["Cracked Core","CaptainsWheel","Cables","Gambling Chip","Philosopher\u0027s Stone","War Paint","ClockworkSouvenir","Mango","Dream Catcher","Sozu","StoneCalendar","Ancient Tea Set","Blood Vial","Happy Flower","Regal Pillow"],"acts_visited":["Exordium","TheCity","TheBeyond"],"potions_floor_usage":[23,23,33,42,42],"damage_taken":[{"damage":9.0,"enemies":"Jaw Worm","floor":1.0,"turns":4.0},{"damage":0.0,"enemies":"2 Louse","floor":2.0,"turns":2.0},{"damage":1.0,"enemies":"Cultist","floor":3.0,"turns":3.0},{"damage":0.0,"enemies":"Lots of Slimes","floor":5.0,"turns":1.0},{"damage":1.0,"enemies":"2 Fungi Beasts","floor":8.0,"turns":2.0},{"damage":19.0,"enemies":"Lagavulin","floor":10.0,"turns":7.0},{"damage":16.0,"enemies":"Gremlin Nob","floor":12.0,"turns":4.0},{"damage":1.0,"enemies":"Exordium Thugs","floor":14.0,"turns":4.0},{"damage":8.0,"enemies":"Hexaghost","floor":16.0,"turns":7.0},{"damage":6.0,"enemies":"Shell Parasite","floor":18.0,"turns":3.0},{"damage":0.0,"enemies":"Chosen","floor":19.0,"turns":4.0},{"damage":6.0,"enemies":"Snecko","floor":20.0,"turns":5.0},{"damage":0.0,"enemies":"Sentry and Sphere","floor":21.0,"turns":2.0},{"damage":17,"enemies":"Book of Stabbing","floor":23,"turns":4},{"damage":0,"enemies":"Gremlin Leader","floor":30,"turns":4},{"damage":0,"enemies":"Cultist and Chosen","floor":31,"turns":4},{"damage":36,"enemies":"Champ","floor":33,"turns":9},{"damage":0,"enemies":"3 Shapes","floor":35,"turns":2},{"damage":0,"enemies":"3 Darklings","floor":36,"turns":1},{"damage":13,"enemies":"Writhing Mass","floor":37,"turns":3},{"damage":3,"enemies":"Mind Bloom Boss Battle","floor":38,"turns":5},{"damage":0,"enemies":"Giant Head","floor":40,"turns":7},{"damage":0,"enemies":"Spire Growth","floor":41,"turns":3},{"damage":25,"enemies":"Nemesis","floor":42,"turns":5},{"damage":2,"enemies":"Giant Head","floor":46,"turns":7},{"damage":30,"enemies":"Time Eater","floor":50,"turns":14}],"seed_played":"-3823022359500833354","potions_obtained":[{"floor":2.0,"key":"SmokeBomb"},{"floor":10.0,"key":"PotionOfCapacity"},{"floor":12.0,"key":"LiquidBronze"},{"floor":16.0,"key":"Dexterity Potion"},{"floor":20.0,"key":"EntropicBrew"},{"floor":30,"key":"SpeedPotion"},{"floor":33,"key":"SneckoOil"}],"is_trial":false,"path_per_floor":["M","M","M","$","M","R","?","M","T","E","R","E","?","M","R","B",null,"M","M","M","M","?","E","R","$","T","R","$","R","E","M","R","B",null,"M","M","M","?","$","E","M","E","T","R","$","E","R","$","R","B",null],"character_chosen":"DEFECT","items_purchased":["Ball Lightning","Rip and Tear","ClockworkSouvenir","Biased Cognition","Defragment","Happy Flower"],"campfire_rested":1,"item_purchase_floors":[4,4,25,25,45,45],"current_hp_per_floor":[59,59,58,58,58,58,51,50,50,31,31,15,15,14,14,6,58,52,52,46,46,46,29,29,29,43,43,43,43,43,43,43,7,69,69,69,56,53,53,53,53,28,28,28,28,28,28,28,69,41],"gold":3,"neow_bonus":"ONE_RANDOM_RARE_CARD","is_daily":false,"chose_seed":false,"campfire_upgraded":9,"win_rate":0.0,"timestamp":1612477753,"path_taken":["M","M","M","$","M","R","?","M","T","E","R","E","?","M","R","BOSS","M","?","M","?","?","E","R","$","T","R","?","R","E","M","R","BOSS","M","M","M","?","$","E","M","E","T","R","$","E","R","$","R","BOSS"],"items_purchased_type":["Card","Card","Relic","Card","Card","Relic"],"build_version":"2020-12-22","purchased_purges":2,"victory":true,"max_hp_per_floor":[75,75,75,75,75,75,75,75,75,75,75,75,75,75,75,75,75,75,75,75,75,75,75,75,75,89,89,89,89,89,89,89,89,89,89,89,89,89,89,89,89,89,89,89,89,89,89,89,89,89],"relic_stats":{"Sozu":6,"Blood Vial":4,"Dream Catcher":1,"Regal Pillow":15,"Happy Flower":[7],"counters":[26,116],"Gambling Chip":[37],"StoneCalendar":[77],"War Paint":["Defend_B","Defend_B"],"obtain_stats":[{"Regal Pillow":46,"Happy Flower":45,"Mango":26,"StoneCalendar":38,"War Paint":23,"Ancient Tea Set":40,"Cables":10,"ClockworkSouvenir":25,"Sozu":34,"Blood Vial":42,"CaptainsWheel":9,"Dream Catcher":30,"Gambling Chip":12,"Philosopher\u0027s Stone":17,"Cracked Core":0},{"Regal Pillow":25,"Happy Flower":24,"Mango":14,"StoneCalendar":21,"War Paint":14,"Ancient Tea Set":22,"Cables":6,"ClockworkSouvenir":14,"Sozu":17,"Blood Vial":24,"CaptainsWheel":5,"Dream Catcher":15,"Gambling Chip":7,"Philosopher\u0027s Stone":9,"Cracked Core":0},{"Regal Pillow":102,"Happy Flower":95,"Mango":52,"StoneCalendar":80,"War Paint":52,"Ancient Tea Set":87,"Cables":19,"ClockworkSouvenir":52,"Sozu":69,"Blood Vial":95,"CaptainsWheel":12,"Dream Catcher":56,"Gambling Chip":23,"Philosopher\u0027s Stone":34,"Cracked Core":0}],"Cables":[93,75,17,1,0]},"card_choices":[{"not_picked":["Turbo","Beam Cell"],"picked":"Go for the Eyes","floor":1.0},{"not_picked":["Fusion","Go for the Eyes"],"picked":"Static Discharge","floor":2.0},{"not_picked":["Glacier","Heatsinks"],"picked":"Compile Driver","floor":3.0},{"not_picked":["Hello World","Steam","Scrape"],"picked":"SKIP","floor":8.0},{"not_picked":["Hello World","Scrape"],"picked":"Steam","floor":8.0},{"not_picked":["Ball Lightning","Go for the Eyes","Conserve Battery"],"picked":"SKIP","floor":10.0},{"not_picked":["Multi-Cast","Doom and Gloom"],"picked":"Capacitor","floor":12.0},{"not_picked":["Sunder","Redo"],"picked":"Coolheaded","floor":14.0},{"not_picked":["Machine Learning","Core Surge"],"picked":"Biased Cognition","floor":16.0},{"not_picked":["Steam Power","Gash","Beam Cell"],"picked":"SKIP","floor":18.0},{"not_picked":["Hologram","Beam Cell","Steam Power"],"picked":"SKIP","floor":19.0},{"not_picked":["Aggregate","Go for the Eyes+1"],"picked":"Capacitor","floor":20.0},{"not_picked":["Genetic Algorithm","Stack"],"picked":"Doom and Gloom","floor":21.0},{"not_picked":["Turbo","Loop+1"],"picked":"Auto Shields","floor":23},{"not_picked":["Go for the Eyes","Static Discharge+1"],"picked":"Stack","floor":30},{"not_picked":["Lockon","Hello World","Aggregate"],"picked":"SKIP","floor":31},{"not_picked":["All For One","Machine Learning"],"picked":"Seek","floor":33},{"not_picked":["Reinforced Body","Stack"],"picked":"Cold Snap+1","floor":35},{"not_picked":["Scrape+1","Ball Lightning"],"picked":"Cold Snap+1","floor":36},{"not_picked":["Streamline","Double Energy","Leap"],"picked":"SKIP","floor":37},{"not_picked":["Conserve Battery","Stack"],"picked":"Defragment+1","floor":38},{"not_picked":["Redo+1","Reprogram"],"picked":"Ball Lightning+1","floor":40},{"not_picked":["Conserve Battery+1","Streamline+1","Steam"],"picked":"SKIP","floor":41},{"not_picked":["Streamline","Steam"],"picked":"Coolheaded","floor":42},{"not_picked":["Scrape+1","Hologram+1","Darkness+1"],"picked":"SKIP","floor":46},{"not_picked":["Tempest","Conserve Battery"],"picked":"Glacier","floor":49}],"player_experience":1038564,"relics_obtained":[{"floor":9.0,"key":"CaptainsWheel"},{"floor":10.0,"key":"Cables"},{"floor":12.0,"key":"Gambling Chip"},{"floor":23,"key":"War Paint"},{"floor":26,"key":"Mango"},{"floor":30,"key":"Dream Catcher"},{"floor":38,"key":"StoneCalendar"},{"floor":40,"key":"Ancient Tea Set"},{"floor":42,"key":"Blood Vial"},{"floor":46,"key":"Regal Pillow"}],"event_choices":[{"cards_removed":["Strike_B"],"damage_healed":0.0,"max_hp_gain":0.0,"max_hp_loss":0.0,"gold_gain":0.0,"event_name":"Golden Wing","player_choice":"Card Removal","floor":7.0,"gold_loss":0.0,"damage_taken":7.0},{"damage_healed":0.0,"max_hp_gain":0.0,"max_hp_loss":0.0,"gold_gain":0.0,"event_name":"Upgrade Shrine","player_choice":"Upgraded","floor":13.0,"gold_loss":0.0,"damage_taken":0.0,"cards_upgraded":["Capacitor"]},{"damage_healed":0.0,"max_hp_gain":0.0,"max_hp_loss":0.0,"gold_gain":0.0,"event_name":"Cursed Tome","player_choice":"Ignored","floor":22.0,"gold_loss":0.0,"damage_taken":0.0},{"damage_healed":0,"gold_gain":0,"player_choice":"Fight","damage_taken":0,"max_hp_gain":0,"max_hp_loss":0,"event_name":"MindBloom","floor":38,"gold_loss":0}],"is_beta":false,"boss_relics":[{"not_picked":["Tiny House","Calling Bell"],"picked":"Philosopher\u0027s Stone"},{"not_picked":["Runic Pyramid","Runic Dome"],"picked":"Sozu"}],"items_purged_floors":[39,48],"is_endless":false,"potions_floor_spawned":[2,5,10,12,16,20,21,23,30,33,35,36,37,38],"ascension_level":12}}