{"host":"mcmflfjoldkjkv7m","time":1612435788,"event":{"mods":["AchievementEnabler","BaseMod","DeckTracker","Minty Spire (QoL Compilation)","SuperFastMode"],"gold_per_floor":[118,130,149,49,60,93,93,125,125,144,144,244,244,194,194,194,194],"floor_reached":16,"language":"KOR","playtime":624,"items_purged":["Strike_G"],"score":240,"play_id":"ccf32fe0-2f5e-4e30-b938-67f9e5622b8c","local_time":"20210204194948","is_ascension_mode":true,"campfire_choices":[{"floor":7,"key":"REST"},{"floor":11,"key":"REST"},{"data":"Tactician","floor":13,"key":"SMITH"},{"data":"Noxious Fumes","floor":15,"key":"SMITH"}],"circlet_count":0,"master_deck":["AscendersBane","Strike_G","Strike_G","Strike_G","Strike_G","Defend_G","Defend_G","Defend_G","Defend_G","Survivor","Neutralize","Tools of the Trade","Noxious Fumes+1","Crippling Poison","Blade Dance","Acrobatics","Tactician+1","Grand Finale"],"relics":["Ring of the Snake","Bronze Scales","Bag of Marbles","Juzu Bracelet"],"acts_visited":["Exordium"],"potions_floor_usage":[6,8],"damage_taken":[{"damage":0,"enemies":"Cultist","floor":1,"turns":4},{"damage":3,"enemies":"2 Louse","floor":2,"turns":3},{"damage":0,"enemies":"Small Slimes","floor":3,"turns":3},{"damage":25,"enemies":"Exordium Thugs","floor":5,"turns":6},{"damage":29,"enemies":"Gremlin Nob","floor":6,"turns":5},{"damage":16,"enemies":"3 Sentries","floor":8,"turns":10},{"damage":6,"enemies":"Gremlin Gang","floor":10,"turns":5},{"damage":28,"enemies":"The Guardian","floor":16,"turns":8}],"seed_played":"-4659909182186775345","potions_obtained":[{"floor":2,"key":"EssenceOfSteel"},{"floor":3,"key":"Dexterity Potion"}],"is_trial":false,"path_per_floor":["M","M","M","$","M","E","R","E","T","M","R","?","R","?","R","B"],"character_chosen":"THE_SILENT","items_purchased":["Acrobatics"],"campfire_rested":2,"item_purchase_floors":[4],"current_hp_per_floor":[63,60,60,60,35,6,27,11,11,5,26,26,26,26,26,0,0],"gold":194,"neow_bonus":"ONE_RANDOM_RARE_CARD","is_daily":false,"chose_seed":false,"campfire_upgraded":2,"win_rate":0.0,"timestamp":1612435788,"path_taken":["M","M","M","$","M","E","R","E","T","M","R","?","R","?","R","BOSS"],"items_purchased_type":["Card"],"build_version":"2020-12-22","purchased_purges":1,"victory":false,"max_hp_per_floor":[70,70,70,70,70,70,70,70,70,70,70,70,70,70,70,70,70],"card_choices":[{"not_picked":["Underhanded Strike","Flying Knee"],"picked":"Noxious Fumes","floor":1},{"not_picked":["Footwork","Blade Dance"],"picked":"Crippling Poison","floor":2},{"not_picked":["Blade Dance","Outmaneuver","Bane"],"picked":"SKIP","floor":3},{"not_picked":["Blade Dance","Outmaneuver","Bane"],"picked":"SKIP","floor":3},{"not_picked":["Outmaneuver","Bane"],"picked":"Blade Dance","floor":3},{"not_picked":["Dagger Throw","Tools of the Trade","Bane"],"picked":"SKIP","floor":5},{"not_picked":["Prepared","Bouncing Flask"],"picked":"Tactician","floor":6},{"not_picked":["Bane","PiercingWail"],"picked":"Grand Finale","floor":8},{"not_picked":["Terror","Bouncing Flask","Catalyst"],"picked":"SKIP","floor":10}],"player_experience":357927,"relics_obtained":[{"floor":6,"key":"Bronze Scales"},{"floor":8,"key":"Bag of Marbles"},{"floor":9,"key":"Juzu Bracelet"}],"event_choices":[{"damage_healed":0,"gold_gain":100,"player_choice":"Pray","damage_taken":0,"max_hp_gain":0,"max_hp_loss":0,"event_name":"Golden Shrine","floor":12,"gold_loss":0},{"cards_removed":["Defend_G"],"damage_healed":0,"gold_gain":0,"player_choice":"Card Removal","damage_taken":0,"max_hp_gain":0,"max_hp_loss":0,"event_name":"The Cleric","floor":14,"gold_loss":50}],"is_beta":false,"boss_relics":[],"items_purged_floors":[4],"is_endless":false,"potions_floor_spawned":[2,3],"killed_by":"The Guardian","ascension_level":10}}