{"host":"lktusdb9orijgc6z","time":1612482090,"event":{"mods":["BaseMod","Bestiary","Colored Map","Colored Powertips","Minty Spire (QoL Compilation)","Permanent Neow","Quick Restart","Relic Stats","StSLib","everything is the same but u backflip on backflip","slay the spire mod where everything is the same but ironclad has a cowboy hat"],"gold_per_floor":[116,191,209,37,37,37,64,64,88,88,107,141,141,158,158,233,233,252,252,14,64,75,75,100,119,164,180,211,211,222,238,238,313,313,331,341,341,354,374,374,406,406,406,406,18,18,18,18,18,18,18],"floor_reached":50,"language":"ENG","playtime":1194,"items_purged":["Storm of Steel"],"score":1111,"play_id":"b1f2c178-e8c4-449f-8d6b-d3b0c511d8fb","local_time":"20210205004130","is_ascension_mode":true,"campfire_choices":[{"data":"1","floor":6.0,"key":"LIFT"},{"data":"2","floor":8.0,"key":"LIFT"},{"data":"3","floor":10.0,"key":"LIFT"},{"floor":13.0,"key":"REST"},{"data":"Blade Dance","floor":15.0,"key":"SMITH"},{"data":"Blade Dance","floor":23.0,"key":"SMITH"},{"data":"Blade Dance","floor":29.0,"key":"SMITH"},{"data":"Panache","floor":32.0,"key":"SMITH"},{"data":"Footwork","floor":40.0,"key":"SMITH"},{"floor":44,"key":"REST"},{"data":"A Thousand Cuts","floor":47,"key":"SMITH"},{"floor":49,"key":"RECALL"}],"circlet_count":0,"master_deck":["AscendersBane","Survivor","Neutralize","Blade Dance+1","Blade Dance+1","Infinite Blades","Riddle With Holes","Predator","Blade Dance+1","Corpse Explosion","Finisher+1","Panache+1","Blade Dance","Dagger Spray","Storm of Steel","Footwork+1","Backflip","Sucker Punch+1","Night Terror","Dash","Deflect","Die Die Die","Infinite Blades","Malaise","Malaise","Deflect","PiercingWail","Dagger Spray+1","Backstab","A Thousand Cuts+1"],"relics":["Ring of the Snake","Girya","TwistedFunnel","Mummified Hand","Lantern","Bronze Scales","Empty Cage","Smiling Mask","Pen Nib","Anchor","Pandora\u0027s Box","TungstenRod","Chemical X","Ancient Tea Set"],"acts_visited":["TheCity","TheBeyond"],"potions_floor_usage":[50],"damage_taken":[{"damage":1.0,"enemies":"2 Louse","floor":1.0,"turns":3.0},{"damage":12.0,"enemies":"Jaw Worm","floor":3.0,"turns":6.0},{"damage":19.0,"enemies":"3 Sentries","floor":7.0,"turns":8.0},{"damage":0.0,"enemies":"Small Slimes","floor":11.0,"turns":1.0},{"damage":6.0,"enemies":"Gremlin Nob","floor":12.0,"turns":3.0},{"damage":0.0,"enemies":"Red Slaver","floor":14.0,"turns":1.0},{"damage":7.0,"enemies":"Hexaghost","floor":16.0,"turns":6.0},{"damage":0.0,"enemies":"Shell Parasite","floor":18.0,"turns":1.0},{"damage":0.0,"enemies":"Chosen","floor":22.0,"turns":2.0},{"damage":0.0,"enemies":"Book of Stabbing","floor":24.0,"turns":1.0},{"damage":0.0,"enemies":"Centurion and Healer","floor":25.0,"turns":2.0},{"damage":11.0,"enemies":"Snake Plant","floor":27.0,"turns":2.0},{"damage":7.0,"enemies":"Slavers","floor":28.0,"turns":2.0},{"damage":0.0,"enemies":"Snecko","floor":30.0,"turns":1.0},{"damage":0.0,"enemies":"Centurion and Healer","floor":31.0,"turns":1.0},{"damage":23.0,"enemies":"Champ","floor":33.0,"turns":5.0},{"damage":0.0,"enemies":"Orb Walker","floor":35.0,"turns":2.0},{"damage":0.0,"enemies":"3 Shapes","floor":36.0,"turns":1.0},{"damage":14.0,"enemies":"Sphere and 2 Shapes","floor":38.0,"turns":2.0},{"damage":18.0,"enemies":"4 Shapes","floor":39.0,"turns":4.0},{"damage":9.0,"enemies":"Nemesis","floor":41.0,"turns":3.0},{"damage":28,"enemies":"Awakened One","floor":50,"turns":3}],"seed_played":"-8308835053246809069","potions_obtained":[{"floor":1.0,"key":"EssenceOfSteel"},{"floor":11.0,"key":"Block Potion"},{"floor":12.0,"key":"EntropicBrew"},{"floor":16.0,"key":"Strength Potion"},{"floor":18.0,"key":"SteroidPotion"},{"floor":28.0,"key":"EntropicBrew"},{"floor":30.0,"key":"Fruit Juice"},{"floor":33.0,"key":"SteroidPotion"},{"floor":38.0,"key":"DistilledChaos"},{"floor":41.0,"key":"ColorlessPotion"}],"is_trial":false,"path_per_floor":["M","?","M","$","?","R","E","R","T","R","M","E","R","M","R","B",null,"M","?","$","?","M","R","E","M","T","M","E","R","M","M","R","B",null,"M","M","?","M","M","R","E","?","T","R","$","$","R","?","R","B"],"character_chosen":"THE_SILENT","items_purchased":["TwistedFunnel","Panache","Blade Dance","Chemical X","Ancient Tea Set"],"campfire_rested":2,"item_purchase_floors":[4,20,20,45,45],"current_hp_per_floor":[58,47,35,35,35,35,16,16,16,16,16,10,28,28,28,21,50,50,50,50,44,44,44,44,44,44,33,26,26,26,26,26,8,51,51,51,51,37,19,19,10,10,10,28,28,28,28,28,28,0,0],"gold":18,"neow_bonus":"ONE_RARE_RELIC","is_daily":false,"chose_seed":false,"campfire_upgraded":6,"win_rate":0.0,"timestamp":1612482090,"path_taken":["M","?","M","$","?","R","E","R","T","R","M","E","R","M","R","BOSS","M","?","$","?","M","R","E","?","T","M","E","R","M","M","R","BOSS","M","M","?","M","M","R","E","?","T","R","?","$","R","?","R","BOSS"],"items_purchased_type":["Relic","Card","Card","Relic","Relic"],"build_version":"2020-12-22","purchased_purges":1,"victory":false,"max_hp_per_floor":[60,60,60,60,60,60,60,60,60,60,60,60,60,60,60,60,60,60,60,60,60,60,60,60,60,60,60,60,60,60,60,60,65,65,65,65,62,62,62,62,62,62,62,62,62,62,62,62,62,62,62],"relic_stats":{"counters":[22,60],"Mummified Hand":[27],"Bronze Scales":[87],"Pandora\u0027s Box":["Storm of Steel","Dash","Deflect","Die Die Die","Infinite Blades","Malaise","Malaise","Deflect"],"Pen Nib":[11],"Chemical X":[2],"Smiling Mask":25,"obtain_stats":[{"TwistedFunnel":4,"Girya":0,"Lantern":9,"Pen Nib":26,"Empty Cage":17,"Smiling Mask":24,"Ancient Tea Set":45,"Anchor":28,"Mummified Hand":7,"Bronze Scales":12,"Pandora\u0027s Box":34,"Chemical X":45,"TungstenRod":41,"Ring of the Snake":0},{"TwistedFunnel":2,"Girya":0,"Lantern":3,"Pen Nib":11,"Empty Cage":7,"Smiling Mask":10,"Ancient Tea Set":21,"Anchor":13,"Mummified Hand":3,"Bronze Scales":5,"Pandora\u0027s Box":16,"Chemical X":21,"TungstenRod":21,"Ring of the Snake":0},{"TwistedFunnel":9,"Girya":0,"Lantern":17,"Pen Nib":34,"Empty Cage":28,"Smiling Mask":32,"Ancient Tea Set":57,"Anchor":38,"Mummified Hand":17,"Bronze Scales":21,"Pandora\u0027s Box":45,"Chemical X":57,"TungstenRod":57,"Ring of the Snake":0}],"TungstenRod":4,"Ring of the Snake":[44]},"card_choices":[{"not_picked":["Sucker Punch","Underhanded Strike"],"picked":"Blade Dance","floor":1.0},{"not_picked":["Deadly Poison","Deflect"],"picked":"Blade Dance","floor":3.0},{"not_picked":["Setup","PiercingWail"],"picked":"Infinite Blades","floor":7.0},{"not_picked":["Prepared","Slice"],"picked":"Riddle With Holes","floor":11.0},{"not_picked":["Dagger Throw","Sucker Punch"],"picked":"Predator","floor":12.0},{"not_picked":["Deadly Poison","Underhanded Strike"],"picked":"Blade Dance","floor":14.0},{"not_picked":["Grand Finale","Malaise"],"picked":"Corpse Explosion","floor":16.0},{"not_picked":["Deflect","Distraction"],"picked":"Finisher+1","floor":18.0},{"not_picked":["Blade Dance","Dagger Throw"],"picked":"Dagger Spray","floor":22.0},{"not_picked":["Slice","Flying Knee"],"picked":"Storm of Steel","floor":24.0},{"not_picked":["Dagger Throw","PiercingWail"],"picked":"Footwork","floor":25.0},{"not_picked":["Eviscerate+1","Dodge and Roll+1"],"picked":"Backflip","floor":27.0},{"not_picked":["Flechettes","Underhanded Strike","Flying Knee"],"picked":"SKIP","floor":28.0},{"not_picked":["Expertise","Deflect"],"picked":"Sucker Punch+1","floor":30.0},{"not_picked":["Underhanded Strike","Dagger Throw","Cloak And Dagger"],"picked":"SKIP","floor":31.0},{"not_picked":["Tools of the Trade","Venomology"],"picked":"Night Terror","floor":33.0},{"not_picked":["Riddle With Holes","Endless Agony"],"picked":"PiercingWail","floor":35.0},{"not_picked":["Infinite Blades+1","Sucker Punch+1"],"picked":"Dagger Spray+1","floor":36.0},{"not_picked":["Backflip","Predator"],"picked":"Backstab","floor":38.0},{"not_picked":["Blur","Endless Agony","Riddle With Holes"],"picked":"SKIP","floor":39.0},{"not_picked":["Dagger Spray","Eviscerate"],"picked":"A Thousand Cuts","floor":41.0}],"player_experience":760521,"relics_obtained":[{"floor":7.0,"key":"Mummified Hand"},{"floor":9.0,"key":"Lantern"},{"floor":12.0,"key":"Bronze Scales"},{"floor":24.0,"key":"Smiling Mask"},{"floor":26.0,"key":"Pen Nib"},{"floor":28.0,"key":"Anchor"},{"floor":41.0,"key":"TungstenRod"}],"event_choices":[{"damage_healed":0.0,"max_hp_gain":0.0,"max_hp_loss":0.0,"gold_gain":75.0,"event_name":"World of Goop","player_choice":"Gather Gold","floor":2.0,"gold_loss":0.0,"damage_taken":11.0},{"damage_healed":0.0,"max_hp_gain":0.0,"max_hp_loss":0.0,"gold_gain":0.0,"event_name":"Liars Game","player_choice":"Ignored","floor":5.0,"gold_loss":0.0,"damage_taken":0.0},{"damage_healed":0.0,"max_hp_gain":0.0,"max_hp_loss":0.0,"gold_gain":50.0,"event_name":"FaceTrader","player_choice":"Touch","floor":21.0,"gold_loss":0.0,"damage_taken":6.0},{"damage_healed":0.0,"max_hp_gain":0.0,"max_hp_loss":3.0,"gold_gain":0.0,"event_name":"Winding Halls","player_choice":"Max HP","floor":37.0,"gold_loss":0.0,"damage_taken":0.0},{"damage_healed":0.0,"max_hp_gain":0.0,"max_hp_loss":0.0,"gold_gain":0.0,"event_name":"Mysterious Sphere","player_choice":"Ignored","floor":42.0,"gold_loss":0.0,"damage_taken":0.0},{"damage_healed":0,"gold_gain":0,"player_choice":"Memory 1","damage_taken":0,"max_hp_gain":0,"max_hp_loss":0,"event_name":"SensoryStone","floor":48,"gold_loss":0}],"is_beta":false,"boss_relics":[{"not_picked":["Ring of the Serpent","Runic Dome"],"picked":"Empty Cage"},{"not_picked":["Calling Bell","Astrolabe"],"picked":"Pandora\u0027s Box"}],"items_purged_floors":[45],"is_endless":false,"potions_floor_spawned":[1,11,12,16,18,28,30,33,38,41],"killed_by":"Awakened One","ascension_level":20}}