{"host":"c35j6tsoy7cxzn43","time":1612398809,"event":{"mods":["BaseMod","Better Third Choice","BetterRewards","Colored Map","Colored Powertips","Conspire","Highlight Path","Hubris","Infinite Spire","Minty Spire (QoL Compilation)","Quick Restart","Replay The Spire","Shop Mod","StSLib"],"gold_per_floor":[110,210,135,160,173,200,200,230,230,230,255,267,294,318,330,443,555,585,611,523,523,523,543,555,568,642,642,659,659,678,713,713,818,818,831,831,844,855,855,887,937,937,962,689,689,689,281,300,300,300],"floor_reached":51,"language":"ENG","playtime":2633,"items_purged":["Defend_G","Strike_G","Strike_G","Pain","Defend_G"],"score":765,"play_id":"ba9ed2c6-e84e-4b82-a9b5-6f1acd98fd84","local_time":"20210204013329","is_ascension_mode":false,"campfire_choices":[{"data":"Deadly Poison","floor":7,"key":"SMITH"},{"data":"Bane","floor":10,"key":"SMITH"},{"data":"Bane","floor":12,"key":"SMITH"},{"data":"Bane","floor":29,"key":"SMITH"},{"data":"Survivor","floor":32,"key":"SMITH"},{"data":"Dramatic Entrance","floor":42,"key":"SMITH"},{"data":"Neutralize","floor":46,"key":"SMITH"},{"data":"Defend_G","floor":49,"key":"SMITH"}],"circlet_count":0,"master_deck":["Strike_G+1","Strike_G","Strike_G","Defend_G+1","Defend_G+1","Defend_G+1","Survivor+1","Neutralize+1","Bane+1","Deadly Poison+1","Bane+1","Bane+1","Die Die Die+1","Replay:Bag of Tricks+1","Blur+1","Toxin Wave+1","Corpse Explosion+1","Flying Knee+1","Dramatic Entrance+1"],"relics":["Ring of the Snake","NeowsBlessing","conspire:TopHat","PreservedInsect","hubris:MedicalManual","TungstenRod","MawBank","Replay:Wanted Poster","infinitespire:ShieldingShard","Ninja Scroll","Happy Flower","Thread and Needle","Replay:Bronze Core","Tiny Chest","Vajra","Bird Faced Urn","Anchor","Guide Book","conspire:BottledYoYo","War Paint"],"acts_visited":["Exordium","TheCity","TheBeyond"],"potions_floor_usage":[16,41,50],"damage_taken":[{"damage":0,"enemies":"Small Slimes","floor":1,"turns":1},{"damage":0,"enemies":"Cultist","floor":5,"turns":1},{"damage":0,"enemies":"Gremlin Nob","floor":6,"turns":1},{"damage":27,"enemies":"3 Sentries","floor":8,"turns":10},{"damage":4,"enemies":"Lagavulin","floor":11,"turns":4},{"damage":2,"enemies":"Jaw Worm","floor":13,"turns":2},{"damage":12,"enemies":"Exordium Thugs","floor":14,"turns":4},{"damage":51,"enemies":"Fading Forest","floor":16,"turns":11},{"damage":8,"enemies":"2 Thieves","floor":18,"turns":3},{"damage":3,"enemies":"3 Byrds","floor":19,"turns":5},{"damage":4,"enemies":"Snake Plant","floor":23,"turns":3},{"damage":0,"enemies":"3 Cultists","floor":24,"turns":4},{"damage":1,"enemies":"conspire:HollyBat","floor":25,"turns":6},{"damage":6,"enemies":"Snecko","floor":28,"turns":4},{"damage":10,"enemies":"3 Cultists","floor":30,"turns":5},{"damage":9,"enemies":"Slavers","floor":31,"turns":2},{"damage":26,"enemies":"hubris:MusketHawk","floor":33,"turns":8},{"damage":0,"enemies":"3 Shapes","floor":35,"turns":2},{"damage":0,"enemies":"Orb Walker","floor":37,"turns":2},{"damage":15,"enemies":"Transient","floor":38,"turns":5},{"damage":1,"enemies":"Giant Head","floor":40,"turns":6},{"damage":0,"enemies":"Mind Bloom Boss Battle","floor":41,"turns":4},{"damage":0,"enemies":"4 Shapes","floor":48,"turns":2},{"damage":15,"enemies":"hubris:GrandSnecko","floor":50,"turns":9}],"seed_played":"4829107345302945578","potions_obtained":[{"floor":1,"key":"Strength Potion"},{"floor":5,"key":"SpeedPotion"},{"floor":11,"key":"Elixir"},{"floor":14,"key":"Dexterity Potion"},{"floor":19,"key":"Strength Potion"},{"floor":23,"key":"DuplicationPotion"},{"floor":24,"key":"PowerPotion"},{"floor":48,"key":"SmokeBomb"}],"is_trial":false,"path_per_floor":["M","?","$","T","M","E","R","E","T","R","E","R","M","M","R_BF","B",null,"M","M","$","?","AVR","M","M","M","T","?","M","R","M","E","R","B",null,"M","?","M","M","AVR","E","?","R","T","$","?","R","$","M","R","B",null],"character_chosen":"THE_SILENT","items_purchased":["Guide Book","conspire:BottledYoYo","War Paint"],"campfire_rested":0,"item_purchase_floors":[44,47,47],"current_hp_per_floor":[70,70,70,70,70,70,70,43,43,43,39,39,37,25,46,7,70,62,59,59,59,59,55,55,54,54,54,48,48,38,29,29,3,70,70,70,70,55,55,54,54,54,54,54,54,54,54,54,54,41],"gold":300,"neow_bonus":"THREE_ENEMY_KILL","is_daily":false,"chose_seed":false,"campfire_upgraded":8,"win_rate":0.0,"timestamp":1612398809,"path_taken":["M","?","$","?","M","E","R","E","T","R","E","R","M","?","R_BF","BOSS","M","M","$","?","AVR","M","?","M","T","?","M","R","M","E","R","BOSS","M","?","M","M","AVR","E","?","R","T","$","?","R","$","M","R","BOSS"],"items_purchased_type":["Relic","Relic","Relic"],"build_version":"2020-12-22","purchased_purges":5,"victory":true,"max_hp_per_floor":[70,70,70,70,70,70,70,70,70,70,70,70,70,70,70,70,70,70,70,70,70,70,70,70,70,70,70,70,70,70,70,70,70,70,70,70,70,70,70,70,70,70,70,70,70,70,70,70,70,70],"card_choices":[{"not_picked":["Acrobatics","Dagger Throw","Tactician"],"picked":"SKIP","floor":1},{"not_picked":["Dagger Throw","hubris:Counter"],"picked":"Bane","floor":5},{"not_picked":["ReplayTheSpireMod:The Works","PiercingWail"],"picked":"Deadly Poison","floor":6},{"not_picked":["Dagger Throw","Blade Dance"],"picked":"Bane","floor":8},{"not_picked":["Deflect","hubris:Sniper"],"picked":"Bane","floor":11},{"not_picked":["Quick Slash","ReplayTheSpireMod:Scrap Shanks"],"picked":"Die Die Die","floor":13},{"not_picked":["hubris:TrickCloak","Distraction","Tactician"],"picked":"SKIP","floor":14},{"not_picked":["Envenom","Adrenaline"],"picked":"Replay:Bag of Tricks","floor":16},{"not_picked":["ReplayTheSpireMod:Tripwire","PiercingWail","Sucker Punch"],"picked":"SKIP","floor":18},{"not_picked":["Setup+1","Concentrate+1"],"picked":"Blur+1","floor":19},{"not_picked":["hubris:SlightOfHand","Blade Dance","Deadly Poison"],"picked":"SKIP","floor":23},{"not_picked":["conspire:PoisonWeapons","Acrobatics","Dagger Spray"],"picked":"SKIP","floor":24},{"not_picked":["Riddle With Holes","Quick Slash","Setup"],"picked":"SKIP","floor":25},{"not_picked":["Dagger Throw","Flying Knee","Hidden Blade"],"picked":"SKIP","floor":28},{"not_picked":["Concentrate","Dagger Spray"],"picked":"Toxin Wave+1","floor":30},{"not_picked":["Dodge and Roll","PiercingWail","Underhanded Strike+1"],"picked":"SKIP","floor":31},{"not_picked":["Atom Bomb","Storm of Steel"],"picked":"Corpse Explosion","floor":33},{"not_picked":["Outmaneuver","Dagger Throw"],"picked":"Flying Knee+1","floor":35},{"not_picked":["Dark Shackles","hubris:Ssssneak"],"picked":"Dramatic Entrance","floor":36},{"not_picked":["Bane","Deflect+1","hubris:Sniper"],"picked":"SKIP","floor":37},{"not_picked":["Underhanded Strike+1","Cloak And Dagger+1","Sucker Punch"],"picked":"SKIP","floor":38},{"not_picked":["Riddle With Holes+1","ReplayTheSpireMod:The Works+1","PiercingWail"],"picked":"SKIP","floor":40},{"not_picked":["All Out Attack","Deflect+1","Dagger Spray"],"picked":"SKIP","floor":48}],"player_experience":449588,"relics_obtained":[{"floor":4,"key":"conspire:TopHat"},{"floor":6,"key":"PreservedInsect"},{"floor":8,"key":"hubris:MedicalManual"},{"floor":9,"key":"TungstenRod"},{"floor":11,"key":"MawBank"},{"floor":26,"key":"Ninja Scroll"},{"floor":31,"key":"Thread and Needle"},{"floor":40,"key":"Vajra"},{"floor":41,"key":"Bird Faced Urn"},{"floor":43,"key":"Anchor"}],"event_choices":[{"damage_healed":0,"gold_gain":100,"player_choice":"Pray","damage_taken":0,"max_hp_gain":0,"max_hp_loss":0,"event_name":"Golden Shrine","floor":2,"gold_loss":0},{"damage_healed":0,"gold_gain":0,"player_choice":"Forge","damage_taken":0,"max_hp_gain":0,"max_hp_loss":0,"event_name":"Accursed Blacksmith","floor":21,"gold_loss":0,"cards_upgraded":["Replay:Bag of Tricks"]},{"damage_healed":0,"gold_gain":0,"player_choice":"Memory 1","damage_taken":0,"max_hp_gain":0,"max_hp_loss":0,"event_name":"SensoryStone","floor":36,"gold_loss":0},{"damage_healed":0,"gold_gain":0,"player_choice":"Fight","damage_taken":0,"max_hp_gain":0,"max_hp_loss":0,"event_name":"MindBloom","floor":41,"gold_loss":0},{"damage_healed":0,"gold_gain":0,"player_choice":"Leave","damage_taken":0,"max_hp_gain":0,"max_hp_loss":0,"event_name":"conspire:Investor","floor":45,"gold_loss":0}],"is_beta":false,"boss_relics":[{"not_picked":["hubris:CrackedHourglass","hubris:GrandSneckoEye"],"picked":"Replay:Wanted Poster"},{"not_picked":["ReplayTheSpireMod:DimensionalGlitch","Replay:Grab Bag"],"picked":"Replay:Bronze Core"}],"items_purged_floors":[3,20,22,39,44],"is_endless":false,"potions_floor_spawned":[1,5,11,14,19,23,24,30,38,48],"ascension_level":0}}