{"host":"q8ewzd1tf4mqkgtb","time":1612478821,"event":{"mods":["BaseMod","Hermit","Marisa????????","Minty Spire (QoL Compilation)","Relic Stats","StSLib","The Cursed","The Servant 0.9.4"],"gold_per_floor":[109,129,129,129,147,482,482,497,497,497,77,104,124,157,157,157,157],"floor_reached":16,"language":"ENG","playtime":1782,"items_purged":["Defend_R"],"score":240,"play_id":"5a003257-ed35-4474-b289-c0256e7b2be5","local_time":"20210204164701","is_ascension_mode":true,"campfire_choices":[{"data":"Battle Trance","floor":7,"key":"SMITH"},{"floor":10,"key":"REST"},{"floor":15,"key":"REST"}],"circlet_count":0,"master_deck":["AscendersBane","Strike_R","Strike_R","Strike_R","Strike_R+1","Defend_R","Defend_R","Defend_R","Bash+1","Perfected Strike","Shrug It Off","Battle Trance+1","Thunderclap","Second Wind","True Grit","Shockwave"],"relics":["Burning Blood","Old Coin","WingedGreaves","Membership Card","Anchor","Blue Candle","Charon\u0027s Ashes","Peace Pipe"],"acts_visited":["Exordium"],"potions_floor_usage":[6,6,14,14],"damage_taken":[{"damage":3,"enemies":"2 Louse","floor":1,"turns":4},{"damage":15,"enemies":"Small Slimes","floor":2,"turns":4},{"damage":1,"enemies":"Cultist","floor":5,"turns":3},{"damage":39,"enemies":"3 Sentries","floor":6,"turns":9},{"damage":8,"enemies":"Large Slime","floor":8,"turns":6},{"damage":32,"enemies":"Lagavulin","floor":12,"turns":5},{"damage":3,"enemies":"Blue Slaver","floor":13,"turns":3},{"damage":8,"enemies":"Gremlin Nob","floor":14,"turns":3},{"damage":46,"enemies":"Slime Boss","floor":16,"turns":7}],"seed_played":"-261908368604886217","potions_obtained":[{"floor":2,"key":"Weak Potion"},{"floor":5,"key":"EntropicBrew"},{"floor":6,"key":"BlessingOfTheForge"},{"floor":13,"key":"Strength Potion"}],"is_trial":false,"path_per_floor":["M","M","?","?","M","E","R","M","T","R","$","E","M","E","R","B"],"character_chosen":"IRONCLAD","items_purchased":["Membership Card","Anchor","Blue Candle"],"campfire_rested":2,"item_purchase_floors":[11,11,11],"current_hp_per_floor":[78,69,69,44,49,16,16,14,14,38,38,12,15,13,37,0,0],"gold":157,"neow_bonus":"TEN_PERCENT_HP_BONUS","is_daily":false,"chose_seed":false,"campfire_upgraded":1,"win_rate":0.0,"timestamp":1612478821,"path_taken":["M","M","?","?","M","E","R","M","T","R","$","E","M","E","R","BOSS"],"items_purchased_type":["Relic","Relic","Relic"],"build_version":"2020-12-22","purchased_purges":1,"victory":false,"max_hp_per_floor":[82,82,82,82,82,82,82,82,82,82,82,82,82,82,82,82,82],"relic_stats":{"Peace Pipe":0,"counters":[9,44],"Blue Candle":[0],"Charon\u0027s Ashes":[24],"obtain_stats":[{"Peace Pipe":14,"Anchor":11,"Blue Candle":11,"WingedGreaves":9,"Charon\u0027s Ashes":12,"Membership Card":11,"Burning Blood":0,"Old Coin":6},{"Peace Pipe":8,"Anchor":5,"Blue Candle":5,"WingedGreaves":5,"Charon\u0027s Ashes":6,"Membership Card":5,"Burning Blood":0,"Old Coin":4},{"Peace Pipe":37,"Anchor":26,"Blue Candle":26,"WingedGreaves":26,"Charon\u0027s Ashes":31,"Membership Card":26,"Burning Blood":0,"Old Coin":20}],"Burning Blood":48},"card_choices":[{"not_picked":["Havoc","Rupture","Sentinel"],"picked":"SKIP","floor":1},{"not_picked":["Iron Wave","Warcry"],"picked":"Perfected Strike","floor":2},{"not_picked":["Havoc","Warcry","Sentinel"],"picked":"SKIP","floor":5},{"not_picked":["Clash","Inflame"],"picked":"Battle Trance","floor":6},{"not_picked":["Pommel Strike","Shrug It Off"],"picked":"Thunderclap","floor":8},{"not_picked":["Berserk","Entrench"],"picked":"Second Wind","floor":12},{"not_picked":["Heavy Blade","Clash"],"picked":"True Grit","floor":13},{"not_picked":["Warcry","Twin Strike"],"picked":"Shockwave","floor":14}],"player_experience":507313,"relics_obtained":[{"floor":6,"key":"Old Coin"},{"floor":9,"key":"WingedGreaves"},{"floor":12,"key":"Charon\u0027s Ashes"},{"floor":14,"key":"Peace Pipe"}],"event_choices":[{"damage_healed":0,"gold_gain":0,"cards_transformed":["Strike_R"],"player_choice":"Change","damage_taken":0,"max_hp_gain":0,"max_hp_loss":0,"event_name":"Living Wall","floor":3,"gold_loss":0,"cards_obtained":["Shrug It Off"]},{"damage_healed":0,"gold_gain":0,"player_choice":"Entered Light","damage_taken":25,"max_hp_gain":0,"max_hp_loss":0,"event_name":"Shining Light","floor":4,"gold_loss":0,"cards_upgraded":["Bash","Strike_R"]}],"is_beta":false,"boss_relics":[],"items_purged_floors":[11],"is_endless":false,"potions_floor_spawned":[2,5,6,13],"killed_by":"Slime Boss","ascension_level":20}}