{"host":"osk2oboccoevp2u5","time":1612410742,"event":{"mods":["AchievementEnabler","Alarm Clock","BaseMod","Colored Powertips","Disable Question Mark Monsters","Displayed Cursed Tome","Key Reminder","Minty Spire (QoL Compilation)","Potion Indicator Mod","Quick Restart","Rare Cards Sparkle","Reimu??????","Reorder Act Four","StSLib","Useless Jewels Mod"],"gold_per_floor":[109,34,209,227,8,36,0,0,0,17,49,23,23,35,35,138,138,153,1,19,119,136,136,154,167,167,167,192,42,42,53,53,153,153,168,18,18,33,33,33,33,33,33,47,76,76,76,76],"floor_reached":47,"language":"ENG","playtime":4981,"items_purged":["Strike_Lin:ReiMu","Doubt","Strike_Lin:ReiMu","Decay"],"score":683,"play_id":"b50f865d-c4c7-4e94-b142-0d5640879a3e","local_time":"20210203235222","is_ascension_mode":true,"campfire_choices":[{"data":"Crusade:ReiMu","floor":8.0,"key":"SMITH"},{"data":"FantasyMoon:ReiMu","floor":13.0,"key":"SMITH"},{"data":"Stagnation:ReiMu","floor":15.0,"key":"SMITH"},{"floor":23.0,"key":"REST"},{"floor":27.0,"key":"REST"},{"data":"ShadowOfCrow2:ReiMu","floor":32.0,"key":"SMITH"},{"floor":40.0,"key":"RECALL"},{"data":"CleanRite:ReiMu","floor":42.0,"key":"SMITH"},{"floor":46.0,"key":"REST"}],"circlet_count":0,"master_deck":["Strike_Lin:ReiMu","Strike_Lin:ReiMu","Defend_Lin:ReiMu","Defend_Lin:ReiMu","Defend_Lin:ReiMu","NB:ReiMu","Stagnation:ReiMu+1","FantasyMoon:ReiMu+1","LearningPray:ReiMu","LearningPray:ReiMu","Swift Strike","UpKicking:ReiMu","Crusade:ReiMu+1","SubcavityInstant:ReiMu","UpKicking:ReiMu","SubcavityInstant:ReiMu","AlertArray:ReiMu+1","FantasyBorder:ReiMu","WonderfulDomain:ReiMu","ShadowOfCrow2:ReiMu+1","CleanRite:ReiMu+1","Madness","Madness","UniversalSpiritual:ReiMu+1","Injury","NineCharacters:ReiMu+1"],"relics":["FlyPower:ReiMu","NeowsBlessing","Nunchaku","InkBottle","Bottled Flame","Cursed Key","Salt:ReiMu","Akabeko","RedLine:ReiMu","Oddly Smooth Stone","Bag of Preparation"],"acts_visited":["Exordium","TheCity","TheBeyond"],"potions_floor_usage":[],"damage_taken":[{"damage":0.0,"enemies":"Jaw Worm","floor":1.0,"turns":1.0},{"damage":0.0,"enemies":"Small Slimes","floor":4.0,"turns":1.0},{"damage":0.0,"enemies":"Gremlin Nob","floor":6.0,"turns":1.0},{"damage":0.0,"enemies":"Cultist","floor":10.0,"turns":6.0},{"damage":7.0,"enemies":"Lagavulin","floor":11.0,"turns":6.0},{"damage":0.0,"enemies":"Large Slime","floor":14.0,"turns":3.0},{"damage":32.0,"enemies":"Slime Boss","floor":16.0,"turns":10.0},{"damage":1.0,"enemies":"3 Byrds","floor":18.0,"turns":5.0},{"damage":1.0,"enemies":"2 Thieves","floor":20.0,"turns":5.0},{"damage":41.0,"enemies":"Shelled Parasite and Fungi","floor":22.0,"turns":6.0},{"damage":3.0,"enemies":"Centurion and Healer","floor":24.0,"turns":7.0},{"damage":1.0,"enemies":"Chosen and Byrds","floor":25.0,"turns":7.0},{"damage":5.0,"enemies":"Book of Stabbing","floor":28.0,"turns":5.0},{"damage":3.0,"enemies":"Snecko","floor":31.0,"turns":6.0},{"damage":48.0,"enemies":"Automaton","floor":33.0,"turns":14.0},{"damage":24.0,"enemies":"Orb Walker","floor":35.0,"turns":6.0},{"damage":0.0,"enemies":"3 Shapes","floor":38.0,"turns":4.0},{"damage":37.0,"enemies":"Maw","floor":44.0,"turns":8.0},{"damage":20.0,"enemies":"Reptomancer","floor":45.0,"turns":10.0},{"damage":29,"enemies":"Nemesis","floor":47,"turns":4}],"seed_played":"-3010776662984402637","potions_obtained":[{"floor":1.0,"key":"GamblersBrew"},{"floor":10.0,"key":"SkillPotion"},{"floor":14.0,"key":"GamblersBrew"},{"floor":24.0,"key":"BottledKami:ReiMu"},{"floor":25.0,"key":"Block Potion"},{"floor":28.0,"key":"DuplicationPotion"},{"floor":35.0,"key":"Explosive Potion"}],"is_trial":false,"path_per_floor":["M","$","?","M","$","E","$","R","T","M","E","?","R","M","R","B",null,"M","$","M","?","M","R","M","M","T","R","E","$","?","M","R","B",null,"M","$","?","M","?","R","?","R","T","M","E","R","E"],"character_chosen":"REIMU","items_purchased":["LearningPray:ReiMu","Swift Strike","Crusade:ReiMu","SubcavityInstant:ReiMu","Oddly Smooth Stone"],"campfire_rested":3,"item_purchase_floors":[5,5,7,19,36],"current_hp_per_floor":[59,59,59,59,59,59,59,59,59,59,52,52,52,52,52,20,54,53,53,52,52,11,30,27,26,26,45,40,40,75,72,72,24,62,38,38,29,29,66,66,66,66,66,29,9,28,0,0],"gold":76,"neow_bonus":"THREE_ENEMY_KILL","is_daily":false,"chose_seed":false,"campfire_upgraded":5,"win_rate":0.0,"timestamp":1612410742,"path_taken":["M","$","?","M","$","E","$","R","T","M","E","?","R","M","R","BOSS","M","$","M","?","M","R","M","M","T","R","E","?","?","?","R","BOSS","M","$","?","M","?","R","?","R","T","M","E","R","E"],"items_purchased_type":["Card","Card","Card","Card","Relic"],"build_version":"2020-12-22","purchased_purges":4,"victory":false,"max_hp_per_floor":[65,65,65,65,65,65,65,65,65,65,65,65,65,65,65,65,65,65,65,65,65,65,65,65,65,65,65,65,65,75,75,75,75,75,75,75,75,75,66,66,66,66,66,66,66,66,66,66],"card_choices":[{"not_picked":["RainPray2:ReiMu","Amulet:ReiMu"],"picked":"FantasyMoon:ReiMu","floor":1.0},{"not_picked":["SubAcupoint:ReiMu","SafetyPray:ReiMu"],"picked":"LearningPray:ReiMu","floor":4.0},{"not_picked":["Meditation:ReiMu","KamiSacrifice:ReiMu"],"picked":"UpKicking:ReiMu","floor":6.0},{"not_picked":["ShadowOfCrow2:ReiMu","Crusade:ReiMu","SpreadBorder2:ReiMu"],"picked":"SKIP","floor":10.0},{"not_picked":["SpiritualOutbreak2:ReiMu","Determination:ReiMu"],"picked":"SubcavityInstant:ReiMu","floor":11.0},{"not_picked":["Intuition:ReiMu","SpreadBorder2:ReiMu","AlertArray:ReiMu"],"picked":"SKIP","floor":14.0},{"not_picked":["Shading:ReiMu","Authority:ReiMu"],"picked":"YinYang:ReiMu","floor":16.0},{"not_picked":["CollectionFlower2:ReiMu","CareerPray:ReiMu"],"picked":"UpKicking:ReiMu","floor":18.0},{"not_picked":["Meditation:ReiMu+1","NineCharacters:ReiMu+1","AirStrike:ReiMu"],"picked":"SKIP","floor":20.0},{"not_picked":["SubcavityInstant:ReiMu","Dreaming2:ReiMu"],"picked":"AlertArray:ReiMu+1","floor":22.0},{"not_picked":["SpreadBorder2:ReiMu+1","AlertArray:ReiMu","Enchanting:ReiMu+1"],"picked":"SKIP","floor":24.0},{"not_picked":["PayForSelf:ReiMu","EmergencyTakeOff:ReiMu"],"picked":"FantasyBorder:ReiMu","floor":25.0},{"not_picked":["AirStrike:ReiMu","KamiRite:ReiMu"],"picked":"WonderfulDomain:ReiMu","floor":28.0},{"not_picked":["KamiSacrifice:ReiMu","Conquer:ReiMu"],"picked":"ShadowOfCrow2:ReiMu","floor":31.0},{"not_picked":["SubcavityFantasy:ReiMu","Shading:ReiMu"],"picked":"CleanRite:ReiMu","floor":33.0},{"not_picked":["ManaGlint:ReiMu+1","SpreadBorder2:ReiMu","Revelation:ReiMu"],"picked":"SKIP","floor":35.0},{"not_picked":["OrbThrow:ReiMu+1","TightArray:ReiMu"],"picked":"UniversalSpiritual:ReiMu+1","floor":38.0},{"not_picked":["LovePray:ReiMu+1","Amulet:ReiMu+1"],"picked":"NineCharacters:ReiMu+1","floor":44.0},{"not_picked":["YinYangSign:ReiMu","AirManeuver:ReiMu+1","Conquer:ReiMu"],"picked":"SKIP","floor":45.0}],"player_experience":986105,"relics_obtained":[{"floor":6.0,"key":"Nunchaku"},{"floor":9.0,"key":"InkBottle"},{"floor":11.0,"key":"Bottled Flame"},{"floor":26.0,"key":"Salt:ReiMu"},{"floor":28.0,"key":"Akabeko"},{"floor":45.0,"key":"Bag of Preparation"}],"event_choices":[{"damage_healed":0.0,"max_hp_gain":0.0,"max_hp_loss":0.0,"gold_gain":175.0,"event_name":"Liars Game","player_choice":"AGREE","floor":3.0,"gold_loss":0.0,"damage_taken":0.0,"cards_obtained":["Doubt"]},{"damage_healed":0.0,"max_hp_gain":0.0,"max_hp_loss":0.0,"gold_gain":0.0,"event_name":"World of Goop","player_choice":"Left Gold","floor":12.0,"gold_loss":26.0,"damage_taken":0.0},{"damage_healed":0.0,"max_hp_gain":0.0,"max_hp_loss":0.0,"gold_gain":100.0,"event_name":"Golden Shrine","player_choice":"Pray","floor":21.0,"gold_loss":0.0,"damage_taken":0.0},{"cards_removed":["YinYang:ReiMu"],"damage_healed":25.0,"max_hp_gain":10.0,"max_hp_loss":0.0,"gold_gain":0.0,"event_name":"Bonfire Elementals","player_choice":"Offered Rare","floor":30.0,"gold_loss":0.0,"damage_taken":0.0},{"damage_healed":0.0,"max_hp_gain":0.0,"max_hp_loss":0.0,"gold_gain":0.0,"event_name":"Winding Halls","player_choice":"Embrace Madness","floor":37.0,"gold_loss":0.0,"damage_taken":9.0,"cards_obtained":["Madness","Madness"]},{"damage_healed":66.0,"max_hp_gain":0.0,"max_hp_loss":9.0,"gold_gain":0.0,"event_name":"The Moai Head","player_choice":"Heal","floor":39.0,"gold_loss":0.0,"damage_taken":0.0},{"cards_removed":["Defend_Lin:ReiMu"],"damage_healed":0.0,"max_hp_gain":0.0,"max_hp_loss":0.0,"gold_gain":0.0,"event_name":"Falling","player_choice":"Removed Skill","floor":41.0,"gold_loss":0.0,"damage_taken":0.0}],"is_beta":false,"boss_relics":[{"not_picked":["Pandora\u0027s Box","Runic Pyramid"],"picked":"Cursed Key"},{"not_picked":["Runic Dome","Tiny House"],"picked":"RedLine:ReiMu"}],"items_purged_floors":[2,5,19,29],"is_endless":false,"potions_floor_spawned":[1,10,14,24,25,28,35],"killed_by":"Nemesis","ascension_level":7}}