{"host":"gbbz8f5svnnpwo8d","time":1612455166,"event":{"mods":["AchievementEnabler","AlwaysNeverKeys","BaseMod","Bestiary","Better Altar","Better Match","Better Note","Better Sensory Stone","Better Silent Start","Better Skull","Better Third Choice","Better Vampires","Better-Laid Plans","BetterRewards","Block Reminder","Colored Map","Colored Powertips","Curses Come First","Dark Map","Displayed Cursed Tome","GifTheSpireLib","Minty Spire (QoL Compilation)","MonsterHotkey","Permanent Neow","Potion Indicator Mod","Quick Restart","Random Character Button","Rare Cards Sparkle","Relic Stats","Shop Mod","Spicy Shops","Spire Birthday Party","StSLib","Transform Curses"],"gold_per_floor":[119,119,138,138,158,158,180,180,235,235,251,251,285,299,299,397,397,408,408,428,428,428,428,447,447,447,461,480,500,514,529,529,626,626,641,587,607,26,26,26,46,46,46,58,0,13,13,26,26,26,26],"floor_reached":50,"language":"ENG","playtime":1829,"items_purged":[],"score":498,"play_id":"486e6c2d-4a54-4eb5-a5fd-eaad33e14ff1","local_time":"20210204091246","is_ascension_mode":false,"campfire_choices":[{"data":"Redo","floor":6.0,"key":"SMITH"},{"data":"Redo","floor":8.0,"key":"SMITH"},{"data":"Hologram","floor":10.0,"key":"SMITH"},{"data":"Loop","floor":12.0,"key":"SMITH"},{"floor":15.0,"key":"REST"},{"data":"Auto Shields","floor":23.0,"key":"SMITH"},{"floor":25.0,"key":"REST"},{"floor":32,"key":"REST"},{"data":"Aggregate","floor":40,"key":"SMITH"},{"data":"Amplify","floor":42,"key":"SMITH"},{"floor":49,"key":"REST"}],"circlet_count":0,"master_deck":["Strike_B","Strike_B","Strike_B","Defend_B","Defend_B","Defend_B","Defend_B","Dualcast","Enlightenment+1","Redo+1","Redo+1","Melter","Hyperbeam","Leap","Hologram+1","Loop+1","Auto Shields+1","Echo Form","Rebound+1","Undo","Aggregate+1","BootSequence","All For One","Amplify+1","Redo+1","Creative AI","Madness","Madness","Injury","Redo+1"],"relics":["Cracked Core","Symbiotic Virus","MerchantsRug","Odd Mushroom","Art of War","Happy Flower","Cursed Key","Nloth\u0027s Gift","Sozu","Juzu Bracelet","Lee\u0027s Waffle","Oddly Smooth Stone","Mango","Regal Pillow","Red Mask"],"acts_visited":["Exordium","TheCity","TheBeyond"],"potions_floor_usage":[33,33],"damage_taken":[{"damage":0.0,"enemies":"Cultist","floor":1.0,"turns":3.0},{"damage":0.0,"enemies":"Small Slimes","floor":3.0,"turns":2.0},{"damage":1.0,"enemies":"Jaw Worm","floor":5.0,"turns":2.0},{"damage":0.0,"enemies":"The Mushroom Lair","floor":7.0,"turns":2.0},{"damage":0.0,"enemies":"Looter","floor":11.0,"turns":1.0},{"damage":2.0,"enemies":"Gremlin Nob","floor":13.0,"turns":3.0},{"damage":12.0,"enemies":"Gremlin Gang","floor":14.0,"turns":2.0},{"damage":10.0,"enemies":"The Guardian","floor":16.0,"turns":6.0},{"damage":15.0,"enemies":"2 Thieves","floor":18.0,"turns":4.0},{"damage":0.0,"enemies":"3 Byrds","floor":20.0,"turns":4.0},{"damage":22.0,"enemies":"Snake Plant","floor":24.0,"turns":4.0},{"damage":0,"enemies":"Sentry and Sphere","floor":27,"turns":3},{"damage":0,"enemies":"3 Cultists","floor":28,"turns":3},{"damage":0,"enemies":"Snake Plant","floor":29,"turns":4},{"damage":28,"enemies":"Shelled Parasite and Fungi","floor":30,"turns":5},{"damage":26,"enemies":"Centurion and Healer","floor":31,"turns":5},{"damage":24,"enemies":"Automaton","floor":33,"turns":7},{"damage":21,"enemies":"3 Shapes","floor":35,"turns":4},{"damage":13,"enemies":"3 Darklings","floor":37,"turns":4},{"damage":26,"enemies":"Maw","floor":41,"turns":6},{"damage":5,"enemies":"Writhing Mass","floor":44,"turns":5},{"damage":16,"enemies":"Sphere and 2 Shapes","floor":46,"turns":4},{"damage":6,"enemies":"4 Shapes","floor":48,"turns":3},{"damage":134,"enemies":"Awakened One","floor":50,"turns":5}],"seed_played":"-101653024330761607","potions_obtained":[{"floor":1.0,"key":"DistilledChaos"},{"floor":5.0,"key":"SpeedPotion"},{"floor":7.0,"key":"FearPotion"},{"floor":20.0,"key":"PotionOfCapacity"},{"floor":28,"key":"Block Potion"},{"floor":30,"key":"Regen Potion"},{"floor":33,"key":"FairyPotion"}],"is_trial":false,"path_per_floor":["M","?","M","?","M","R","?","R","T","R","M","R","E","M","R","B",null,"M","?","M","?","?","R","M","R","T","M","M","M","M","M","R","B",null,"M","?","M","$","?","R","M","R","T","M","?","M","?","M","R","B"],"character_chosen":"DEFECT","items_purchased":["Symbiotic Virus","Enlightenment","Redo","MerchantsRug","Lee\u0027s Waffle","Oddly Smooth Stone","Mango"],"campfire_rested":4,"item_purchase_floors":[0,0,0,0,38,38,38],"current_hp_per_floor":[40,45,45,45,44,44,44,44,44,44,44,44,42,30,54,44,80,65,65,65,65,65,65,43,67,67,67,67,67,39,13,37,28,80,59,59,46,101,88,88,62,62,62,57,57,41,41,35,80,0,0],"gold":26,"neow_bonus":"","is_daily":false,"chose_seed":false,"campfire_upgraded":7,"win_rate":0.0,"timestamp":1612455166,"path_taken":["M","?","M","?","?","R","?","R","T","R","M","R","E","M","R","BOSS","M","?","M","?","?","R","M","R","T","M","?","M","M","M","R","BOSS","M","?","M","?","?","R","M","R","T","M","?","M","?","M","R","BOSS"],"items_purchased_type":["Relic","Card","Card","Relic","Relic","Relic","Relic"],"build_version":"2020-12-22","purchased_purges":0,"victory":false,"max_hp_per_floor":[75,80,80,80,80,80,80,80,80,80,80,80,80,80,80,80,80,80,80,80,80,80,80,80,80,80,80,80,80,80,80,80,80,80,80,80,80,101,101,101,101,101,101,101,101,101,101,101,101,101,101],"relic_stats":{"Sozu":5,"Lee\u0027s Waffle":41,"Regal Pillow":15,"Happy Flower":[28],"counters":[24,91],"Art of War":[22],"Nloth\u0027s Gift":3,"Juzu Bracelet":0,"Cursed Key":1,"obtain_stats":[{"MerchantsRug":0,"Lee\u0027s Waffle":38,"Regal Pillow":43,"Happy Flower":13,"Oddly Smooth Stone":38,"Mango":38,"Juzu Bracelet":36,"Odd Mushroom":7,"Cursed Key":17,"Peace Pipe":0,"Sozu":34,"Art of War":9,"Nloth\u0027s Gift":21,"Red Mask":45,"Cracked Core":0,"Symbiotic Virus":0},{"MerchantsRug":0,"Lee\u0027s Waffle":19,"Regal Pillow":20,"Happy Flower":6,"Oddly Smooth Stone":19,"Mango":19,"Juzu Bracelet":18,"Odd Mushroom":4,"Cursed Key":8,"Peace Pipe":0,"Sozu":17,"Art of War":4,"Nloth\u0027s Gift":10,"Red Mask":21,"Cracked Core":0,"Symbiotic Virus":0},{"MerchantsRug":0,"Lee\u0027s Waffle":68,"Regal Pillow":74,"Happy Flower":13,"Oddly Smooth Stone":68,"Mango":68,"Juzu Bracelet":64,"Odd Mushroom":9,"Cursed Key":21,"Peace Pipe":0,"Sozu":60,"Art of War":9,"Nloth\u0027s Gift":29,"Red Mask":79,"Cracked Core":0,"Symbiotic Virus":0}]},"card_choices":[{"not_picked":["Melter","Storm"],"picked":"Redo","floor":1.0},{"not_picked":["Gash","Cold Snap"],"picked":"Melter","floor":3.0},{"not_picked":["Gash","Go for the Eyes"],"picked":"Leap","floor":5.0},{"not_picked":["Recycle","Leap"],"picked":"Hologram","floor":7.0},{"not_picked":["Stack","Reprogram"],"picked":"Loop","floor":11.0},{"not_picked":["Steam","Sweeping Beam","Gash"],"picked":"SKIP","floor":13.0},{"not_picked":["Defragment","Streamline"],"picked":"Auto Shields","floor":14.0},{"not_picked":["Biased Cognition","Reboot"],"picked":"Echo Form","floor":16.0},{"not_picked":["Sunder","Compile Driver+1"],"picked":"Rebound+1","floor":18.0},{"not_picked":["Barrage","Go for the Eyes","Leap"],"picked":"SKIP","floor":20.0},{"not_picked":["Streamline","Auto Shields+1"],"picked":"Undo","floor":24.0},{"not_picked":["Chaos","Hello World"],"picked":"Aggregate","floor":27},{"not_picked":["Gash+1","Machine Learning"],"picked":"BootSequence","floor":28},{"not_picked":["Go for the Eyes","Turbo","Compile Driver"],"picked":"SKIP","floor":29},{"not_picked":["Steam","Turbo"],"picked":"All For One","floor":30},{"not_picked":["Steam Power","Barrage","Chill+1"],"picked":"SKIP","floor":31},{"not_picked":["Hyperbeam","Creative AI"],"picked":"Amplify","floor":33},{"not_picked":["Capacitor+1","Gash"],"picked":"Redo+1","floor":35},{"not_picked":["Compile Driver","Gash+1"],"picked":"Creative AI","floor":37},{"not_picked":["Hyperbeam","Leap+1","Recycle"],"picked":"SKIP","floor":41},{"not_picked":["Gash+1","Storm+1","Fusion+1"],"picked":"SKIP","floor":44},{"not_picked":["Loop","Hologram+1"],"picked":"Redo+1","floor":46},{"not_picked":["Scrape","Barrage+1","Steam"],"picked":"SKIP","floor":48}],"player_experience":3705771,"relics_obtained":[{"floor":7.0,"key":"Odd Mushroom"},{"floor":9.0,"key":"Art of War"},{"floor":13.0,"key":"Happy Flower"},{"floor":43,"key":"Regal Pillow"}],"event_choices":[{"damage_healed":0.0,"max_hp_gain":5.0,"max_hp_loss":0.0,"gold_gain":0.0,"event_name":"Big Fish","player_choice":"Donut","floor":2.0,"gold_loss":0.0,"damage_taken":0.0},{"damage_healed":0.0,"max_hp_gain":0.0,"max_hp_loss":0.0,"gold_gain":0.0,"cards_transformed":["Strike_B"],"event_name":"Transmorgrifier","player_choice":"Transformed","floor":4.0,"gold_loss":0.0,"damage_taken":0.0,"cards_obtained":["Hyperbeam"]},{"damage_healed":0.0,"max_hp_gain":0.0,"max_hp_loss":0.0,"gold_gain":0.0,"event_name":"Mushrooms","player_choice":"Fought Mushrooms","floor":7.0,"gold_loss":0.0,"damage_taken":0.0},{"damage_healed":0.0,"max_hp_gain":0.0,"max_hp_loss":0.0,"gold_gain":0.0,"event_name":"Upgrade Shrine","player_choice":"Upgraded","floor":19.0,"gold_loss":0.0,"damage_taken":0.0,"cards_upgraded":["Enlightenment"]},{"damage_healed":0.0,"max_hp_gain":0.0,"max_hp_loss":0.0,"gold_gain":0.0,"event_name":"N\u0027loth","player_choice":"Traded Relic","floor":21.0,"relics_lost":["Peace Pipe"],"gold_loss":0.0,"damage_taken":0.0,"relics_obtained":["Nloth\u0027s Gift"]},{"cards_removed":["Strike_B"],"damage_healed":0.0,"max_hp_gain":0.0,"max_hp_loss":0.0,"gold_gain":0.0,"event_name":"betterNote:BetterNote","player_choice":"Give","floor":22.0,"gold_loss":0.0,"damage_taken":0.0,"cards_obtained":["Strike_R"]},{"damage_healed":0,"gold_gain":0,"player_choice":"Paid Gold","damage_taken":0,"relics_obtained":["Juzu Bracelet"],"max_hp_gain":0,"max_hp_loss":0,"event_name":"WeMeetAgain","floor":36,"gold_loss":54},{"damage_healed":0,"gold_gain":0,"player_choice":"Embrace Madness","damage_taken":13,"max_hp_gain":0,"max_hp_loss":0,"event_name":"Winding Halls","floor":39,"gold_loss":0,"cards_obtained":["Madness","Madness"]},{"damage_healed":0,"gold_gain":0,"player_choice":"Paid","damage_taken":0,"relics_obtained":["Red Mask"],"max_hp_gain":0,"max_hp_loss":0,"event_name":"Tomb of Lord Red Mask","floor":45,"gold_loss":58},{"cards_removed":["Zap"],"damage_healed":0,"gold_gain":0,"player_choice":"Removed Skill","damage_taken":0,"max_hp_gain":0,"max_hp_loss":0,"event_name":"Falling","floor":47,"gold_loss":0}],"is_beta":false,"boss_relics":[{"not_picked":["Black Star","Pandora\u0027s Box"],"picked":"Cursed Key"},{"not_picked":["SlaversCollar","Snecko Eye"],"picked":"Sozu"}],"items_purged_floors":[],"is_endless":false,"potions_floor_spawned":[1,5,7,20,28,30,33,35,37,41],"killed_by":"Awakened One","ascension_level":0}}