{"host":"0m8zx4nh2snqg8t8","time":1612413558,"event":{"mods":["BaseMod","Colored Map","Downfall","Hermit","Infinite Spire","Jorbs\u0027s Wanderer Trilogy","Minty Spire (QoL Compilation)","Replay The Spire","StSLib","The Cursed","The Jungle"],"gold_per_floor":[99,117,137,47,47,59,129,148,178,178,195,295,295,295,295],"floor_reached":13,"language":"ENG","playtime":921,"items_purged":["hexamod:Defend"],"score":85,"play_id":"703440cf-e295-43c1-89a8-cd63e71307ea","local_time":"20210203203918","is_ascension_mode":false,"campfire_choices":[{"data":"hexamod:Strike","floor":1,"key":"PURGE"},{"floor":10,"key":"REST"}],"circlet_count":0,"master_deck":["hexamod:Strike","hexamod:Strike","hexamod:Strike","hexamod:Defend","hexamod:Defend","hexamod:Sear","hexamod:Float","hexamod:BurningTouch","hexamod:ThermalTransfer","hexamod:BacktrackSmack","hexamod:EtherealExpedition","hexamod:HauntingEcho","hexamod:ExtraCrispy","hexamod:SkipABeat","hexamod:NightmareStrike","hexamod:GhostOfSpireFuture"],"relics":["hexamod:SpiritBrand","Bottled Flame","Mirror","White Beast Statue"],"acts_visited":["Exordium"],"potions_floor_usage":[11,12,13,13,13],"damage_taken":[{"damage":0,"enemies":"Cultist","floor":2,"turns":3},{"damage":5,"enemies":"2 Louse","floor":3,"turns":5},{"damage":0,"enemies":"downfall:FleeingMerchant","floor":4,"turns":4},{"damage":11,"enemies":"Jaw Worm","floor":6,"turns":3},{"damage":0,"enemies":"3 Louse","floor":8,"turns":4},{"damage":25,"enemies":"3 Sentries","floor":9,"turns":8},{"damage":3,"enemies":"Exordium Wildlife","floor":11,"turns":5},{"damage":53,"enemies":"downfall:LadyInBlue","floor":12,"turns":11},{"damage":3,"enemies":"Lagavulin","floor":13,"turns":2}],"seed_played":"2977080393797665204","potions_obtained":[{"floor":2,"key":"LiquidMemories"},{"floor":8,"key":"Swift Potion"},{"floor":9,"key":"Block Potion"},{"floor":12,"key":"hexamod:InfernoChargePotion"},{"floor":12,"key":"Energy Potion"}],"is_trial":false,"path_per_floor":["R_BF","M","M","$","?","M","T","M","E","R","M","?","E"],"character_chosen":"THE_SPIRIT","items_purchased":[],"campfire_rested":1,"item_purchase_floors":[],"current_hp_per_floor":[77,77,72,72,72,61,61,61,36,59,56,3,0,0,0],"gold":295,"neow_bonus":"TEN_PERCENT_HP_BONUS","is_daily":false,"chose_seed":false,"campfire_upgraded":0,"win_rate":0.0,"timestamp":1612413558,"path_taken":["R_BF","M","M","?","?","M","T","?","E","R","?","?","E"],"items_purchased_type":[],"build_version":"2020-12-22","purchased_purges":1,"victory":false,"max_hp_per_floor":[77,77,77,77,77,77,77,77,77,77,77,77,77,77,77],"card_choices":[{"not_picked":["hexamod:Firestarter","hexamod:GhostflameBarrier"],"picked":"hexamod:BurningTouch","floor":2},{"not_picked":["hexamod:AdvancingGuard","hexamod:SpectersWail"],"picked":"hexamod:ThermalTransfer","floor":3},{"not_picked":["hexamod:TimeOfNeed","hexamod:NightmareGuise"],"picked":"hexamod:BacktrackSmack","floor":4},{"not_picked":["hexamod:EtherealExpedition","hexamod:SpectersWail"],"picked":"hexamod:HauntingEcho","floor":6},{"not_picked":["hexamod:GhostOfSpirePast","hexamod:AdvancingGuard"],"picked":"hexamod:ExtraCrispy","floor":8},{"not_picked":["hexamod:SpectralAdrenaline","hexamod:BacktrackSmack"],"picked":"hexamod:SkipABeat","floor":9},{"not_picked":["hexamod:AdvancingGuard","hexamod:EtherealExpedition"],"picked":"hexamod:NightmareStrike","floor":11},{"not_picked":["hexamod:FastForward","hexamod:GhostShield"],"picked":"hexamod:GhostOfSpireFuture","floor":12}],"player_experience":329748,"relics_obtained":[{"floor":7,"key":"Bottled Flame"},{"floor":9,"key":"Mirror"},{"floor":12,"key":"White Beast Statue"}],"event_choices":[],"is_beta":false,"boss_relics":[],"items_purged_floors":[4],"is_endless":false,"potions_floor_spawned":[2,8,9,12],"killed_by":"Lagavulin","ascension_level":0}}