{"host":"vm8b3ptwl81uq21f","time":1612453761,"event":{"mods":["Act Like it!","Aspiration","BaseMod","BetterRewards","Colored Map","Colored Powertips","GifTheSpireLib","Googly Eyes","GungeonMod","Halation","Hallownest","Hubris","Infinite Spire","Minty Spire (QoL Compilation)","Quick Restart","Rare Cards Sparkle","Replay The Spire","Shop Mod","Spicy Shops","StSLib","Stuff the Spire","The IronCluck","[IsaacMod]????"],"gold_per_floor":[113,129,145,163,13,44,62,62,62,72,15,15,25,38,38,135,135,146,159,173,184,198,198,231,8,8,8,24,40,51,68,80,80,80,183,183,203,203,223,242,50,50,50,50,50,50,67,99,99,127,127,128],"floor_reached":53,"language":"ENG","playtime":2420,"items_purged":["Strike_G","Strike_G","Defend_G","Strike_G","Decay"],"score":1801,"play_id":"d000258b-ac5d-4647-bfe5-f45b0617c36e","local_time":"20210204104921","is_ascension_mode":true,"campfire_choices":[{"data":"Adrenaline","floor":8,"key":"SMITH"},{"data":"Acrobatics","floor":15,"key":"SMITH"},{"data":"Calculated Gamble","floor":23,"key":"SMITH"},{"data":"Prepared","floor":27,"key":"SMITH"},{"data":"Burst","floor":33,"key":"SMITH"},{"data":"Calculated Gamble","floor":42,"key":"SMITH"},{"data":"StuffTheSpire:BrainWave","floor":44,"key":"SMITH"},{"data":"Strike_G","floor":51,"key":"PURGE"}],"circlet_count":0,"master_deck":["AscendersBane","Strike_G","Defend_G","Defend_G","Defend_G","Defend_G","Survivor","Neutralize","Replay:Bag of Tricks+1","Slice","Secret Weapon","Pot Of Greed","Pot Of Greed","Replay:Bag of Tricks+1","Acrobatics+1","Prepared+1","Master of Strategy","ReplayTheSpireMod:Scrap Shanks","Blade Dance","Adrenaline+1","Prepared","Pot Of Greed","Backflip","Prepared","Tactician+1","Accuracy","Calculated Gamble+1","Acrobatics","Burst+1","Cloak And Dagger","Calculated Gamble+1","Master of Strategy","StuffTheSpire:BrainWave+1","ReplayTheSpireMod:Scrap Shanks","Pot Of Greed","Masterful Stab+1"],"relics":["Ring of the Snake","HushsDoor","MaYiHuaBei","Iron Hammer","Vampiric Spirits","DemoMod:OrangeGuonStone","SteamSale","Quantum Egg","Grinning Jar","MerchantsRug","Tiny Chest","DemoMod:PartiallyEatenCheese","Gremlin Horn","aspiration:SecretTechniqueScroll","hubris:SphereOfDissonance","DemoMod:Metronome","infinitespire:PuzzleCube","DemoMod:RatBoots","hubris:TerracottaHorce","Painkiller Herb","ClockworkSouvenir","Lantern","Bronze Scales","Snack Pack","halation:PinkSoulGem","Toy Ornithopter","Golden Egg","halation:IllGainedPizza"],"acts_visited":["Exordium","Exordium","DemoMod:Maze","TheBeyond"],"potions_floor_usage":[16,34,52,52],"damage_taken":[{"damage":0,"enemies":"Jaw Worm","floor":1,"turns":1},{"damage":0,"enemies":"Cultist","floor":2,"turns":1},{"damage":0,"enemies":"2 Louse","floor":3,"turns":1},{"damage":0,"enemies":"Exordium Wildlife","floor":4,"turns":1},{"damage":0,"enemies":"Replay:BlueRogue","floor":6,"turns":2},{"damage":0,"enemies":"Looter","floor":7,"turns":1},{"damage":0,"enemies":"3 Louse","floor":10,"turns":1},{"damage":0,"enemies":"Exordium Wildlife","floor":13,"turns":1},{"damage":0,"enemies":"Blue Slaver","floor":14,"turns":1},{"damage":0,"enemies":"Hexaghost","floor":16,"turns":3},{"damage":0,"enemies":"Hallownest:3_Youths","floor":18,"turns":2},{"damage":0,"enemies":"Hallownest:2_Mistakes","floor":19,"turns":1},{"damage":0,"enemies":"Hallownest:2_Flukemon","floor":20,"turns":1},{"damage":0,"enemies":"Hallownest:monsterMisterMushroom","floor":21,"turns":1},{"damage":0,"enemies":"Hallownest:Master_and_Novice","floor":22,"turns":1},{"damage":0,"enemies":"Hallownest:eliteSoulWarrior","floor":24,"turns":1},{"damage":0,"enemies":"DemoMod:2_Veteran_bullet_kins_and_red_shotgun_kin","floor":28,"turns":1},{"damage":0,"enemies":"DemoMod:4_Bullet_Kins","floor":29,"turns":1},{"damage":0,"enemies":"DemoMod:Red_and_blue_shotgun_kin_with_gunsinger","floor":30,"turns":1},{"damage":0,"enemies":"DemoMod:Veteran_shot_gun_kin_and_blue_shotgun_kin_with_gunsinger","floor":31,"turns":1},{"damage":0,"enemies":"DemoMod:Veteran_shot_gun_kin_and_red_shotgun_kin_with_gunsinger","floor":32,"turns":1},{"damage":6,"enemies":"DemoMod:ResourcefulRat","floor":35,"turns":7},{"damage":10,"enemies":"3 Shapes","floor":37,"turns":1},{"damage":0,"enemies":"Orb Walker","floor":39,"turns":1},{"damage":0,"enemies":"Jaw Worm Horde","floor":40,"turns":1},{"damage":0,"enemies":"Maw","floor":47,"turns":1},{"damage":0,"enemies":"Giant Head","floor":48,"turns":1},{"damage":0,"enemies":"R_Hoarder","floor":50,"turns":2},{"damage":0,"enemies":"Awakened One","floor":52,"turns":3}],"seed_played":"6385313000878992698","potions_obtained":[{"floor":4,"key":"Swift Potion"},{"floor":6,"key":"SpeedPotion"},{"floor":7,"key":"DuplicationPotion"},{"floor":19,"key":"PowerPotion"},{"floor":31,"key":"AttackPotion"},{"floor":35,"key":"SkillPotion"}],"is_trial":false,"path_per_floor":["M","M","M","M","$","E","M","R","T","M","$","?","M","M","R","B",null,"M","M","M","M","M","R","E","$","T","R","M","M","M","M","M","R","B","B",null,"?","AVR","?","?","T","T","?","T","T","?","?","E","T","E","T","B",null],"character_chosen":"THE_SILENT","items_purchased":["Iron Hammer","Vampiric Spirits","DemoMod:OrangeGuonStone","DemoMod:GnawedKey","Replay:Bag of Tricks+1","Slice","SteamSale","Quantum Egg","Secret Weapon","Grinning Jar","DollysMirror","MerchantsRug","DemoMod:MeatBun","Tiny Chest","Master of Strategy","ReplayTheSpireMod:Scrap Shanks","Blade Dance","Gremlin Horn","hubris:SphereOfDissonance","DemoMod:Metronome","infinitespire:PuzzleCube","ClockworkSouvenir","Lantern","Bronze Scales","Master of Strategy"],"campfire_rested":0,"item_purchase_floors":[0,0,0,0,0,0,0,0,0,0,0,0,0,5,5,5,5,11,25,25,25,41,41,41,41],"current_hp_per_floor":[45,57,65,70,70,70,70,70,70,70,70,70,70,70,70,70,65,65,65,65,65,65,65,65,65,65,65,65,65,65,65,65,65,65,59,64,60,60,65,65,65,65,56,56,56,56,56,56,56,56,56,56],"gold":128,"neow_bonus":"","is_daily":false,"chose_seed":false,"campfire_upgraded":7,"win_rate":0.0,"timestamp":1612453761,"path_taken":["M","M","M","M","$","E","M","R","T","M","$","?","M","M","R","BOSS","M","M","M","M","M","R","E","$","T","R","M","M","M","M","M","R","BOSS","BOSS","?","AVR","?","?","T","T","?","T","T","?","?","E","?","E","T","BOSS"],"items_purchased_type":["Relic","Relic","Relic","Relic","Card","Card","Relic","Relic","Card","Relic","Relic","Relic","Relic","Relic","Card","Card","Card","Relic","Relic","Relic","Relic","Relic","Relic","Relic","Card"],"build_version":"2020-12-22","purchased_purges":5,"victory":true,"max_hp_per_floor":[70,70,70,70,70,70,70,70,70,70,70,70,70,70,70,70,65,65,65,65,65,65,65,65,65,65,65,65,65,65,65,65,65,65,65,65,65,65,65,65,65,65,56,56,56,56,56,56,56,56,56,56],"card_choices":[{"not_picked":["Toxin Wave","Concentrate","Poisoned Stab"],"picked":"SKIP","floor":1},{"not_picked":["Outmaneuver","StuffTheSpire:BumpUp"],"picked":"Acrobatics","floor":2},{"not_picked":["Dagger Throw","Choke","PiercingWail"],"picked":"SKIP","floor":3},{"not_picked":["StuffTheSpire:Injection","ReplayTheSpireMod:Scrap Shanks"],"picked":"Prepared","floor":4},{"not_picked":["hubris:Sniper","StuffTheSpire:Python"],"picked":"Adrenaline","floor":6},{"not_picked":["ReplayTheSpireMod:Exploit Weakness","StuffTheSpire:Shiver","Sucker Punch"],"picked":"SKIP","floor":7},{"not_picked":["StuffTheSpire:ClusterCrunch","Dagger Spray"],"picked":"Prepared","floor":10},{"not_picked":["StuffTheSpire:Injection","Tools of the Trade"],"picked":"Backflip","floor":13},{"not_picked":["StuffTheSpire:ClusterCrunch","Escape Plan"],"picked":"Prepared","floor":14},{"not_picked":["Poisoned Stab","Quick Slash"],"picked":"Tactician+1","floor":18},{"not_picked":["Riddle With Holes","Outmaneuver","Dodge and Roll"],"picked":"SKIP","floor":19},{"not_picked":["Blade Dance","Hidden Blade"],"picked":"Accuracy","floor":20},{"not_picked":["ReplayTheSpireMod:From All Sides","Replay:Poison Smokescreen","Backflip"],"picked":"SKIP","floor":21},{"not_picked":["Poisoned Stab","StuffTheSpire:ReptileScales"],"picked":"Calculated Gamble","floor":22},{"not_picked":["Dagger Throw","Crippling Poison"],"picked":"Acrobatics","floor":24},{"not_picked":["Heel Hook","Setup","StuffTheSpire:Repulse+1"],"picked":"SKIP","floor":28},{"not_picked":["Well Laid Plans","Terror","Finisher"],"picked":"SKIP","floor":29},{"not_picked":["StuffTheSpire:BumpUp+1","Dagger Spray","hubris:TrickCloak"],"picked":"SKIP","floor":30},{"not_picked":["Quick Slash","Backflip"],"picked":"Burst","floor":31},{"not_picked":["StuffTheSpire:BumpUp","Infinite Blades"],"picked":"Cloak And Dagger","floor":32},{"not_picked":["Prepared","Sucker Punch"],"picked":"Calculated Gamble","floor":37},{"not_picked":["Slice+1","Choke","Flying Knee"],"picked":"SKIP","floor":39},{"not_picked":["Dagger Throw","Distraction+1","Dagger Spray+1"],"picked":"SKIP","floor":40},{"not_picked":["Eviscerate","Cloak And Dagger+1","Noxious Fumes"],"picked":"SKIP","floor":47},{"not_picked":["Deflect+1","Setup"],"picked":"ReplayTheSpireMod:Scrap Shanks","floor":48},{"not_picked":["Footwork","Quick Slash+1"],"picked":"Masterful Stab+1","floor":50}],"player_experience":390534,"relics_obtained":[{"floor":6,"key":"DemoMod:PartiallyEatenCheese"},{"floor":9,"key":"Pantograph"},{"floor":24,"key":"aspiration:TomeofQuesting"},{"floor":36,"key":"DemoMod:RatBoots"},{"floor":36,"key":"DemoMod:ResourcefulSack"},{"floor":36,"key":"StuffTheSpire:SapphireSignet"},{"floor":36,"key":"hubris:TerracottaHorce"},{"floor":36,"key":"Painkiller Herb"},{"floor":45,"key":"Snack Pack"},{"floor":48,"key":"Toy Ornithopter"},{"floor":49,"key":"Golden Egg"},{"floor":50,"key":"halation:IllGainedPizza"}],"event_choices":[{"damage_healed":0,"gold_gain":0,"player_choice":"Cursed","damage_taken":0,"max_hp_gain":0,"max_hp_loss":0,"event_name":"Wheel of Change","floor":12,"gold_loss":0,"cards_obtained":["Decay"]}],"is_beta":false,"boss_relics":[{"not_picked":["hubris:ScarierMask","Ring of the Serpent"],"picked":"aspiration:SecretTechniqueScroll"},{"not_picked":[]},{"not_picked":[]}],"items_purged_floors":[0,0,17,38,41],"is_endless":false,"potions_floor_spawned":[4,6,7,13,14,19,20,22,31,35,37,47,50],"ascension_level":12}}