{"host":"1hw3ks68c0zl1mxv","time":1612448306,"event":{"mods":["2.2 Compatiblity","Act Like it!","Aspiration","BaseMod","BetterRewards","Colored Map","Colored Powertips","Conspire","Downfall","Energized Spire","GungeonMod","Halation","Hallownest","Hubris","Infinite Spire","Marisa????????","Mimic Mod","Minty Spire (QoL Compilation)","Quick Restart","Replay The Spire","Shop Mod","StSLib","The Bug Knight","The Construct","The Elementalist","The Necromancer","The Saiyan","The Servant 0.9.4","TheHero"],"gold_per_floor":[99,111,111,48,66,66,104,121,121,141,154,154,154,184,203,304,304,304,316,333,333,333,348,348,348,188,188,188,206,206,206,224,322,322,322,333,346,446,70,70,94,107,15,15,26,26,42,57,76,76],"floor_reached":51,"language":"ENG","playtime":5112,"items_purged":[],"score":776,"play_id":"e85a0725-8b3c-4822-a7e4-a5d0588ae131","local_time":"20210204071826","is_ascension_mode":false,"campfire_choices":[{"data":"champ:Taunt","floor":1.0,"key":"SMITH"},{"data":"champ:TornadoPunch","floor":6.0,"key":"SMITH"},{"data":"champ:ShieldWall","floor":9.0,"key":"SMITH"},{"data":"champ:GutPunch","floor":13.0,"key":"SMITH"},{"data":"champ:Circumvent","floor":18.0,"key":"SMITH"},{"floor":25.0,"key":"REST"},{"data":"champ:Improvising","floor":28.0,"key":"SMITH"},{"data":"champ:HeavySlash","floor":35.0,"key":"SMITH"},{"data":"champ:PerfectedStrike","floor":40.0,"key":"SMITH"},{"data":"champ:StanceDance","floor":46.0,"key":"SMITH"}],"circlet_count":0,"master_deck":["champ:Strike+1","champ:Strike+1","champ:Strike+1","champ:Strike+1","champ:Defend+1","champ:Defend+1","champ:Defend+1","champ:Defend+1","champ:Execute","champ:Taunt+1","champ:Encircle","champ:Taunt+1","champ:StanceDance","champ:PerfectedStrike","champ:TornadoPunch+1","champ:ShieldWall+1","champ:GutPunch+1","champ:ShieldSlam","champ:Circumvent+1","champ:Circumvent+1","champ:PerfectedStrike+1","champ:SteelEdge","champ:StanceDance+1","champ:Improvising+1","champ:Circumvent+1","champ:HeavySlash+1","champ:EnGarde+1","champ:Circumvent+1","champ:TornadoPunch","champ:StanceDance+1","champ:ShieldWall","champ:DefensiveShout","champ:DefensiveShout+1"],"relics":["champ:ChampionCrown","DemoMod:LamentConfigurum","Potion Belt","hubris:ScarierMask","DemoMod:GlassGuonStoneRelic","Enchiridion","aspiration:RitualStick","hubris:CrystalStatue","Lee\u0027s Waffle","Replay:Bronze Core","White Beast Statue","DemoMod:GundromedaStrain","halation:PrussianBluePaint","DemoMod:Orange"],"acts_visited":["Exordium","TheCity","TheBeyond"],"potions_floor_usage":[50,50,50,50,50],"damage_taken":[{"damage":10.0,"enemies":"Small Slimes","floor":2.0,"turns":3.0},{"damage":10.0,"enemies":"downfall:FleeingMerchant","floor":4.0,"turns":4.0},{"damage":17.0,"enemies":"infinitespire:Voidling","floor":5.0,"turns":4.0},{"damage":0.0,"enemies":"2 Louse","floor":7.0,"turns":8.0},{"damage":0.0,"enemies":"2 Louse","floor":8.0,"turns":2.0},{"damage":26.0,"enemies":"Exordium Thugs","floor":10.0,"turns":4.0},{"damage":5.0,"enemies":"2 Fungi Beasts","floor":11.0,"turns":3.0},{"damage":13.0,"enemies":"3 Sentries","floor":14.0,"turns":5.0},{"damage":5.0,"enemies":"Blue Slaver","floor":15.0,"turns":3.0},{"damage":0.0,"enemies":"SI_SHIV_ARCHETYPE","floor":16.0,"turns":6.0},{"damage":20.0,"enemies":"Spheric Guardian","floor":19.0,"turns":4.0},{"damage":12.0,"enemies":"Cultist and Chosen","floor":20.0,"turns":4.0},{"damage":15.0,"enemies":"Shelled Parasite and Fungi","floor":23.0,"turns":4.0},{"damage":0.0,"enemies":"downfall:FleeingMerchant","floor":26.0,"turns":4.0},{"damage":0.0,"enemies":"Sentry and Sphere","floor":29.0,"turns":2.0},{"damage":0.0,"enemies":"conspire:HollyBat","floor":32.0,"turns":5.0},{"damage":16.0,"enemies":"IC_MUSHROOM_ARCHETYPE","floor":33.0,"turns":7.0},{"damage":0.0,"enemies":"3 Shapes","floor":36.0,"turns":2.0},{"damage":0.0,"enemies":"Orb Walker","floor":37.0,"turns":3.0},{"damage":0.0,"enemies":"downfall:LadyInBlue","floor":38.0,"turns":8.0},{"damage":15.0,"enemies":"downfall:FleeingMerchant","floor":39.0,"turns":5.0},{"damage":0.0,"enemies":"4 Shapes","floor":42.0,"turns":4.0},{"damage":0.0,"enemies":"downfall:FleeingMerchant","floor":43.0,"turns":1.0},{"damage":0.0,"enemies":"Writhing Mass","floor":45.0,"turns":4.0},{"damage":10.0,"enemies":"3 Darklings","floor":47.0,"turns":3.0},{"damage":6.0,"enemies":"4 Shapes","floor":48.0,"turns":2.0},{"damage":5.0,"enemies":"Writhing Mass","floor":49.0,"turns":3.0},{"damage":0,"enemies":"WA_ARCHETYPE_DIVINITY","floor":50,"turns":9}],"seed_played":"-2003696315044801708","potions_obtained":[{"floor":8.0,"key":"sneckomod:MuddlingPotion"},{"floor":10.0,"key":"ColorlessPotion"},{"floor":11.0,"key":"Elixir"},{"floor":15.0,"key":"EssenceOfSteel"},{"floor":16.0,"key":"PowerPotion"},{"floor":19.0,"key":"Adrenaline Potion"},{"floor":20.0,"key":"Energy Potion"},{"floor":29.0,"key":"DuplicationPotion"},{"floor":31.0,"key":"CultistPotion"},{"floor":33.0,"key":"SkillPotion"},{"floor":38.0,"key":"LiquidMemories"},{"floor":38.0,"key":"CultistPotion"},{"floor":39.0,"key":"hexamod:SoulburnPotion"},{"floor":42.0,"key":"Energy Potion"},{"floor":43.0,"key":"Elixir"},{"floor":47.0,"key":"LiquidMemories"},{"floor":49.0,"key":"Languid Potion"}],"is_trial":false,"path_per_floor":["R","M","?","$","M","R","MIM","M","R","M","M","?","R","E","M","B",null,"R","M","M","?","?","M","T","R","$","?","R","M","?","?","M","B",null,"R","M","M","?","$","R","T","M","?","?","M","R","M","M","M","B",null],"character_chosen":"THE_CHAMP","items_purchased":["champ:PerfectedStrike","Lee\u0027s Waffle","DemoMod:GundromedaStrain","Guardian:BlockOnCardUsePotion","DemoMod:Orange","champ:ShieldWall","SteroidPotion"],"campfire_rested":1,"item_purchase_floors":[4,26,39,39,43,43,43],"current_hp_per_floor":[99,99,99,99,99,99,99,99,99,88,88,88,88,75,75,75,99,99,79,67,51,31,31,31,60,106,106,106,106,106,106,106,100,106,106,106,106,106,106,106,106,106,118,118,118,118,118,112,112,112],"gold":76,"neow_bonus":"TEN_PERCENT_HP_BONUS","is_daily":false,"chose_seed":false,"campfire_upgraded":9,"win_rate":0.0,"timestamp":1612448306,"path_taken":["R","M","?","$","?","R","MIM","M","R","M","M","?","R","E","M","BOSS","R","M","M","?","?","M","T","R","?","?","R","?","?","?","M","BOSS","R","M","M","?","$","R","T","?","?","?","M","R","M","M","M","BOSS"],"items_purchased_type":["Card","Relic","Relic","Potion","Relic","Card","Potion"],"build_version":"2020-12-22","purchased_purges":0,"victory":true,"max_hp_per_floor":[99,99,99,99,99,99,99,99,99,99,99,99,99,99,99,99,99,99,99,99,99,99,99,99,99,106,106,106,106,106,106,106,106,106,106,106,106,106,106,106,106,106,118,118,118,118,118,118,118,118],"card_choices":[{"not_picked":["champ:GutPunch","champ:Lariat"],"picked":"champ:Encircle","floor":2.0},{"not_picked":["champ:FocusedDefense","champ:FlashCut"],"picked":"champ:StanceDance","floor":4.0},{"not_picked":["champ:Duel","champ:FocusedBerserking"],"picked":"champ:TornadoPunch","floor":5.0},{"not_picked":["champ:Backstep","champ:GutPunch"],"picked":"champ:ShieldWall","floor":7.0},{"not_picked":["champ:BladeFlurry","champ:CrownThrow"],"picked":"champ:GutPunch","floor":8.0},{"not_picked":["champ:BerserkersShout","champ:DeathBlow"],"picked":"champ:ShieldSlam","floor":10.0},{"not_picked":["champ:ArenaPreparation","champ:SwordThrow"],"picked":"champ:Circumvent","floor":11.0},{"not_picked":["champ:SwordThrow","champ:FocusedDefense"],"picked":"champ:Circumvent","floor":14.0},{"not_picked":["champ:Lariat","champ:TornadoPunch"],"picked":"champ:PerfectedStrike","floor":15.0},{"not_picked":["champ:DancingMaster","champ:SwordThrow"],"picked":"champ:SteelEdge","floor":16.0},{"not_picked":["champ:Duel","champ:ArenaPreparation"],"picked":"champ:StanceDance+1","floor":19.0},{"not_picked":["champ:DefensiveShout","champ:GutPunch","champ:Endure"],"picked":"SKIP","floor":20.0},{"not_picked":["champ:ShieldSlam","champ:FanOfKnives","champ:EnragedBash"],"picked":"SKIP","floor":23.0},{"not_picked":["champ:HeartStrike","champ:BladeFlurry"],"picked":"champ:Improvising","floor":26.0},{"not_picked":["champ:PreciseThrust","champ:StanceDance","champ:DeathBlow"],"picked":"SKIP","floor":29.0},{"not_picked":["champ:DefensiveShout+1","champ:EnragedBash"],"picked":"champ:Circumvent+1","floor":32.0},{"not_picked":["champ:IgnorePain","champ:LastStand"],"picked":"champ:HeavySlash","floor":33.0},{"not_picked":["champ:FalseCounter+1","champ:StanceDance","champ:EnragedBash"],"picked":"SKIP","floor":36.0},{"not_picked":["champ:PreemptiveStrike+1","champ:BerserkersShout+1"],"picked":"champ:EnGarde+1","floor":37.0},{"not_picked":["champ:Encircle","champ:DefensiveShout+1"],"picked":"champ:Circumvent+1","floor":38.0},{"not_picked":["champ:PreciseThrust+1","champ:BladeFlurry+1","champ:UltimateStance"],"picked":"SKIP","floor":39.0},{"not_picked":["champ:FocusedDefense","champ:FocusedBerserking"],"picked":"champ:TornadoPunch","floor":42.0},{"not_picked":["champ:FanOfKnives","champ:EndlessRage"],"picked":"champ:StanceDance","floor":43.0},{"not_picked":["champ:BladeFlurry","champ:GladiatorStyle"],"picked":"champ:DefensiveShout","floor":45.0},{"not_picked":["champ:FocusedBerserking+1","champ:TornadoPunch","champ:Backstep"],"picked":"SKIP","floor":47.0},{"not_picked":["champ:FalseCounter","champ:PreciseThrust+1","champ:CrookedStrike"],"picked":"SKIP","floor":48.0},{"not_picked":["champ:RisingSlash","champ:FocusedBerserking+1"],"picked":"champ:DefensiveShout+1","floor":49.0}],"player_experience":1467405,"relics_obtained":[{"floor":7.0,"key":"DemoMod:LamentConfigurum"},{"floor":14.0,"key":"Potion Belt"},{"floor":21.0,"key":"Enchiridion"},{"floor":24.0,"key":"hubris:CrystalStatue"},{"floor":38.0,"key":"White Beast Statue"},{"floor":41.0,"key":"halation:PrussianBluePaint"}],"event_choices":[{"damage_healed":0.0,"max_hp_gain":0.0,"max_hp_loss":0.0,"gold_gain":0.0,"event_name":"conspire:Investor","player_choice":"Leave","floor":27.0,"gold_loss":0.0,"damage_taken":0.0}],"is_beta":false,"boss_relics":[{"not_picked":["energizedSpire:CursedPentagram","energizedSpire:SpiderWeb"],"picked":"hubris:ScarierMask"},{"not_picked":["Kintsugi","energizedSpire:NeverEndingSparkler"],"picked":"Replay:Bronze Core"}],"items_purged_floors":[],"is_endless":false,"potions_floor_spawned":[8,10,11,15,16,19,20,29,32,33,37,39,42,43,45,47,48,49],"ascension_level":0}}