{"host":"n4fty02wqqi95laq","time":1612443928,"event":{"mods":["BaseMod","Highlight Path","Minty Spire (QoL Compilation)","Quick Restart","Rare Cards Sparkle","StSLib"],"gold_per_floor":[114,126,48,48,48,78,78,104,131,131,144,144,154,154,154],"floor_reached":14,"language":"ZHS","playtime":264,"items_purged":[],"score":246,"play_id":"cd3767d9-3342-40ee-b45d-9ddcf3415b4c","local_time":"20210204210528","is_ascension_mode":true,"campfire_choices":[{"data":"Noxious Fumes","floor":7.0,"key":"SMITH"},{"floor":10.0,"key":"REST"},{"data":"Catalyst","floor":12.0,"key":"SMITH"}],"circlet_count":0,"master_deck":["AscendersBane","Strike_G","Strike_G","Strike_G+1","Strike_G","Strike_G","Defend_G","Defend_G","Defend_G","Defend_G","Defend_G","Survivor+1","Neutralize","Calculated Gamble","Footwork","Noxious Fumes+1","Catalyst+1","Burst","Expertise"],"relics":["Ring of the Snake","NeowsBlessing","Boot","Lantern"],"acts_visited":["Exordium"],"potions_floor_usage":[],"damage_taken":[{"damage":0.0,"enemies":"Cultist","floor":1.0,"turns":1.0},{"damage":0.0,"enemies":"Small Slimes","floor":2.0,"turns":1.0},{"damage":0.0,"enemies":"Gremlin Nob","floor":6.0,"turns":1.0},{"damage":32.0,"enemies":"3 Sentries","floor":8.0,"turns":8.0},{"damage":0.0,"enemies":"2 Louse","floor":11.0,"turns":4.0},{"damage":18.0,"enemies":"Exordium Thugs","floor":13.0,"turns":5.0},{"damage":8,"enemies":"Gremlin Nob","floor":14,"turns":3}],"seed_played":"732466654309987046","potions_obtained":[{"floor":1.0,"key":"CultistPotion"},{"floor":8.0,"key":"GamblersBrew"}],"is_trial":false,"path_per_floor":["M","M","$","?","?","E","R","E","T","R","M","R","M","E"],"character_chosen":"THE_SILENT","items_purchased":["Noxious Fumes"],"campfire_rested":1,"item_purchase_floors":[3],"current_hp_per_floor":[59,59,59,64,43,43,43,11,11,32,32,32,14,6,6],"gold":154,"neow_bonus":"THREE_ENEMY_KILL","is_daily":false,"chose_seed":false,"campfire_upgraded":2,"win_rate":0.0,"timestamp":1612443928,"path_taken":["M","M","?","?","?","E","R","E","T","R","M","R","?","E"],"items_purchased_type":["Card"],"build_version":"2020-12-22","purchased_purges":0,"victory":false,"max_hp_per_floor":[66,66,66,71,71,71,71,71,71,71,71,71,71,71,71],"card_choices":[{"not_picked":["Catalyst","Backflip"],"picked":"Calculated Gamble","floor":1.0},{"not_picked":["Deadly Poison","Outmaneuver"],"picked":"Footwork","floor":2.0},{"not_picked":["Deflect","Distraction"],"picked":"Catalyst","floor":6.0},{"not_picked":["Eviscerate","Setup"],"picked":"Burst","floor":8.0},{"not_picked":["Quick Slash","Underhanded Strike","Poisoned Stab"],"picked":"SKIP","floor":11.0},{"not_picked":["Prepared","Deflect"],"picked":"Expertise","floor":13.0}],"player_experience":701646,"relics_obtained":[{"floor":6.0,"key":"Boot"},{"floor":8.0,"key":"Lantern"}],"event_choices":[{"damage_healed":0.0,"max_hp_gain":5.0,"max_hp_loss":0.0,"gold_gain":0.0,"event_name":"Big Fish","player_choice":"Donut","floor":4.0,"gold_loss":0.0,"damage_taken":0.0},{"damage_healed":0.0,"max_hp_gain":0.0,"max_hp_loss":0.0,"gold_gain":0.0,"event_name":"Shining Light","player_choice":"Entered Light","floor":5.0,"gold_loss":0.0,"damage_taken":21.0,"cards_upgraded":["Strike_G","Survivor"]}],"is_beta":false,"boss_relics":[],"items_purged_floors":[],"is_endless":false,"potions_floor_spawned":[1,8],"killed_by":"Gremlin Nob","ascension_level":20}}