{"host":"c6xy0a74zz7y4nf6","time":1612419335,"event":{"mods":["BaseMod","Colored Map","Hermit","Minty Spire (QoL Compilation)","Replay The Spire","Spire Arcade","StSLib","The Cursed","The Disciple","The Servant 0.9.4"],"gold_per_floor":[115,131,131,154,79,79,114,114,114,114,130,150,170,184,184,307,307,328,328,328,342,17,48,48,0,26,26,26,75,42,42,60,76,76,76,76],"floor_reached":35,"language":"ENG","playtime":1887,"items_purged":["TheCursedMod:Strike_TheCursed","TheCursedMod:Strike_TheCursed"],"score":275,"play_id":"4e9572c2-04ec-4746-b635-3d00bbf661db","local_time":"20210204001535","is_ascension_mode":false,"campfire_choices":[{"data":"TheCursedMod:AbyssShockwave","floor":6,"key":"SMITH"},{"floor":8,"key":"REST"},{"data":"Pot Of Greed","floor":15,"key":"SMITH"},{"floor":24,"key":"REST"},{"floor":34,"key":"REST"}],"circlet_count":0,"master_deck":["TheCursedMod:Strike_TheCursed","TheCursedMod:Strike_TheCursed","TheCursedMod:Defend_TheCursed","TheCursedMod:Defend_TheCursed","TheCursedMod:Defend_TheCursed","TheCursedMod:Defend_TheCursed","TheCursedMod:CursedWand","TheCursedMod:CleanUpWorkshop","TheCursedMod:Dregs","TheCursedMod:AbyssShockwave+1","TheCursedMod:FleshFromBone","Injury","Pot Of Greed","Pot Of Greed+1","TheCursedMod:Stretching","TheCursedMod:Stretching","TheCursedMod:Torture","TheCursedMod:CircleOfBlood","TheCursedMod:OutForBlood","TheCursedMod:CircleOfCorruption","TheCursedMod:Torture+1","TheCursedMod:LuckyCharm","TheCursedMod:SpitefulStrike","TheCursedMod:CursedStaff+1","Parasite","Pot Of Greed","TheCursedMod:Evocation+1","TheCursedMod:CursedBoomerang+1"],"relics":["TheCursedMod:BlackMagic101","Golden Idol","Vajra","Grinning Jar","Matryoshka","Blood Vial","Replay:Bottled Steam","ChewingGum","Nilry\u0027s Codex","ClockworkSouvenir","Molten Egg 2","Art of War","Bag of Marbles","Juzu Bracelet","Ring of Fury","Ring of Panic"],"acts_visited":["Exordium","TheCity"],"potions_floor_usage":[7,16,16,32,32,35],"damage_taken":[{"damage":5,"enemies":"Small Slimes","floor":1,"turns":6},{"damage":6,"enemies":"Jaw Worm","floor":2,"turns":3},{"damage":47,"enemies":"3 Sentries","floor":7,"turns":9},{"damage":0,"enemies":"Cultist","floor":11,"turns":2},{"damage":0,"enemies":"Gremlin Gang","floor":12,"turns":1},{"damage":0,"enemies":"2 Fungi Beasts","floor":13,"turns":2},{"damage":7,"enemies":"Exordium Wildlife","floor":14,"turns":4},{"damage":20,"enemies":"Hexaghost","floor":16,"turns":9},{"damage":17,"enemies":"Shell Parasite","floor":18,"turns":4},{"damage":39,"enemies":"Spheric Guardian","floor":21,"turns":6},{"damage":36,"enemies":"Replay:Snechameleon","floor":23,"turns":4},{"damage":10,"enemies":"Snake Plant","floor":32,"turns":2},{"damage":9,"enemies":"Snecko","floor":33,"turns":4},{"damage":52,"enemies":"Pondfish","floor":35,"turns":12}],"seed_played":"-2049982344522669458","potions_obtained":[{"floor":1,"key":"Dexterity Potion"},{"floor":2,"key":"SkillPotion"},{"floor":12,"key":"SteroidPotion"},{"floor":13,"key":"AttackPotion"},{"floor":23,"key":"Weak Potion"},{"floor":32,"key":"PowerPotion"}],"is_trial":false,"path_per_floor":["M","M","?","T","$","R","E","R","T","T","M","M","M","M","R","B",null,"M","?","?","M","$","E","R","$","T","PTL","PTL","T","$","?","M","M","R","B"],"character_chosen":"THE_CURSED","items_purchased":["TheCursedMod:LuckyCharm","ClockworkSouvenir","PowerPotion","TheCursedMod:CursedStaff+1"],"campfire_rested":3,"item_purchase_floors":[22,22,25,30],"current_hp_per_floor":[77,71,71,71,71,71,24,48,48,48,50,52,54,49,49,33,82,65,49,76,43,43,13,37,37,37,37,37,37,37,37,29,24,48,0,0],"gold":76,"neow_bonus":"TEN_PERCENT_HP_BONUS","is_daily":false,"chose_seed":false,"campfire_upgraded":2,"win_rate":0.0,"timestamp":1612419335,"path_taken":["M","M","?","?","$","R","E","R","T","?","M","?","?","M","R","BOSS","M","?","?","M","$","E","R","?","T","PTL","PTL","?","$","?","M","M","R","BOSS"],"items_purchased_type":["Card","Relic","Potion","Card"],"build_version":"2020-12-22","purchased_purges":2,"victory":false,"max_hp_per_floor":[82,82,82,82,82,82,82,82,82,82,82,82,82,82,82,82,82,82,82,82,82,82,82,82,82,82,82,82,82,82,82,82,82,82,82,82],"card_choices":[{"not_picked":["TheCursedMod:StingEye","TheCursedMod:Wield"],"picked":"TheCursedMod:AbyssShockwave","floor":1},{"not_picked":["TheCursedMod:CursedBlade","TheCursedMod:Obscuration"],"picked":"TheCursedMod:FleshFromBone","floor":2},{"not_picked":["TheCursedMod:CursedBlade","TheCursedMod:CursedAmulet"],"picked":"TheCursedMod:Stretching","floor":7},{"not_picked":["TheCursedMod:FleshFromBone","TheCursedMod:CursedMace"],"picked":"TheCursedMod:Stretching","floor":11},{"not_picked":["TheCursedMod:ShockAndAwe","TheCursedMod:HellsGateOpen","TheCursedMod:SpreadPlague"],"picked":"SKIP","floor":12},{"not_picked":["TheCursedMod:FleshFromBone","TheCursedMod:DoubleShield"],"picked":"TheCursedMod:Torture","floor":13},{"not_picked":["TheCursedMod:CursedShiv","TheCursedMod:DoubleShield"],"picked":"TheCursedMod:CircleOfBlood","floor":14},{"not_picked":["TheCursedMod:ShockAndAwe","TheCursedMod:DemonicPact"],"picked":"TheCursedMod:OutForBlood","floor":16},{"not_picked":["TheCursedMod:CircleOfWindfury","TheCursedMod:Obscuration+1"],"picked":"TheCursedMod:CircleOfCorruption","floor":18},{"not_picked":["TheCursedMod:VitalStrike","TheCursedMod:SurpriseAttack"],"picked":"TheCursedMod:Torture+1","floor":21},{"not_picked":["TheCursedMod:Torture","TheCursedMod:CursedMace"],"picked":"TheCursedMod:SpitefulStrike","floor":23},{"not_picked":["TheCursedMod:RavingStaff+1","TheCursedMod:PrepareRite"],"picked":"TheCursedMod:Evocation+1","floor":32},{"not_picked":["TheCursedMod:FleshFromBone","TheCursedMod:Obscuration"],"picked":"TheCursedMod:CursedBoomerang+1","floor":33}],"player_experience":89777,"relics_obtained":[{"floor":4,"key":"Vajra"},{"floor":7,"key":"Grinning Jar"},{"floor":9,"key":"Matryoshka"},{"floor":10,"key":"Blood Vial"},{"floor":10,"key":"Replay:Bottled Steam"},{"floor":19,"key":"Nilry\u0027s Codex"},{"floor":23,"key":"Molten Egg 2"},{"floor":26,"key":"Art of War"},{"floor":26,"key":"Bag of Marbles"},{"floor":29,"key":"Juzu Bracelet"},{"floor":31,"key":"Ring of Fury"},{"floor":31,"key":"Ring of Panic"}],"event_choices":[{"damage_healed":0,"gold_gain":0,"player_choice":"Take Wound","damage_taken":0,"relics_obtained":["Golden Idol"],"max_hp_gain":0,"max_hp_loss":0,"event_name":"Golden Idol","floor":3,"gold_loss":0,"cards_obtained":["Injury"]},{"damage_healed":0,"gold_gain":0,"player_choice":"Obtained Book","damage_taken":16,"max_hp_gain":0,"max_hp_loss":0,"event_name":"Cursed Tome","floor":19,"gold_loss":0},{"damage_healed":27,"gold_gain":0,"player_choice":"Heal","damage_taken":0,"max_hp_gain":0,"max_hp_loss":0,"event_name":"The Library","floor":20,"gold_loss":0}],"is_beta":false,"boss_relics":[{"not_picked":["Ectoplasm","Coffee Dripper"],"picked":"ChewingGum"}],"items_purged_floors":[5,22],"is_endless":false,"potions_floor_spawned":[1,2,12,13,23,32],"killed_by":"Pondfish","ascension_level":0}}