{"host":"bwf6jt0gyax88i3l","time":1612415287,"event":{"mods":["AchievementEnabler","Act Like it!","BaseMod","Colored Map","Colored Powertips","Conspire","Downfall","Gensokyo","Hero for Fun","Highlight Path","Hubris","Infinite Spire","Minty Spire (QoL Compilation)","Quick Restart","Shop Mod","StSLib","Td1madao Mod","The Administrix","The Bladedancer","The Mystic","The Wild Card"],"gold_per_floor":[110,110,121,30,47,77,77,110,110,110,124,124,124,124,124,124,124],"floor_reached":16,"language":"ENG","playtime":683,"items_purged":[],"score":133,"play_id":"0033ed49-432c-4319-945d-6d201e15b1e6","local_time":"20210203210807","is_ascension_mode":false,"campfire_choices":[{"data":"blademaster:BladeMastery","floor":7,"key":"SMITH"},{"data":"blademaster:AwakeningStrike","floor":10,"key":"SMITH"},{"floor":15,"key":"REST"}],"circlet_count":0,"master_deck":["blademaster:Strike","blademaster:Strike","blademaster:Strike","blademaster:Strike","blademaster:Defend","blademaster:Defend","blademaster:Defend","blademaster:Defend","blademaster:RagingBlow","blademaster:HighVoltage","blademaster:DancingEdge+1","blademaster:AwakeningStrike+1","blademaster:AspectOfWind","blademaster:FuriousStrike+1","blademaster:BladeMastery+1","blademaster:Overcharge","blademaster:Flurry","CurseOfTheBell","CurseOfTheBell","hubris:Greed","blademaster:FlockOfBlades","blademaster:CullingStrike"],"relics":["blademaster:DancersAmulet","NeowsBlessing","Dream Catcher","Bag of Preparation","infinitespire:WardingShard","infinitespire:Beetle Shell","downfall:ExtraCursedBell","Bronze Scales","conspire:Flyswatter","Calipers"],"acts_visited":["Exordium"],"potions_floor_usage":[16,16],"damage_taken":[{"damage":0,"enemies":"Gensokyo:2_Kodama","floor":1,"turns":1},{"damage":0,"enemies":"Gensokyo:Python","floor":3,"turns":1},{"damage":0,"enemies":"Gensokyo:3_Fairies","floor":5,"turns":1},{"damage":0,"enemies":"Gensokyo:Mamizou","floor":6,"turns":7},{"damage":37,"enemies":"Gensokyo:Cirno","floor":8,"turns":7},{"damage":6,"enemies":"Gensokyo:2_Rabbits","floor":11,"turns":4},{"damage":65,"enemies":"Gensokyo:Reimu","floor":16,"turns":6}],"seed_played":"6247472118350233403","potions_obtained":[{"floor":1,"key":"Energy Potion"},{"floor":3,"key":"sneckomod:MuddlingPotion"},{"floor":8,"key":"Fruit Juice"}],"is_trial":false,"path_per_floor":["M","?","M","COS","M","E","R","E","T","R","M","?","?","?","R","B"],"character_chosen":"THE_BLADEMASTER","items_purchased":[],"campfire_rested":1,"item_purchase_floors":[],"current_hp_per_floor":[75,75,75,75,75,75,75,38,38,38,38,38,45,45,69,9,9],"gold":124,"neow_bonus":"THREE_ENEMY_KILL","is_daily":false,"chose_seed":false,"campfire_upgraded":2,"win_rate":0.0,"timestamp":1612415287,"path_taken":["M","?","M","COS","?","E","R","E","T","R","M","?","?","?","R","BOSS"],"items_purchased_type":[],"build_version":"2020-12-22","purchased_purges":0,"victory":false,"max_hp_per_floor":[75,75,75,75,75,75,75,75,75,75,75,75,82,82,82,87,87],"card_choices":[{"not_picked":["blademaster:Breeze","blademaster:Quickstep"],"picked":"blademaster:DancingEdge","floor":1},{"not_picked":["blademaster:AwakeningDefend","blademaster:Thrust"],"picked":"blademaster:AwakeningStrike","floor":3},{"not_picked":["blademaster:Vortex","blademaster:LeechingStrike"],"picked":"blademaster:AspectOfWind","floor":5},{"not_picked":["blademaster:Cut+1","blademaster:WindSlash+1"],"picked":"blademaster:FuriousStrike+1","floor":6},{"not_picked":["blademaster:StanceMastery","blademaster:SlyStabs"],"picked":"blademaster:BladeMastery","floor":6},{"not_picked":["blademaster:EyeOfTheTornado","blademaster:IcyWind"],"picked":"blademaster:Overcharge","floor":8},{"not_picked":["blademaster:SlyStabs","blademaster:AncestralHealing"],"picked":"blademaster:Flurry","floor":11},{"not_picked":["blademaster:Reversal","blademaster:KiBarrier"],"picked":"blademaster:CullingStrike","floor":15}],"player_experience":44808,"relics_obtained":[{"floor":6,"key":"Dream Catcher"},{"floor":6,"key":"blademaster:LightningChargePerk"},{"floor":8,"key":"Bag of Preparation"},{"floor":8,"key":"blademaster:StanceHealPerk"},{"floor":9,"key":"infinitespire:WardingShard"},{"floor":12,"key":"Bronze Scales"},{"floor":12,"key":"conspire:Flyswatter"},{"floor":12,"key":"Calipers"}],"event_choices":[{"damage_healed":0,"gold_gain":0,"player_choice":"Leave","damage_taken":0,"max_hp_gain":0,"max_hp_loss":0,"event_name":"conspire:Investor","floor":14,"gold_loss":0}],"is_beta":false,"boss_relics":[],"items_purged_floors":[],"is_endless":false,"potions_floor_spawned":[1,3,8,11],"killed_by":"Gensokyo:Reimu","ascension_level":0}}