{"host":"928gv66myv2vlnsd","time":1612410654,"event":{"mods":["BaseMod","Highlight Path","Minty Spire (QoL Compilation)","StSLib"],"gold_per_floor":[119,119,119,139,64,90,90,118,118,118,137,137,165,185,185,262,262,274,289,305,39,52,84,97,128,128,144,144,178,189,21,21,96,96,109,109,120,120,130,163,181,181,181],"floor_reached":42,"language":"ENG","playtime":4804,"items_purged":[],"score":1020,"play_id":"97bd7a91-ec6e-48bb-8520-28c629e0b450","local_time":"20210203225054","is_ascension_mode":true,"campfire_choices":[{"floor":10,"key":"REST"},{"floor":12,"key":"REST"},{"floor":15,"key":"REST"},{"data":"Feel No Pain","floor":28,"key":"SMITH"},{"floor":32,"key":"REST"}],"circlet_count":0,"master_deck":["AscendersBane","Strike_R","Strike_R","Strike_R","Defend_R+1","Defend_R","Defend_R","Defend_R","Bash+1","Anger","Corruption","Spot Weakness","Feel No Pain+1","Limit Break","Ghostly Armor","Dark Embrace","Shockwave","Reaper","Sentinel","Sentinel","Metallicize","Barricade","Pummel","Seeing Red","Impervious","Disarm","Evolve","Armaments","True Grit","Power Through","Armaments"],"relics":["Burning Blood","Bag of Preparation","White Beast Statue","Bottled Flame","Tiny Chest","Runic Pyramid","Shuriken","Bottled Lightning","Happy Flower","MealTicket","Bronze Scales","Orrery","Busted Crown","Ancient Tea Set"],"acts_visited":["Exordium","TheCity","TheBeyond"],"potions_floor_usage":[14,16,16,23,29,29,42],"damage_taken":[{"damage":4,"enemies":"Small Slimes","floor":1,"turns":4},{"damage":7,"enemies":"Jaw Worm","floor":4,"turns":3},{"damage":20,"enemies":"3 Sentries","floor":6,"turns":10},{"damage":11,"enemies":"Lagavulin","floor":8,"turns":7},{"damage":6,"enemies":"Cultist","floor":11,"turns":3},{"damage":36,"enemies":"Gremlin Nob","floor":13,"turns":4},{"damage":4,"enemies":"3 Louse","floor":14,"turns":4},{"damage":49,"enemies":"The Guardian","floor":16,"turns":12},{"damage":6,"enemies":"3 Byrds","floor":18,"turns":6},{"damage":18,"enemies":"Shell Parasite","floor":19,"turns":6},{"damage":24,"enemies":"Sentry and Sphere","floor":20,"turns":6},{"damage":0,"enemies":"Snake Plant","floor":22,"turns":4},{"damage":41,"enemies":"Gremlin Leader","floor":23,"turns":5},{"damage":18,"enemies":"Centurion and Healer","floor":24,"turns":5},{"damage":88,"enemies":"Book of Stabbing","floor":25,"turns":8},{"damage":7,"enemies":"Snecko","floor":27,"turns":4},{"damage":90,"enemies":"Slavers","floor":29,"turns":6},{"damage":2,"enemies":"Cultist and Chosen","floor":30,"turns":6},{"damage":32,"enemies":"Automaton","floor":33,"turns":8},{"damage":0,"enemies":"3 Shapes","floor":35,"turns":12},{"damage":28,"enemies":"3 Darklings","floor":37,"turns":4},{"damage":0,"enemies":"Maw","floor":39,"turns":6},{"damage":26,"enemies":"Nemesis","floor":40,"turns":7},{"damage":46,"enemies":"Sphere and 2 Shapes","floor":41,"turns":7},{"damage":112,"enemies":"Reptomancer","floor":42,"turns":4}],"seed_played":"1415143997876049234","potions_obtained":[{"floor":4,"key":"Block Potion"},{"floor":8,"key":"Weak Potion"},{"floor":14,"key":"Swift Potion"},{"floor":16,"key":"FairyPotion"},{"floor":18,"key":"PowerPotion"},{"floor":23,"key":"SteroidPotion"},{"floor":25,"key":"Strength Potion"},{"floor":29,"key":"LiquidBronze"},{"floor":30,"key":"Explosive Potion"}],"is_trial":false,"path_per_floor":["M","?","?","M","?","E","?","E","T","R","M","R","E","M","R","B",null,"M","M","M","$","M","E","M","E","T","M","R","E","M","$","R","B",null,"M","?","M","?","M","E","M","E"],"character_chosen":"IRONCLAD","items_purchased":["Shuriken","Orrery"],"campfire_rested":4,"item_purchase_floors":[21,31],"current_hp_per_floor":[70,63,63,62,62,48,25,20,20,42,42,64,34,36,58,15,60,70,71,53,53,70,35,71,28,28,54,54,9,39,54,75,75,75,75,75,75,75,75,75,75,0,0],"gold":181,"neow_bonus":"RANDOM_COMMON_RELIC","is_daily":false,"chose_seed":false,"campfire_upgraded":1,"win_rate":0.0,"timestamp":1612410654,"path_taken":["M","?","?","?","?","E","?","E","T","R","M","R","E","M","R","BOSS","M","M","M","$","M","E","M","E","T","M","R","E","M","$","R","BOSS","M","?","M","?","?","E","M","E"],"items_purchased_type":["Relic","Relic"],"build_version":"2020-12-22","purchased_purges":0,"victory":false,"max_hp_per_floor":[75,75,75,75,75,75,75,75,75,75,75,75,75,75,75,75,75,75,75,75,75,75,75,75,75,75,75,75,75,75,75,75,75,75,75,75,75,75,75,75,75,75,75],"card_choices":[{"not_picked":["Twin Strike","Body Slam"],"picked":"Anger","floor":1},{"not_picked":["Intimidate","Reckless Charge"],"picked":"Feel No Pain","floor":4},{"not_picked":["Sever Soul","Rage"],"picked":"Limit Break","floor":6},{"not_picked":["Havoc","Clothesline"],"picked":"Ghostly Armor","floor":8},{"not_picked":["Power Through","Armaments","Blood for Blood"],"picked":"SKIP","floor":11},{"not_picked":["Rupture","Havoc"],"picked":"Dark Embrace","floor":13},{"not_picked":["Warcry","Twin Strike"],"picked":"Shockwave","floor":14},{"not_picked":["Juggernaut","Limit Break"],"picked":"Reaper","floor":16},{"not_picked":["Headbutt","Hemokinesis","Perfected Strike"],"picked":"SKIP","floor":18},{"not_picked":["Carnage","Pommel Strike","Clothesline"],"picked":"SKIP","floor":19},{"not_picked":["Wild Strike","Battle Trance"],"picked":"Sentinel","floor":20},{"not_picked":["Sword Boomerang","Metallicize"],"picked":"Sentinel","floor":22},{"not_picked":["Pummel","Dropkick"],"picked":"Metallicize","floor":23},{"not_picked":["Body Slam","Havoc","True Grit"],"picked":"SKIP","floor":24},{"not_picked":["Shrug It Off+1","Uppercut"],"picked":"Barricade","floor":25},{"not_picked":["Headbutt","Perfected Strike"],"picked":"Pummel","floor":27},{"not_picked":["Warcry","Headbutt"],"picked":"Seeing Red","floor":29},{"not_picked":["Battle Trance+1","Anger"],"picked":"Impervious","floor":30},{"not_picked":["Sword Boomerang","Flex"],"picked":"Disarm","floor":31},{"not_picked":["Power Through","Body Slam"],"picked":"Evolve","floor":31},{"not_picked":["Barricade","Body Slam"],"picked":"Armaments","floor":31},{"not_picked":["Whirlwind","Dark Embrace"],"picked":"True Grit","floor":31},{"not_picked":["Pommel Strike"],"picked":"SKIP","floor":35},{"not_picked":["Thunderclap"],"picked":"SKIP","floor":37},{"not_picked":[],"picked":"Power Through","floor":39},{"not_picked":["Evolve+1"],"picked":"SKIP","floor":40},{"not_picked":[],"picked":"Armaments","floor":41}],"player_experience":1444759,"relics_obtained":[{"floor":6,"key":"White Beast Statue"},{"floor":8,"key":"Bottled Flame"},{"floor":9,"key":"Tiny Chest"},{"floor":23,"key":"Bottled Lightning"},{"floor":25,"key":"Happy Flower"},{"floor":26,"key":"MealTicket"},{"floor":29,"key":"Bronze Scales"},{"floor":40,"key":"Ancient Tea Set"}],"event_choices":[{"cards_removed":["Strike_R"],"damage_healed":0,"gold_gain":0,"player_choice":"Card Removal","damage_taken":7,"max_hp_gain":0,"max_hp_loss":0,"event_name":"Golden Wing","floor":2,"gold_loss":0},{"damage_healed":0,"gold_gain":0,"player_choice":"2 cards matched","damage_taken":0,"max_hp_gain":0,"max_hp_loss":0,"event_name":"Match and Keep!","floor":3,"gold_loss":0,"cards_obtained":["Corruption","Spot Weakness"]},{"cards_removed":["Strike_R"],"damage_healed":0,"gold_gain":0,"player_choice":"Card Removal","damage_taken":0,"max_hp_gain":0,"max_hp_loss":0,"event_name":"The Cleric","floor":5,"gold_loss":75},{"damage_healed":0,"gold_gain":0,"player_choice":"Entered Light","damage_taken":23,"max_hp_gain":0,"max_hp_loss":0,"event_name":"Shining Light","floor":7,"gold_loss":0,"cards_upgraded":["Defend_R","Bash"]},{"damage_healed":0,"gold_gain":0,"player_choice":"Ignored","damage_taken":0,"max_hp_gain":0,"max_hp_loss":0,"event_name":"Tomb of Lord Red Mask","floor":36,"gold_loss":0},{"damage_healed":0,"gold_gain":0,"player_choice":"Full Heal","damage_taken":0,"max_hp_gain":0,"max_hp_loss":0,"event_name":"Wheel of Change","floor":38,"gold_loss":0}],"is_beta":false,"boss_relics":[{"not_picked":["SlaversCollar","Runic Cube"],"picked":"Runic Pyramid"},{"not_picked":["Fusion Hammer","Velvet Choker"],"picked":"Busted Crown"}],"items_purged_floors":[],"is_endless":false,"potions_floor_spawned":[4,8,11,13,14,16,18,19,20,22,23,24,25,27,29,30,33,35,37,39,40,41],"killed_by":"Reptomancer","ascension_level":20}}