{"host":"k7udt7atmcuzf6l0","time":1612447609,"event":{"mods":["AchievementEnabler","BaseMod","BetterRewards","Colored Map","Colored Powertips","Highlight Path","Minty Spire (QoL Compilation)","Quick Restart","Rare Cards Sparkle","Relic Stats","StSLib","UnlockEverythingMod"],"gold_per_floor":[119,31,31,51,68,68,101,101,128,153,153,167,167,190,190,190,190],"floor_reached":16,"language":"ZHS","playtime":289,"items_purged":[],"score":110,"play_id":"d307efd8-20b1-4712-9703-0af8fa6c54e1","local_time":"20210204220649","is_ascension_mode":false,"campfire_choices":[{"data":"Flex","floor":6.0,"key":"SMITH"},{"data":"Trip","floor":8.0,"key":"SMITH"},{"data":"Dual Wield","floor":11,"key":"SMITH"},{"data":"Shockwave","floor":15,"key":"SMITH"}],"circlet_count":0,"master_deck":["Strike_R","Strike_R+1","Strike_R","Strike_R","Strike_R+1","Defend_R","Defend_R","Defend_R","Bash","Trip+1","Headbutt","Flex+1","Dual Wield+1","Rupture","Shockwave+1"],"relics":["Burning Blood","NeowsBlessing","Art of War","Whetstone","Oddly Smooth Stone","Golden Idol"],"acts_visited":["Exordium"],"potions_floor_usage":[10,16],"damage_taken":[{"damage":0.0,"enemies":"Cultist","floor":1.0,"turns":1.0},{"damage":0.0,"enemies":"Jaw Worm","floor":4.0,"turns":1.0},{"damage":0.0,"enemies":"Small Slimes","floor":5.0,"turns":1.0},{"damage":8.0,"enemies":"Gremlin Nob","floor":7.0,"turns":3.0},{"damage":26,"enemies":"Lagavulin","floor":10,"turns":4},{"damage":10,"enemies":"Looter","floor":12,"turns":2},{"damage":18,"enemies":"Blue Slaver","floor":14,"turns":3},{"damage":50,"enemies":"Hexaghost","floor":16,"turns":8}],"seed_played":"-8201249774104988682","potions_obtained":[{"floor":1.0,"key":"Fire Potion"},{"floor":5.0,"key":"Regen Potion"},{"floor":14,"key":"Ancient Potion"}],"is_trial":false,"path_per_floor":["M","$","?","M","M","R","E","R","T","E","R","M","?","M","R","B"],"character_chosen":"IRONCLAD","items_purchased":["Trip"],"campfire_rested":0,"item_purchase_floors":[2],"current_hp_per_floor":[80,80,80,80,80,80,78,78,78,63,63,59,59,47,47,0,0],"gold":190,"neow_bonus":"THREE_ENEMY_KILL","is_daily":false,"chose_seed":false,"campfire_upgraded":4,"win_rate":0.0,"timestamp":1612447609,"path_taken":["M","$","?","?","M","R","E","R","T","E","R","M","?","M","R","BOSS"],"items_purchased_type":["Card"],"build_version":"2020-12-22","purchased_purges":0,"victory":false,"max_hp_per_floor":[80,80,80,80,80,80,80,80,80,80,80,80,74,74,74,74,74],"relic_stats":{"counters":[8,23],"Golden Idol":5,"Art of War":[1],"Whetstone":["Strike_R","Strike_R"],"obtain_stats":[{"NeowsBlessing":0,"Golden Idol":13,"Oddly Smooth Stone":10,"Art of War":7,"Whetstone":9,"Burning Blood":0},{"NeowsBlessing":0,"Golden Idol":6,"Oddly Smooth Stone":5,"Art of War":4,"Whetstone":4,"Burning Blood":0},{"NeowsBlessing":0,"Golden Idol":12,"Oddly Smooth Stone":10,"Art of War":6,"Whetstone":6,"Burning Blood":0}],"Burning Blood":24},"card_choices":[{"not_picked":["Flame Barrier","Pommel Strike","Dropkick"],"picked":"SKIP","floor":1.0},{"not_picked":["Clothesline","Cleave"],"picked":"Headbutt","floor":4.0},{"not_picked":["Heavy Blade","Body Slam"],"picked":"Flex","floor":5.0},{"not_picked":["Iron Wave","Thunderclap"],"picked":"Dual Wield","floor":7.0},{"not_picked":["Evolve","Barricade","Carnage"],"picked":"SKIP","floor":10},{"not_picked":["Searing Blow","Uppercut"],"picked":"Rupture","floor":12},{"not_picked":["Rampage","Havoc"],"picked":"Shockwave","floor":14}],"player_experience":51341,"relics_obtained":[{"floor":7.0,"key":"Art of War"},{"floor":9,"key":"Whetstone"},{"floor":10,"key":"Oddly Smooth Stone"}],"event_choices":[{"cards_removed":["Defend_R"],"damage_healed":0.0,"max_hp_gain":0.0,"max_hp_loss":0.0,"gold_gain":0.0,"event_name":"Bonfire Elementals","player_choice":"Offered Basic","floor":3.0,"gold_loss":0.0,"damage_taken":0.0},{"damage_healed":0,"gold_gain":0,"player_choice":"Lose Max HP","damage_taken":0,"relics_obtained":["Golden Idol"],"max_hp_gain":0,"max_hp_loss":6,"event_name":"Golden Idol","floor":13,"gold_loss":0}],"is_beta":false,"boss_relics":[],"items_purged_floors":[],"is_endless":false,"potions_floor_spawned":[1,5,14],"killed_by":"Hexaghost","ascension_level":0}}