{"host":"hpn0uxah5qjr7pa6","time":1612405886,"event":{"mods":["Act Like it!","Aspiration","BaseMod","Better Third Choice","BetterRewards","Challenge The Spire","Colored Powertips","Conspire","DeckTracker","Downfall","Energized Spire","Hallownest","Hermit","Highlight Path","Hubris","Infinite Spire","Minty Spire (QoL Compilation)","Permanent Neow","Quick Restart","Rare Cards Sparkle","Replay The Spire","Spicy Shops","StSLib","The Bug Knight","The Jungle"],"gold_per_floor":[99,111,126,111,122,122,147,178,190,220,243,268,280,317,340,455,467,479,507,504,516,528,554,618,641,653,665,695,707,750,786,811,823,823,823],"floor_reached":33,"language":"ENG","playtime":1341,"items_purged":[],"score":346,"play_id":"39c43a5a-2bb0-458a-9959-1c27f3328956","local_time":"20210203183126","is_ascension_mode":true,"campfire_choices":[{"floor":9,"key":"REST"},{"floor":13,"key":"REST"},{"floor":18,"key":"DIG"},{"floor":27,"key":"REST"},{"floor":29,"key":"REST"}],"circlet_count":0,"master_deck":["bronze:Strike","bronze:Strike","bronze:Strike","bronze:Strike","bronze:Defend","bronze:Defend","bronze:Defend","bronze:Defend","bronze:Replicate","bronze:Terminator","bronze:DelayedSlice","bronze:InfiniteLoop","bronze:WhirlingStrike","bronze:DigitalCarnage","bronze:FollowUp","bronze:Hardcode","bronze:OilSpill","bronze:DelayedSlice+1","bronze:OilSpill+1","bronze:DelayedSlice"],"relics":["bronze:BronzeCore","hubris:SlimyHat","MawBank","Replay:Wax Seal","Black Star","hubris:TenFootPole","Strawberry","Pantograph","infinitespire:PuzzleCube"],"acts_visited":["Exordium","Hallownest:CityofTears"],"potions_floor_usage":[8,8,10,15,16,16,23,23,25,25,25,28,28,30],"damage_taken":[{"damage":0,"enemies":"Small Slimes","floor":2,"turns":3},{"damage":2,"enemies":"Jaw Worm","floor":3,"turns":3},{"damage":0,"enemies":"downfall:FleeingMerchant","floor":4,"turns":4},{"damage":13,"enemies":"conspire:RoseBush","floor":5,"turns":2},{"damage":4,"enemies":"Large Slime","floor":8,"turns":3},{"damage":0,"enemies":"Gremlin Gang","floor":10,"turns":1},{"damage":0,"enemies":"2 Fungi Beasts","floor":11,"turns":2},{"damage":15,"enemies":"3 Louse","floor":12,"turns":3},{"damage":1,"enemies":"Gremlin Gang","floor":15,"turns":2},{"damage":45,"enemies":"DF_ARCHETYPE_STREAMLINE","floor":16,"turns":6},{"damage":7,"enemies":"Hallownest:3_Youths","floor":19,"turns":6},{"damage":1,"enemies":"downfall:FleeingMerchant","floor":20,"turns":4},{"damage":13,"enemies":"Hallownest:Flukemon_and_Top","floor":23,"turns":6},{"damage":2,"enemies":"Hallownest:monsterShrumalOgre","floor":25,"turns":3},{"damage":32,"enemies":"Hallownest:2_Flukemon","floor":28,"turns":5},{"damage":21,"enemies":"Hallownest:eliteSoulWarrior","floor":30,"turns":6},{"damage":11,"enemies":"Hallownest:monsterMisterMushroom","floor":32,"turns":5},{"damage":67,"enemies":"SI_MIRROR_ARCHETYPE","floor":33,"turns":6}],"seed_played":"-7118683525435715085","potions_obtained":[{"floor":2,"key":"DistilledChaos"},{"floor":3,"key":"SpeedPotion"},{"floor":5,"key":"Energy Potion"},{"floor":11,"key":"Strength Potion"},{"floor":12,"key":"Toxic Potion"},{"floor":15,"key":"LiquidBronze"},{"floor":23,"key":"EntropicBrew"},{"floor":25,"key":"EntropicBrew"}],"is_trial":false,"path_per_floor":["R","M","M","$","M","?","T","M","R","M","M","M","R","T","M","B",null,"R","M","$","?","?","M","T","M","?","R","M","R","E","T","M","B"],"character_chosen":"THE_AUTOMATON","items_purchased":[],"campfire_rested":4,"item_purchase_floors":[],"current_hp_per_floor":[70,70,68,68,55,60,60,56,75,75,75,60,75,75,74,29,64,64,57,56,56,56,48,48,46,46,70,38,62,48,48,37,0,0,0],"gold":823,"neow_bonus":"RANDOM_COMMON_RELIC","is_daily":false,"chose_seed":false,"campfire_upgraded":0,"win_rate":0.0,"timestamp":1612405886,"path_taken":["R","M","M","$","M","?","T","M","R","M","M","M","R","?","M","BOSS","R","M","$","?","?","M","T","M","?","R","M","R","E","?","M","BOSS"],"items_purchased_type":[],"build_version":"2020-12-22","purchased_purges":0,"victory":false,"max_hp_per_floor":[70,70,70,70,70,75,75,75,75,75,75,75,75,75,75,75,75,75,75,75,75,75,80,80,80,80,80,80,80,87,87,87,87,87,87],"card_choices":[{"not_picked":["bronze:Shell","bronze:ForceShield"],"picked":"bronze:DelayedSlice","floor":2},{"not_picked":["bronze:BronzeArmor","bronze:Repulsor","bronze:Iterate"],"picked":"SKIP","floor":3},{"not_picked":["bronze:MaxOutput","bronze:Repulsor"],"picked":"bronze:InfiniteLoop","floor":4},{"not_picked":["bronze:CutThrough","bronze:BuggyMess","bronze:Iterate"],"picked":"SKIP","floor":5},{"not_picked":["bronze:Philosophize","bronze:MaxOutput"],"picked":"bronze:WhirlingStrike","floor":8},{"not_picked":["bronze:BuggyMess","bronze:InfiniteBeams"],"picked":"bronze:DigitalCarnage","floor":10},{"not_picked":["bronze:Mutator","bronze:CloningBeam","bronze:Return"],"picked":"SKIP","floor":11},{"not_picked":["bronze:Overheat","bronze:FineTuning","bronze:Allocate"],"picked":"SKIP","floor":12},{"not_picked":["bronze:Separator","bronze:Constructor"],"picked":"bronze:FollowUp","floor":15},{"not_picked":["bronze:FindAndReplace","bronze:CleanCode"],"picked":"bronze:Hardcode","floor":16},{"not_picked":["bronze:Return","bronze:Fortify+1","bronze:ClassDefault"],"picked":"SKIP","floor":19},{"not_picked":["bronze:Boost","bronze:FineTuning"],"picked":"bronze:OilSpill","floor":20},{"not_picked":["bronze:WildBeam","bronze:Overheat"],"picked":"bronze:DelayedSlice+1","floor":23},{"not_picked":["bronze:BuggyMess","bronze:WildBeam"],"picked":"bronze:OilSpill+1","floor":25},{"not_picked":["bronze:Overload","bronze:WildBeam"],"picked":"bronze:DelayedSlice","floor":28},{"not_picked":["bronze:Shield","bronze:Allocate","bronze:ForceShield"],"picked":"SKIP","floor":30},{"not_picked":["bronze:Shield+1","bronze:Return","bronze:Boost+1"],"picked":"SKIP","floor":32}],"player_experience":181670,"relics_obtained":[{"floor":7,"key":"MawBank"},{"floor":14,"key":"Replay:Wax Seal"},{"floor":24,"key":"hubris:TenFootPole"},{"floor":30,"key":"Strawberry"},{"floor":30,"key":"Pantograph"},{"floor":31,"key":"infinitespire:PuzzleCube"}],"event_choices":[{"damage_healed":0,"gold_gain":0,"player_choice":"Donut","damage_taken":0,"max_hp_gain":5,"max_hp_loss":0,"event_name":"Big Fish","floor":6,"gold_loss":0}],"is_beta":false,"boss_relics":[{"not_picked":["Runic Dome","aspiration:RitualDagger"],"picked":"Black Star"}],"items_purged_floors":[],"is_endless":false,"potions_floor_spawned":[2,3,5,11,12,15,23,25],"killed_by":"SI_MIRROR_ARCHETYPE","ascension_level":5}}