{"host":"3uci9gpt6cwo3y1o","time":1612406292,"event":{"mods":["Aspiration","BaseMod","Energized Spire","Minty Spire (QoL Compilation)","MostiFishMod","Reliquary","RumiaBox-露米娅的神秘盒子","StSLib","TestMod"],"gold_per_floor":[109,119,119,119,119,119,154,171,171,181,208,208,242,254,254,356,356,366,384,404,184,195,228,247,276,345,745,778,805,720,720,720,824,824,863,863,863,540,555,555,595,657,657,719,732,772,800,322,322,351,351,351,17,76,76],"floor_reached":56,"language":"ZHS","playtime":1930,"items_purged":["Defend_P","Strike_P","Strike_P","Defend_P"],"score":2719,"play_id":"55533f39-e0f8-4eec-8c64-4f7b95de07d6","local_time":"20210204103812","is_ascension_mode":true,"campfire_choices":[{"data":"Eruption","floor":6.0,"key":"SMITH"},{"floor":12.0,"key":"RECALL"},{"data":"TalkToTheHand","floor":15.0,"key":"SMITH"},{"data":"MostiFishMod:StarWish","floor":32.0,"key":"SMITH"},{"data":"Wish","floor":40.0,"key":"SMITH"},{"data":"Apotheosis","floor":49.0,"key":"SMITH"},{"data":"TalkToTheHand","floor":52,"key":"SMITH"}],"circlet_count":0,"master_deck":["AscendersBane","Strike_P","Strike_P+1","Defend_P+1","Eruption+1","Vigilance","TalkToTheHand+1","Wallop","MostiFishMod:Adaptation","MostiFishMod:StarWish+1","DevaForm","FollowUp","SpiritShield","Wish+1","Finesse","TalkToTheHand+1","InnerPeace+1","Tantrum+1","Indignation+1","Apotheosis+1","Prostrate","MentalFortress"],"relics":["HolyWater","DaveBox","ExusiaiGun","testmod-BlackFramedGlasses","SynthV:TestCard","StoneCalendar","Nunchaku","reliquary:SilkGlove","testmod-LifeArmor","Happy Flower","White Beast Statue","SSSystem","testmod-BalancedPeriapt","Orichalcum","testmod-CrystalShield","GuanYuAspect","reliquary:NewFriend","testmod-Charity","Blood Vial","InkBottle","reliquary:Firecrackers","HollowDreamFlower","testmod-Antiphasic","reliquary:PartyBalloon","Lantern"],"acts_visited":["Exordium","TheCity","TheBeyond","TheEnding"],"potions_floor_usage":[],"damage_taken":[{"damage":0.0,"enemies":"Jaw Worm","floor":1.0,"turns":1.0},{"damage":0.0,"enemies":"Cultist","floor":2.0,"turns":1.0},{"damage":0.0,"enemies":"Gremlin Nob","floor":7.0,"turns":2.0},{"damage":0.0,"enemies":"2 Louse","floor":8.0,"turns":1.0},{"damage":0.0,"enemies":"Exordium Thugs","floor":10.0,"turns":2.0},{"damage":0.0,"enemies":"Lagavulin","floor":11.0,"turns":2.0},{"damage":0.0,"enemies":"3 Sentries","floor":13.0,"turns":2.0},{"damage":0.0,"enemies":"3 Louse","floor":14.0,"turns":1.0},{"damage":0.0,"enemies":"The Guardian","floor":16.0,"turns":6.0},{"damage":0.0,"enemies":"Spheric Guardian","floor":18.0,"turns":2.0},{"damage":0.0,"enemies":"3 Byrds","floor":19.0,"turns":3.0},{"damage":0.0,"enemies":"Shelled Parasite and Fungi","floor":20.0,"turns":2.0},{"damage":0.0,"enemies":"Snecko","floor":22.0,"turns":1.0},{"damage":0.0,"enemies":"Gremlin Leader","floor":23.0,"turns":2.0},{"damage":0.0,"enemies":"Cultist and Chosen","floor":24.0,"turns":2.0},{"damage":0.0,"enemies":"Slavers","floor":25.0,"turns":3.0},{"damage":0.0,"enemies":"Gremlin Leader","floor":28.0,"turns":2.0},{"damage":13.0,"enemies":"Champ","floor":33.0,"turns":4.0},{"damage":0.0,"enemies":"3 Darklings","floor":35.0,"turns":2.0},{"damage":0.0,"enemies":"Orb Walker","floor":39.0,"turns":1.0},{"damage":0.0,"enemies":"Writhing Mass","floor":41.0,"turns":4.0},{"damage":0.0,"enemies":"Nemesis","floor":42.0,"turns":5.0},{"damage":0.0,"enemies":"Giant Head","floor":44.0,"turns":1.0},{"damage":0.0,"enemies":"Maw","floor":45.0,"turns":1.0},{"damage":0.0,"enemies":"Jaw Worm Horde","floor":46.0,"turns":1.0},{"damage":0.0,"enemies":"Nemesis","floor":47.0,"turns":1.0},{"damage":0,"enemies":"Awakened One","floor":50,"turns":4},{"damage":0,"enemies":"Shield and Spear","floor":54,"turns":1},{"damage":0,"enemies":"The Heart","floor":55,"turns":6}],"seed_played":"4410315715266915123","potions_obtained":[{"floor":2.0,"key":"SkillPotion"},{"floor":8.0,"key":"testmod-TimePotion"},{"floor":11.0,"key":"StancePotion"},{"floor":23.0,"key":"AttackPotion"},{"floor":33.0,"key":"Fire Potion"},{"floor":35.0,"key":"testmod-EscapePotion"},{"floor":39.0,"key":"Ambrosia"},{"floor":42.0,"key":"Fruit Juice"},{"floor":44.0,"key":"Fire Potion"},{"floor":45.0,"key":"BottledMiracle"}],"is_trial":false,"path_per_floor":["M","M","?","?","?","R","E","M","T","M","E","R","E","M","R","B",null,"M","M","M","$","M","E","M","E","T","?","E","T","?","?","R","B",null,"M","T","?","$","M","R","M","E","T","E","M","M","E","$","R","B",null,"R","$","E","B",null],"character_chosen":"WATCHER","items_purchased":["Happy Flower","testmod-Charity","TalkToTheHand","testmod-Antiphasic","Apotheosis","Prostrate","reliquary:PartyBalloon","MentalFortress"],"campfire_rested":0,"item_purchase_floors":[21,38,38,48,48,48,53,53],"current_hp_per_floor":[73,74,74,58,58,58,60,61,61,63,65,65,67,68,68,74,78,79,79,79,79,79,79,79,79,79,79,79,79,79,79,79,67,40,40,40,30,30,40,40,40,40,40,40,40,40,40,40,40,40,40,40,40,40,40],"gold":76,"neow_bonus":"TEN_PERCENT_HP_BONUS","is_daily":false,"chose_seed":false,"campfire_upgraded":6,"win_rate":0.0,"timestamp":1612406292,"path_taken":["M","M","?","?","?","R","E","M","T","M","E","R","E","?","R","BOSS","M","M","M","$","M","E","M","E","T","?","E","?","?","?","R","BOSS","M","?","?","$","M","R","M","E","T","E","M","M","E","$","R","BOSS","R","$","E","BOSS"],"items_purchased_type":["Relic","Relic","Card","Relic","Card","Card","Relic","Card"],"build_version":"2020-12-22","purchased_purges":4,"victory":true,"max_hp_per_floor":[79,79,79,79,79,79,79,79,79,79,79,79,79,79,79,79,79,79,79,79,79,79,79,79,79,79,79,79,79,79,79,79,79,40,40,40,40,40,40,40,40,40,40,40,40,40,40,40,40,40,40,40,40,40,40],"card_choices":[{"not_picked":["FlyingSleeves","EmptyFist","Halt"],"picked":"SKIP","floor":1.0},{"not_picked":["MostiFishMod:Nomercy","SashWhip","FlyingSleeves","Fasting2","Halt"],"picked":"SKIP","floor":2.0},{"not_picked":["BattleHymn","EmptyFist","FlurryOfBlows","BowlingBash","FlyingSleeves"],"picked":"SKIP","floor":7.0},{"not_picked":["ClearTheMind","InnerPeace","FlurryOfBlows","MostiFishMod:Clarity"],"picked":"TalkToTheHand","floor":8.0},{"not_picked":["SashWhip","FlurryOfBlows","ConjureBlade","MostiFishMod:ScryFuture","CrushJoints"],"picked":"SKIP","floor":10.0},{"not_picked":["SashWhip","FlurryOfBlows","ConjureBlade","MostiFishMod:ScryFuture","CrushJoints"],"picked":"SKIP","floor":10.0},{"not_picked":["Collect","CutThroughFate","CrushJoints","Protect"],"picked":"Wallop","floor":11.0},{"not_picked":["Collect","CrushJoints","Vengeance","JustLucky","Prostrate"],"picked":"SKIP","floor":13.0},{"not_picked":["ThirdEye","Evaluate","MostiFishMod:FlowState","Indignation"],"picked":"MostiFishMod:Adaptation","floor":14.0},{"not_picked":["MostiFishMod:StarHerder","MostiFishMod:Unraveling","MostiFishMod:StarOceanP","Judgement"],"picked":"MostiFishMod:StarWish","floor":16.0},{"not_picked":["MostiFishMod:Nomercy","Protect","MostiFishMod:FlowState","BowlingBash","FlyingSleeves"],"picked":"SKIP","floor":18.0},{"not_picked":["BowlingBash","EmptyBody","EmptyFist","SashWhip"],"picked":"DevaForm","floor":19.0},{"not_picked":["Swivel+1","ThirdEye","CutThroughFate+1","Consecrate","MostiFishMod:Speedup"],"picked":"SKIP","floor":20.0},{"not_picked":["Prostrate","ReachHeaven","ThirdEye","SandsOfTime","EmptyFist"],"picked":"SKIP","floor":22.0},{"not_picked":["Consecrate","ForeignInfluence","Sanctity","DeusExMachina","EmptyFist"],"picked":"SKIP","floor":23.0},{"not_picked":["EmptyBody","Prostrate","CutThroughFate","CrushJoints+1"],"picked":"FollowUp","floor":24.0},{"not_picked":["MostiFishMod:FlowState","ReachHeaven","Worship","EmptyBody","MasterReality"],"picked":"SKIP","floor":25.0},{"not_picked":["SashWhip","ThirdEye","CrushJoints","Evaluate","Study"],"picked":"SKIP","floor":28.0},{"not_picked":["MostiFishMod:OutWit","Scrawl","MostiFishMod:Moonprays","DevaForm"],"picked":"Wish","floor":33.0},{"not_picked":["Perseverance","Adaptation","SashWhip","FlyingSleeves+1","Pray"],"picked":"SKIP","floor":35.0},{"not_picked":["Discovery","testmod-LifeRuler","testmod-PowerStrike","testmod-PocketStoneCalender"],"picked":"Finesse","floor":37.0},{"not_picked":["Study","FlurryOfBlows+1","EmptyBody","PathToVictory+1","Vengeance"],"picked":"SKIP","floor":39.0},{"not_picked":["Swivel","Consecrate","ThirdEye","CutThroughFate","SashWhip"],"picked":"SKIP","floor":41.0},{"not_picked":["PathToVictory+1","CutThroughFate","Halt","Sanctity"],"picked":"InnerPeace+1","floor":42.0},{"not_picked":["Conclude","CarveReality","MostiFishMod:Moonprays","EmptyMind","FlyingSleeves"],"picked":"SKIP","floor":44.0},{"not_picked":["Protect","Consecrate+1","FlyingSleeves","EmptyFist+1"],"picked":"Tantrum+1","floor":45.0},{"not_picked":["EmptyFist","Halt","Adaptation+1","CrushJoints"],"picked":"Indignation+1","floor":46.0},{"not_picked":["WreathOfFlame","MostiFishMod:Nomercy","Adaptation","MostiFishMod:StarLaLaLa","SashWhip"],"picked":"SKIP","floor":47.0},{"not_picked":["Consecrate","Weave+1","ThirdEye","Protect+1","EmptyMind"],"picked":"SKIP","floor":54}],"player_experience":905355,"relics_obtained":[{"floor":1.0,"key":"SynthV:TestCard"},{"floor":7.0,"key":"StoneCalendar"},{"floor":9.0,"key":"Nunchaku"},{"floor":11.0,"key":"reliquary:SilkGlove"},{"floor":13.0,"key":"testmod-LifeArmor"},{"floor":23.0,"key":"White Beast Statue"},{"floor":25.0,"key":"SSSystem"},{"floor":28.0,"key":"testmod-BalancedPeriapt"},{"floor":29.0,"key":"Orichalcum"},{"floor":36.0,"key":"reliquary:NewFriend"},{"floor":42.0,"key":"Blood Vial"},{"floor":43.0,"key":"InkBottle"},{"floor":44.0,"key":"reliquary:Firecrackers"},{"floor":47.0,"key":"HollowDreamFlower"},{"floor":54,"key":"Lantern"}],"event_choices":[{"damage_healed":0.0,"max_hp_gain":0.0,"max_hp_loss":0.0,"gold_gain":0.0,"event_name":"Liars Game","player_choice":"Ignored","floor":3.0,"gold_loss":0.0,"damage_taken":0.0},{"damage_healed":0.0,"max_hp_gain":0.0,"max_hp_loss":0.0,"gold_gain":0.0,"event_name":"Shining Light","player_choice":"Entered Light","floor":4.0,"gold_loss":0.0,"damage_taken":16.0,"cards_upgraded":["Strike_P","Defend_P"]},{"damage_healed":0.0,"max_hp_gain":0.0,"max_hp_loss":0.0,"gold_gain":0.0,"event_name":"Transmorgrifier","player_choice":"Ignored","floor":5.0,"gold_loss":0.0,"damage_taken":0.0},{"damage_healed":0.0,"max_hp_gain":0.0,"max_hp_loss":0.0,"gold_gain":400.0,"event_name":"恩洛斯的盘子","player_choice":"Sell","floor":27.0,"relics_lost":["testmod-TestBox"],"gold_loss":0.0,"damage_taken":0.0},{"damage_healed":0.0,"max_hp_gain":0.0,"max_hp_loss":0.0,"gold_gain":0.0,"event_name":"Addict","player_choice":"Obtained Relic","floor":30.0,"gold_loss":85.0,"damage_taken":0.0,"relics_obtained":["testmod-CrystalShield"]},{"damage_healed":0.0,"max_hp_gain":0.0,"max_hp_loss":0.0,"gold_gain":0.0,"cards_transformed":["Defend_P"],"event_name":"Transmorgrifier","player_choice":"Transformed","floor":31.0,"gold_loss":0.0,"damage_taken":0.0,"cards_obtained":["SpiritShield"]},{"damage_healed":0.0,"max_hp_gain":0.0,"max_hp_loss":0.0,"gold_gain":0.0,"event_name":"SensoryStone","player_choice":"Memory 3","floor":37.0,"gold_loss":0.0,"damage_taken":10.0}],"is_beta":false,"boss_relics":[{"not_picked":["energizedSpire:DeadBattery","aspiration:RandomNobGenerator"],"picked":"HolyWater"},{"not_picked":["TimeKeys","testmod-Nine"],"picked":"GuanYuAspect"}],"items_purged_floors":[21,38,48,53],"is_endless":false,"potions_floor_spawned":[2,8,11,13,23,24,25,28,33,35,39,41,42,44,45,46,47,54],"ascension_level":12}}