{"host":"msmkw03x1o7nq45i","time":1612433848,"event":{"mods":["AchievementEnabler","BaseMod","Bestiary","Colored Powertips","GifTheSpireLib","Highlight Path","Minty Spire (QoL Compilation)","Random Character Button","StSLib","everything is the same but u backflip on backflip"],"gold_per_floor":[116,116,116,266,266,309,385,385,412,447,106,126,126,141,141,237,237,255,274,274,288,329,329,360,360,360,404,239,64,80,96,96,96,96],"floor_reached":33,"language":"ENG","playtime":2205,"items_purged":["Doubt","Strike_R"],"score":594,"play_id":"b5297979-8a93-40c7-a25e-c09625da5393","local_time":"20210204121728","is_ascension_mode":true,"campfire_choices":[{"data":"Feed","floor":8,"key":"SMITH"},{"data":"Heavy Blade","floor":13,"key":"SMITH"},{"floor":15,"key":"RECALL"},{"data":"Corruption","floor":23,"key":"SMITH"},{"floor":25,"key":"REST"},{"data":"Evolve","floor":32,"key":"SMITH"}],"circlet_count":0,"master_deck":["AscendersBane","Strike_R","Strike_R+1","Strike_R+1","Strike_R","Defend_R","Defend_R","Defend_R","Defend_R","Bash+1","Inflame+1","Feed+1","Heavy Blade+1","Flame Barrier+1","Offering+1","Dual Wield+1","Disarm+1","Impervious+1","Body Slam+1","Spot Weakness+1","Corruption+1","Shrug It Off+1","Evolve+1","Seeing Red+1","Pummel","Sword Boomerang","Power Through+1","Second Wind+1","Entrench+1"],"relics":["Burning Blood","Golden Idol","Bronze Scales","Red Skull","Bag of Preparation","Toxic Egg 2","Mark of Pain","Nloth\u0027s Gift","Red Mask","Whetstone","Regal Pillow","Orrery"],"acts_visited":["Exordium","TheCity"],"potions_floor_usage":[10,16,33],"damage_taken":[{"damage":0,"enemies":"Jaw Worm","floor":1,"turns":1},{"damage":0,"enemies":"Lagavulin","floor":6,"turns":1},{"damage":0,"enemies":"3 Sentries","floor":7,"turns":1},{"damage":16,"enemies":"Gremlin Nob","floor":10,"turns":3},{"damage":1,"enemies":"Small Slimes","floor":12,"turns":3},{"damage":1,"enemies":"Cultist","floor":14,"turns":3},{"damage":14,"enemies":"The Guardian","floor":16,"turns":9},{"damage":16,"enemies":"Spheric Guardian","floor":18,"turns":4},{"damage":6,"enemies":"Chosen","floor":19,"turns":3},{"damage":24,"enemies":"Centurion and Healer","floor":21,"turns":6},{"damage":7,"enemies":"Masked Bandits","floor":22,"turns":3},{"damage":27,"enemies":"Book of Stabbing","floor":24,"turns":4},{"damage":41,"enemies":"Gremlin Leader","floor":27,"turns":6},{"damage":6,"enemies":"Snake Plant","floor":30,"turns":3},{"damage":6,"enemies":"Sentry and Sphere","floor":31,"turns":5},{"damage":39,"enemies":"Collector","floor":33,"turns":5}],"seed_played":"3614297276190306070","potions_obtained":[{"floor":1,"key":"BlessingOfTheForge"},{"floor":6,"key":"PowerPotion"},{"floor":14,"key":"CultistPotion"},{"floor":16,"key":"Dexterity Potion"},{"floor":18,"key":"Fire Potion"}],"is_trial":false,"path_per_floor":["M","?","?","?","?","E","?","R","T","E","$","M","R","M","R","B",null,"M","M","?","M","?","R","E","R","T","E","$","$","M","M","R","B"],"character_chosen":"IRONCLAD","items_purchased":["Offering+1","Dual Wield+1","Orrery","Power Through+1"],"campfire_rested":1,"item_purchase_floors":[11,11,28,29],"current_hp_per_floor":[74,79,51,51,27,33,39,39,39,33,33,42,42,47,47,39,76,70,70,70,52,55,55,34,62,62,31,31,31,31,35,35,0,0],"gold":96,"neow_bonus":"THREE_ENEMY_KILL","is_daily":false,"chose_seed":false,"campfire_upgraded":4,"win_rate":0.0,"timestamp":1612433848,"path_taken":["M","?","?","?","?","E","?","R","T","E","$","M","R","M","R","BOSS","M","M","?","?","?","R","E","R","T","E","?","$","?","M","R","BOSS"],"items_purchased_type":["Card","Card","Relic","Card"],"build_version":"2020-12-22","purchased_purges":2,"victory":false,"max_hp_per_floor":[75,80,80,80,80,80,80,80,80,84,84,88,88,88,88,88,88,92,92,92,92,96,96,96,96,96,100,100,100,100,104,104,104,104],"card_choices":[{"not_picked":["Dark Embrace","Evolve"],"picked":"Inflame","floor":1},{"not_picked":["Sword Boomerang","Armaments"],"picked":"Feed","floor":6},{"not_picked":["Ghostly Armor","Headbutt"],"picked":"Heavy Blade","floor":7},{"not_picked":["Body Slam","Dark Embrace"],"picked":"Flame Barrier+1","floor":10},{"not_picked":["Perfected Strike","Anger","Clash"],"picked":"SKIP","floor":12},{"not_picked":["Heavy Blade","Carnage"],"picked":"Disarm+1","floor":14},{"not_picked":["Bludgeon","Demon Form"],"picked":"Impervious+1","floor":16},{"not_picked":["Headbutt","Fire Breathing"],"picked":"Body Slam+1","floor":18},{"not_picked":["Headbutt","Clash"],"picked":"Spot Weakness+1","floor":19},{"not_picked":["Reckless Charge","Anger","Rupture"],"picked":"SKIP","floor":21},{"not_picked":["Disarm+1","Clash"],"picked":"Corruption","floor":22},{"not_picked":["Combust+1","Pommel Strike"],"picked":"Shrug It Off+1","floor":24},{"not_picked":["Hemokinesis","Headbutt"],"picked":"Evolve","floor":27},{"not_picked":["Thunderclap","Berserk"],"picked":"Seeing Red+1","floor":28},{"not_picked":["Wild Strike","Rampage"],"picked":"Pummel","floor":28},{"not_picked":["Armaments+1","Headbutt"],"picked":"Sword Boomerang","floor":28},{"not_picked":["Entrench+1","Pommel Strike"],"picked":"Second Wind+1","floor":30},{"not_picked":["Havoc+1","Hemokinesis"],"picked":"Entrench+1","floor":31}],"player_experience":470138,"relics_obtained":[{"floor":6,"key":"Bronze Scales"},{"floor":7,"key":"Red Skull"},{"floor":9,"key":"Bag of Preparation"},{"floor":10,"key":"Toxic Egg 2"},{"floor":22,"key":"Red Mask"},{"floor":24,"key":"Whetstone"},{"floor":27,"key":"Regal Pillow"}],"event_choices":[{"damage_healed":0,"gold_gain":0,"player_choice":"Donut","damage_taken":0,"max_hp_gain":5,"max_hp_loss":0,"event_name":"Big Fish","floor":2,"gold_loss":0},{"damage_healed":0,"gold_gain":0,"player_choice":"Take Damage","damage_taken":28,"relics_obtained":["Golden Idol"],"max_hp_gain":0,"max_hp_loss":0,"event_name":"Golden Idol","floor":3,"gold_loss":0},{"damage_healed":0,"gold_gain":150,"player_choice":"AGREE","damage_taken":0,"max_hp_gain":0,"max_hp_loss":0,"event_name":"Liars Game","floor":4,"gold_loss":0,"cards_obtained":["Doubt"]},{"damage_healed":0,"gold_gain":0,"player_choice":"Entered Light","damage_taken":24,"max_hp_gain":0,"max_hp_loss":0,"event_name":"Shining Light","floor":5,"gold_loss":0,"cards_upgraded":["Inflame","Strike_R"]},{"damage_healed":0,"gold_gain":0,"player_choice":"Searched \u00271\u0027 times","damage_taken":0,"max_hp_gain":0,"max_hp_loss":0,"event_name":"Dead Adventurer","floor":7,"gold_loss":0},{"damage_healed":0,"gold_gain":0,"player_choice":"Traded Relic","damage_taken":0,"relics_obtained":["Nloth\u0027s Gift"],"max_hp_gain":0,"max_hp_loss":0,"event_name":"N\u0027loth","floor":20,"relics_lost":["NeowsBlessing"],"gold_loss":0},{"damage_healed":0,"gold_gain":0,"player_choice":"Fought Bandits","damage_taken":0,"max_hp_gain":0,"max_hp_loss":0,"event_name":"Masked Bandits","floor":22,"gold_loss":0}],"is_beta":false,"boss_relics":[{"not_picked":["Tiny House","Ectoplasm"],"picked":"Mark of Pain"}],"items_purged_floors":[11,29],"is_endless":false,"potions_floor_spawned":[1,6,14,16,18,19,22,31],"killed_by":"Collector","ascension_level":16}}