{"host":"33ltvdtrpyofvchf","time":1612451634,"event":{"mods":["AchievementEnabler","Act Like it!","AlwaysNeverKeys","Aspiration","Astrologer","BaseMod","Better Skull","ChefMod","Conspire","Friendly Minions","Hermit","Hubris","Infinite Spire","Jedi Mod","Marisa????????","Minty Spire (QoL Compilation)","Pale of the Ancients","Permanent Neow","Small Relic Pack","StSLib","The Bladedancer","The Death Knight","The Dragon Tamer","The Forsaken","The Marked","Trackpad","Yuri Mod","slay the spire mod where everything is the same but ironclad has a cowboy hat"],"gold_per_floor":[217,227,227,246,246,276,122,132,158,158,171,171,181,207,207,309,309,320,245,262,275,288,288,323,339,411,428,428,462,474,474,474,570,570,582,592,42,93,141,169,169,169,169,199,47,60,80,94,94,94,105,122,122,422,422,440,440,440,440,440],"floor_reached":61,"language":"ENG","playtime":4516,"items_purged":[],"score":1716,"play_id":"65f31438-9f17-4e96-926a-e1534b36df5a","local_time":"20210204161354","is_ascension_mode":true,"campfire_choices":[{"data":"theMarked:OneWithTheBlade","floor":10.0,"key":"SMITH"},{"floor":15.0,"key":"REST"},{"data":"theMarked:SoldierOfQuellstein","floor":23,"key":"SMITH"},{"floor":28,"key":"REST"},{"floor":32,"key":"REST"},{"data":"theMarked:OneWithTheBlade+1","floor":42,"key":"SMITH"},{"data":"theMarked:EmpowerWeapon","floor":49,"key":"SMITH"},{"data":"theMarked:FavorableWinds","floor":55,"key":"SMITH"},{"data":"theMarked:ChannelForce","floor":57,"key":"SMITH"}],"circlet_count":0,"master_deck":["theMarked:Strike","theMarked:Strike","theMarked:Strike","theMarked:Defend","theMarked:Defend","theMarked:Defend","theMarked:Defend","theMarked:SoldierOfQuellstein+1","theMarked:OneWithTheBlade+2","theMarked:EmpowerWeapon+1","theMarked:EternalStudent","theMarked:Polarize","theMarked:FavorableWinds+1","theMarked:SwordAndMagic+1","theMarked:OneWithTheBlade+2","theMarked:ChannelForce+1","jedi:forcepull"],"relics":["theMarked:ArtifactOfAir","hubris:Icosahedron","MealTicket","Potion Belt","Tiny Chest","Pen Nib","Strawberry","theForsaken:HumbleEgg","theMarked:Gun","Pear","hubris:TerracottaHorce","Empty Cage","Sling","Vajra","conspire:Flyswatter","conspire:InfiniteJournal","Ancient Tea Set","jedi:archwizardhat","infinitespire:Joker Card","trackpad:IceCube","Lee\u0027s Waffle","paleoftheancients:Timepiece","paleoftheancients:KeyRelic","Gremlin Horn","paleoftheancients:SoulOfTheCollector","Lizard Tail","jedi:maincommand","hubris:NiceRug","trackpad:WindUpAutoDealer","aspiration:Lifesprig","aspiration:KaomsHeart"],"acts_visited":["Exordium","TheCity","TheBeyond","paleoftheancients:PaleOfTheAncients"],"potions_floor_usage":[16,20,21,24,25,30,38,38,38,40,40,40,47,51,51,60,60,60,60,60,60,60,60,60,60],"damage_taken":[{"damage":2.0,"enemies":"Small Slimes","floor":1.0,"turns":3.0},{"damage":1.0,"enemies":"Cultist","floor":2.0,"turns":3.0},{"damage":14.0,"enemies":"Jaw Worm","floor":4.0,"turns":4.0},{"damage":25.0,"enemies":"3 Sentries","floor":6.0,"turns":8.0},{"damage":20.0,"enemies":"Blue Slaver","floor":8.0,"turns":4.0},{"damage":0.0,"enemies":"Looter","floor":11.0,"turns":2.0},{"damage":0.0,"enemies":"Large Slime","floor":13.0,"turns":4.0},{"damage":10.0,"enemies":"Gremlin Nob","floor":14.0,"turns":3.0},{"damage":38,"enemies":"Hexaghost","floor":16,"turns":8},{"damage":5,"enemies":"Chosen","floor":18,"turns":3},{"damage":14,"enemies":"conspire:FuzzyDice","floor":20,"turns":6},{"damage":9,"enemies":"Snake Plant","floor":21,"turns":3},{"damage":28,"enemies":"Centurion and Healer","floor":22,"turns":7},{"damage":27,"enemies":"Gremlin Leader","floor":24,"turns":4},{"damage":0,"enemies":"Sentry and Sphere","floor":25,"turns":3},{"damage":0,"enemies":"Snake Plant","floor":27,"turns":1},{"damage":20,"enemies":"Book of Stabbing","floor":29,"turns":3},{"damage":0,"enemies":"Snecko","floor":30,"turns":3},{"damage":38,"enemies":"conspire:MysteriousRune","floor":33,"turns":5},{"damage":6,"enemies":"3 Shapes","floor":35,"turns":3},{"damage":3,"enemies":"3 Darklings","floor":36,"turns":3},{"damage":6,"enemies":"2 Orb Walkers","floor":38,"turns":3},{"damage":37,"enemies":"Reptomancer","floor":40,"turns":4},{"damage":6,"enemies":"Nemesis","floor":44,"turns":3},{"damage":0,"enemies":"Sphere and 2 Shapes","floor":46,"turns":2},{"damage":13,"enemies":"Transient","floor":47,"turns":5},{"damage":10,"enemies":"3 Darklings","floor":48,"turns":4},{"damage":2,"enemies":"hubris:GrandSnecko","floor":50,"turns":4},{"damage":45,"enemies":"hubris:GrandSnecko","floor":51,"turns":4},{"damage":26,"enemies":"hubris:GrandSnecko","floor":52,"turns":4},{"damage":0,"enemies":"hubris:Merchant","floor":54,"turns":3},{"damage":0,"enemies":"hubris:Merchant","floor":56,"turns":3},{"damage":140,"enemies":"paleoftheancients:N","floor":60,"turns":12}],"seed_played":"2755223130813503232","potions_obtained":[{"floor":6.0,"key":"Strength Potion"},{"floor":13.0,"key":"LiquidMemories"},{"floor":16,"key":"jedi:StrikingPotion"},{"floor":18,"key":"Strength Potion"},{"floor":20,"key":"DistilledChaos"},{"floor":22,"key":"PowerPotion"},{"floor":24,"key":"Block Potion"},{"floor":30,"key":"LiquidBronze"},{"floor":33,"key":"SteroidPotion"},{"floor":36,"key":"EntropicBrew"},{"floor":40,"key":"EntropicBrew"},{"floor":44,"key":"conspire:TimeTravelPotion"},{"floor":46,"key":"Fire Potion"},{"floor":52,"key":"LiquidMemories"},{"floor":54,"key":"PowerPotion"},{"floor":54,"key":"Fire Potion"}],"is_trial":false,"path_per_floor":["M","M","?","M","?","E","$","M","T","R","M","T","M","E","R","B",null,"M","?","M","M","M","R","E","M","T","M","R","E","M","AVR","R","B",null,"M","M","$","?","T","E","?","R","T","E","$","M","M","M","R","B","M","M","?","$","R","M","R","$","?","B",null],"character_chosen":"THE_DEFAULT","items_purchased":["Potion Belt","Sling","Vajra","conspire:Flyswatter","Lee\u0027s Waffle"],"campfire_rested":3,"item_purchase_floors":[7,37,37,37,45],"current_hp_per_floor":[68,67,67,53,53,28,43,23,23,23,23,23,23,20,43,5,77,72,72,58,49,21,21,1,1,1,1,24,14,14,14,40,2,66,60,57,72,66,66,29,29,29,29,23,94,94,81,71,71,88,86,77,47,178,178,186,186,194,194,124],"gold":440,"neow_bonus":"HUNDRED_GOLD","is_daily":false,"chose_seed":false,"campfire_upgraded":6,"win_rate":0.0,"timestamp":1612451634,"path_taken":["M","M","?","?","?","E","$","M","T","R","M","?","M","E","R","BOSS","M","?","M","M","M","R","E","M","T","M","R","E","M","AVR","R","BOSS","M","M","$","?","?","E","?","R","T","E","$","M","?","M","R","BOSS","M","M","?","$","R","M","R","$","?","BOSS"],"items_purchased_type":["Relic","Relic","Relic","Relic","Relic"],"build_version":"2020-12-22","purchased_purges":0,"victory":true,"max_hp_per_floor":[70,70,70,70,70,70,70,70,70,70,70,70,70,77,77,77,77,77,77,77,77,77,77,77,77,77,77,77,87,87,87,87,87,87,87,87,87,87,87,87,87,87,87,87,94,94,94,94,94,94,94,94,94,194,194,194,194,194,194,194],"card_choices":[{"not_picked":["theMarked:Parkour","theMarked:Determination"],"picked":"theMarked:OneWithTheBlade","floor":1.0},{"not_picked":["theMarked:BanishingStrike","theMarked:Memento"],"picked":"theMarked:CreepingChasm","floor":2.0},{"not_picked":["theMarked:ChainLightning","theMarked:ContemptForTheProud","theMarked:Seal"],"picked":"SKIP","floor":4.0},{"not_picked":["theMarked:TakeCover","theMarked:WardOff","theMarked:Improvise"],"picked":"SKIP","floor":6.0},{"not_picked":["theMarked:Panic","theMarked:Parkour","theMarked:Static"],"picked":"SKIP","floor":8.0},{"not_picked":["theMarked:ElectricStrings","theMarked:RepellingDischarge","theMarked:Snap"],"picked":"SKIP","floor":11.0},{"not_picked":["theMarked:Improvise","theMarked:Overthink"],"picked":"theMarked:EmpowerWeapon","floor":13.0},{"not_picked":["theMarked:RogueSparks","theMarked:MuscleMemory","theMarked:ChainLightning"],"picked":"SKIP","floor":14.0},{"not_picked":["theMarked:FavorableWinds","theMarked:ThrowWeapon"],"picked":"theMarked:EternalStudent","floor":16},{"not_picked":["theMarked:RepellingDischarge","theMarked:TwofoldDefense","theMarked:Frustration"],"picked":"SKIP","floor":18},{"not_picked":["theMarked:TakeCover","theMarked:Improvise+1","theMarked:Electrocute"],"picked":"SKIP","floor":20},{"not_picked":["theMarked:ElectricStrings","theMarked:WardOff"],"picked":"theMarked:Polarize","floor":21},{"not_picked":["theMarked:Polarize","theMarked:TwofoldDefense","theMarked:Improvise"],"picked":"SKIP","floor":22},{"not_picked":["theMarked:Heritage","theMarked:ChainLightning+1","theMarked:Defy"],"picked":"SKIP","floor":24},{"not_picked":["theMarked:Frustration+1","theMarked:ChainLightning+1","theMarked:HeightenedSenses+1"],"picked":"SKIP","floor":25},{"not_picked":["theMarked:ParalyzingBlade","theMarked:TwofoldDefense+1","theMarked:HeightenedSenses+1"],"picked":"SKIP","floor":27},{"not_picked":["theMarked:ElectricStrings+1","theMarked:MysticalArsenal","theMarked:Indomitable+1"],"picked":"SKIP","floor":29},{"not_picked":["theMarked:BanishingStrike+1","theMarked:Polarize","theMarked:LightningStrikesTwice"],"picked":"SKIP","floor":30},{"not_picked":["theMarked:Toughness","theMarked:BindingBlade"],"picked":"theMarked:FavorableWinds","floor":33},{"not_picked":["theMarked:RepellingDischarge+1","theMarked:ResourceFulStrike+1","theMarked:HeightenedSenses+1"],"picked":"SKIP","floor":35},{"not_picked":["theMarked:Improvise+1","theMarked:WardOff+1"],"picked":"theMarked:SwordAndMagic+1","floor":36},{"not_picked":["theMarked:ComboAttacks","theMarked:TakeCover+1"],"picked":"theMarked:OneWithTheBlade+1","floor":38},{"not_picked":["theMarked:ThrowWeapon","theMarked:ParalyzingBlade","theMarked:Overthink+1"],"picked":"SKIP","floor":40},{"not_picked":["theMarked:Memento+1","theMarked:MuscleMemory","theMarked:Static+1"],"picked":"SKIP","floor":44},{"not_picked":["theMarked:EmpowerWeapon+1","theMarked:Frustration+1","theMarked:WardOff+1"],"picked":"SKIP","floor":46},{"not_picked":["theMarked:KeepCalmAndFight+1","theMarked:Convert","theMarked:Generate"],"picked":"SKIP","floor":47},{"not_picked":["theMarked:SwordAndMagic+1","theMarked:Convert","theMarked:TwofoldDefense+1"],"picked":"SKIP","floor":48},{"not_picked":["theMarked:GodGivenPower","theMarked:ChainLightning+1"],"picked":"theMarked:ChannelForce","floor":51},{"not_picked":["theMarked:Improvise+1","theMarked:TakeCover+1","theMarked:Maelstrom"],"picked":"SKIP","floor":52},{"not_picked":[],"picked":"jedi:forcepull","floor":54},{"not_picked":["theMarked:Frustration+1"],"picked":"SKIP","floor":54},{"not_picked":["theMarked:BanishingStrike+1"],"picked":"SKIP","floor":54},{"not_picked":["theMarked:Electrify"],"picked":"SKIP","floor":54},{"not_picked":["theMarked:TwofoldDefense+1"],"picked":"SKIP","floor":54},{"not_picked":["theMarked:Determination"],"picked":"SKIP","floor":54},{"not_picked":["jedi:LeechingStrike"],"picked":"SKIP","floor":54},{"not_picked":["theMarked:BanishingStrike+1","theMarked:StartUp","theMarked:EmpowerWeapon+1"],"picked":"SKIP","floor":56}],"player_experience":384408,"relics_obtained":[{"floor":6.0,"key":"MealTicket"},{"floor":9.0,"key":"Tiny Chest"},{"floor":12.0,"key":"Pen Nib"},{"floor":14.0,"key":"Strawberry"},{"floor":24,"key":"theForsaken:HumbleEgg"},{"floor":26,"key":"theMarked:Gun"},{"floor":29,"key":"Pear"},{"floor":38,"key":"conspire:InfiniteJournal"},{"floor":39,"key":"Ancient Tea Set"},{"floor":40,"key":"jedi:archwizardhat"},{"floor":43,"key":"infinitespire:Joker Card"},{"floor":44,"key":"trackpad:IceCube"},{"floor":51,"key":"paleoftheancients:SoulOfTheCollector"},{"floor":52,"key":"paleoftheancients:SoulOfTheShapes"},{"floor":54,"key":"jedi:command_rare"},{"floor":54,"key":"jedi:command_common"},{"floor":54,"key":"jedi:command_shop"}],"event_choices":[{"damage_healed":0.0,"max_hp_gain":0.0,"max_hp_loss":0.0,"gold_gain":0.0,"cards_transformed":["theMarked:Strike"],"event_name":"Transmorgrifier","player_choice":"Transformed","floor":3.0,"gold_loss":0.0,"damage_taken":0.0,"cards_obtained":["theMarked:Determination"]},{"cards_removed":["theMarked:Determination"],"damage_healed":0,"gold_gain":0,"player_choice":"Gave Gold","damage_taken":0,"max_hp_gain":0,"max_hp_loss":0,"event_name":"Beggar","floor":19,"gold_loss":75},{"damage_healed":0,"gold_gain":0,"player_choice":"Fight","damage_taken":0,"max_hp_gain":0,"max_hp_loss":0,"event_name":"Mysterious Sphere","floor":38,"gold_loss":0},{"damage_healed":0,"gold_gain":0,"player_choice":"Upgraded","damage_taken":0,"max_hp_gain":0,"max_hp_loss":0,"event_name":"Upgrade Shrine","floor":41,"gold_loss":0,"cards_upgraded":["theMarked:OneWithTheBlade"]}],"is_beta":false,"boss_relics":[{"not_picked":["Astrolabe","aspiration:RunicSpoon","hubris:RunicObelisk"]},{"not_picked":["hubris:VirtuousBlindfold","hubris:CrackedHourglass"],"picked":"Empty Cage"}],"items_purged_floors":[],"is_endless":false,"potions_floor_spawned":[6,13,16,18,20,22,24,30,33,36,40,44,46,52,56],"ascension_level":5}}