{"host":"5jyeqch4fosnsiz2","time":1612404056,"event":{"mods":["BaseMod","Bestiary","Colored Map","Colored Powertips","Filter the Spire","Minty Spire (QoL Compilation)","Relic Stats","StSLib","Waifu the Spire","ojb\u0027s Better Paths Mod","ojb\u0027s Info Mod"],"gold_per_floor":[118,136,147,162,162,162,162],"floor_reached":6,"language":"ENG","playtime":246,"items_purged":[],"score":38,"play_id":"441bde92-1d4d-468f-979b-0ad76228d3ba","local_time":"20210203210056","is_ascension_mode":false,"campfire_choices":[],"circlet_count":0,"master_deck":["Strike_R","Strike_R","Strike_R","Strike_R","Strike_R","Defend_R","Defend_R","Defend_R","Defend_R","Bash","Brutality","Thunderclap","Armaments","Flame Barrier","Rage"],"relics":["Burning Blood","Smiling Mask"],"acts_visited":["Exordium"],"potions_floor_usage":[6,6],"damage_taken":[{"damage":18,"enemies":"Cultist","floor":1,"turns":4},{"damage":2,"enemies":"2 Louse","floor":2,"turns":3},{"damage":12,"enemies":"Jaw Worm","floor":3,"turns":4},{"damage":29,"enemies":"Lots of Slimes","floor":4,"turns":7},{"damage":42,"enemies":"Gremlin Nob","floor":6,"turns":5}],"seed_played":"5131639832690715444","potions_obtained":[{"floor":2,"key":"Ancient Potion"},{"floor":3,"key":"FearPotion"}],"is_trial":false,"path_per_floor":["M","M","M","M","?","E"],"character_chosen":"IRONCLAD","items_purchased":[],"campfire_rested":0,"item_purchase_floors":[],"current_hp_per_floor":[68,72,66,43,31,0,0],"gold":162,"neow_bonus":"ONE_RANDOM_RARE_CARD","is_daily":false,"chose_seed":false,"campfire_upgraded":0,"win_rate":0.0,"timestamp":1612404056,"path_taken":["M","?","M","M","?","E"],"items_purchased_type":[],"build_version":"2020-12-22","purchased_purges":0,"victory":false,"max_hp_per_floor":[80,80,80,80,80,80,80],"relic_stats":{"counters":[5,23],"Smiling Mask":0,"obtain_stats":[{"Smiling Mask":5,"Burning Blood":0},{"Smiling Mask":4,"Burning Blood":0},{"Smiling Mask":18,"Burning Blood":0}],"Burning Blood":24},"card_choices":[{"not_picked":["Anger","Sentinel"],"picked":"Thunderclap","floor":1},{"not_picked":["Clash","Iron Wave"],"picked":"Armaments","floor":2},{"not_picked":["Second Wind","Evolve"],"picked":"Flame Barrier","floor":3},{"not_picked":["Thunderclap","Warcry"],"picked":"Rage","floor":4}],"player_experience":385651,"relics_obtained":[],"event_choices":[{"damage_healed":0,"gold_gain":0,"player_choice":"Success","damage_taken":12,"relics_obtained":["Smiling Mask"],"max_hp_gain":0,"max_hp_loss":0,"event_name":"Scrap Ooze","floor":5,"gold_loss":0}],"is_beta":false,"boss_relics":[],"items_purged_floors":[],"is_endless":false,"potions_floor_spawned":[2,3],"killed_by":"Gremlin Nob","ascension_level":0}}