{"host":"dscols65uipasqd2","time":1612411609,"event":{"mods":["2.2 Compatiblity","AchievementEnabler","Aspiration","BaseMod","Colored Powertips","Downfall","Energized Spire","GifTheSpireLib","Hermit","Hubris","Infinite Spire","JesterMod","Jorbs\u0027s Wanderer Trilogy","Marisa????????","Minty Spire (QoL Compilation)","Rare Cards Sparkle","Replay The Spire","StSLib","Stuff the Spire","The Cursed","The Disciple","The Hierophant","The Judge","The Jungle","The Runesmith","TheFirefly"],"gold_per_floor":[99,99,99,99,110,137,164,192,202,202,202,212,12,12,25,123,123,23,42,42,52,63,63,63,63,76,76,216,234,245,245,262,262,262,262],"floor_reached":33,"language":"ENG","playtime":1312,"items_purged":[],"score":305,"play_id":"c20ba4d3-9d5d-4fb9-bb57-f2ba51c2d84d","local_time":"20210203230649","is_ascension_mode":true,"campfire_choices":[{"floor":1,"key":"RECALL"},{"floor":13,"key":"REST"},{"data":"bronze:Format","floor":18,"key":"SMITH"},{"floor":23,"key":"REST"},{"data":"bronze:ItsAFeature","floor":25,"key":"SMITH"},{"floor":27,"key":"REST"}],"circlet_count":0,"master_deck":["bronze:Strike","bronze:Strike","bronze:Strike","bronze:Strike","bronze:Defend","bronze:Defend","bronze:Defend","bronze:Defend","bronze:Replicate","bronze:Goto","bronze:Spike","bronze:DazingPulse","bronze:Optimize","bronze:WhirlingStrike","bronze:Backtrace","bronze:CutThrough","bronze:FunctionCard","bronze:ChildClass","bronze:ForLoop","Replay:Hysterical Blindness","bronze:Separator","bronze:Break","bronze:Format+1","bronze:ChosenStrike","bronze:ClassDefault","bronze:ItsAFeature+1","bronze:Overheat+1","bronze:InfiniteBeams","bronze:Shell","bronze:BuggyMess","bronze:Allocate"],"relics":["bronze:BronzeCore","downfall:HeartsMalice","Replay:Baseball","StuffTheSpire:TintedRock","ReplayTheSpireMod:Ring of Exchange","downfall:HeartBlessingRed","downfall:HeartBlessingBlue","Painkiller Herb","downfall:HeartBlessingGreen","MutagenicStrength","Calipers","Meat on the Bone","infinitespire:Broken Mirror"],"acts_visited":["Exordium","TheCity"],"potions_floor_usage":[6,12,16,16,16,26,32,33,33],"damage_taken":[{"damage":0,"enemies":"Jaw Worm","floor":2,"turns":1},{"damage":0,"enemies":"2 Louse","floor":3,"turns":1},{"damage":0,"enemies":"Small Slimes","floor":4,"turns":1},{"damage":2,"enemies":"Jaw Worm","floor":5,"turns":2},{"damage":7,"enemies":"Gremlin Nob","floor":6,"turns":3},{"damage":46,"enemies":"Lagavulin","floor":8,"turns":8},{"damage":8,"enemies":"Red Slaver","floor":9,"turns":2},{"damage":0,"enemies":"Lots of Slimes","floor":12,"turns":3},{"damage":3,"enemies":"Blue Slaver","floor":15,"turns":3},{"damage":14,"enemies":"SI_SHIV_ARCHETYPE","floor":16,"turns":4},{"damage":12,"enemies":"Chosen","floor":19,"turns":3},{"damage":14,"enemies":"Shell Parasite","floor":21,"turns":2},{"damage":1,"enemies":"Sentry and Sphere","floor":22,"turns":3},{"damage":24,"enemies":"Snake Plant","floor":26,"turns":2},{"damage":40,"enemies":"Slavers","floor":28,"turns":5},{"damage":0,"enemies":"3 Cultists","floor":29,"turns":4},{"damage":8,"enemies":"Snecko","floor":30,"turns":4},{"damage":24,"enemies":"Snake Plant","floor":32,"turns":3},{"damage":66,"enemies":"DF_ARCHETYPE_CLAW","floor":33,"turns":5}],"seed_played":"4933170400197884996","potions_obtained":[{"floor":5,"key":"Cursed Concoction"},{"floor":8,"key":"EssenceOfSteel"},{"floor":9,"key":"hexamod:SoulburnPotion"},{"floor":12,"key":"hexamod:SoulburnPotion"},{"floor":15,"key":"Milkshake"},{"floor":19,"key":"Adrenaline Potion"},{"floor":28,"key":"Reflective Coating"},{"floor":29,"key":"LifebloodPotion"},{"floor":32,"key":"Swift Potion"}],"is_trial":false,"path_per_floor":["R","?","M","M","M","E","T","E","M","?","?","M","R","?","M","B",null,"T","?","?","?","?","T","T","T","?","T","E","?","?","T","?","B"],"character_chosen":"THE_AUTOMATON","items_purchased":[],"campfire_rested":3,"item_purchase_floors":[],"current_hp_per_floor":[70,70,70,70,68,61,61,15,7,4,4,4,38,38,35,21,80,80,68,68,54,53,77,77,77,53,77,37,49,41,41,29,0,0,0],"gold":262,"neow_bonus":"THREE_ENEMY_KILL","is_daily":false,"chose_seed":false,"campfire_upgraded":2,"win_rate":0.0,"timestamp":1612411609,"path_taken":["R","?","M","M","M","E","T","E","M","?","?","M","R","?","M","BOSS","T","?","?","?","?","T","T","T","?","T","E","?","?","?","?","BOSS"],"items_purchased_type":[],"build_version":"2020-12-22","purchased_purges":0,"victory":false,"max_hp_per_floor":[70,70,70,70,70,70,70,70,70,70,70,70,80,80,80,80,80,80,80,80,80,80,80,80,80,80,80,80,80,80,80,80,80,80,80],"card_choices":[{"not_picked":[],"picked":"bronze:Spike","floor":2},{"not_picked":[],"picked":"bronze:DazingPulse","floor":2},{"not_picked":[],"picked":"bronze:Explode","floor":2},{"not_picked":["bronze:Deprecate","bronze:Turbo"],"picked":"bronze:Optimize","floor":2},{"not_picked":["bronze:Philosophize","bronze:Shield"],"picked":"bronze:WhirlingStrike","floor":3},{"not_picked":["bronze:BronzeOrb","bronze:Branch"],"picked":"bronze:Backtrace","floor":4},{"not_picked":["bronze:DarkDash","bronze:Turbo"],"picked":"bronze:CutThrough","floor":5},{"not_picked":["bronze:OilSpill","bronze:Allocate"],"picked":"bronze:Hardcode","floor":6},{"not_picked":["bronze:MaxOutput","bronze:Invalidate"],"picked":"bronze:ChildClass","floor":8},{"not_picked":["bronze:Safeguard","bronze:BronzeOrb"],"picked":"bronze:ForLoop","floor":9},{"not_picked":["bronze:DelayedGuard","bronze:DelayedSlice"],"picked":"bronze:Separator","floor":12},{"not_picked":["bronze:Constructor","bronze:WildBeam"],"picked":"bronze:Break","floor":15},{"not_picked":["bronze:AlphaBuild","bronze:HardenedForm"],"picked":"bronze:Format","floor":16},{"not_picked":["bronze:BronzeOrb","bronze:WhirlingStrike"],"picked":"bronze:ChosenStrike","floor":19},{"not_picked":["bronze:BronzeArmor+1","bronze:BitShift"],"picked":"bronze:ClassDefault","floor":21},{"not_picked":["bronze:Turbo","bronze:OilSpill"],"picked":"bronze:ItsAFeature","floor":22},{"not_picked":["bronze:ForceShield+1","bronze:CutThrough"],"picked":"bronze:Overheat+1","floor":26},{"not_picked":["bronze:Optimize","bronze:Deprecate"],"picked":"bronze:InfiniteBeams","floor":28},{"not_picked":["bronze:TinkerersToolbox","bronze:WildBeam"],"picked":"bronze:Shell","floor":29},{"not_picked":["bronze:WhirlingStrike","bronze:BronzeArmor"],"picked":"bronze:BuggyMess","floor":30},{"not_picked":["bronze:Philosophize","bronze:CutThrough+1"],"picked":"bronze:Allocate","floor":32}],"player_experience":579217,"relics_obtained":[{"floor":6,"key":"Replay:Baseball"},{"floor":8,"key":"StuffTheSpire:TintedRock"},{"floor":11,"key":"ReplayTheSpireMod:Ring of Exchange"},{"floor":24,"key":"Calipers"},{"floor":28,"key":"Meat on the Bone"},{"floor":31,"key":"infinitespire:Broken Mirror"}],"event_choices":[{"damage_healed":0,"gold_gain":0,"player_choice":"Fled","damage_taken":3,"max_hp_gain":0,"max_hp_loss":0,"event_name":"Scrap Ooze","floor":10,"gold_loss":0},{"damage_healed":0,"gold_gain":0,"player_choice":"Inject Mutagens","damage_taken":0,"relics_obtained":["MutagenicStrength"],"max_hp_gain":0,"max_hp_loss":0,"event_name":"Drug Dealer","floor":20,"gold_loss":0}],"is_beta":false,"boss_relics":[{"not_picked":["StuffTheSpire:ModemDavis","Fusion Hammer"],"picked":"Painkiller Herb"}],"items_purged_floors":[],"is_endless":false,"potions_floor_spawned":[5,8,9,12,15,19,28,29,32],"killed_by":"DF_ARCHETYPE_CLAW","ascension_level":2}}