{"host":"zf1gvustpgbojd4t","time":1612455191,"event":{"mods":["Act Like it!","BaseMod","Downfall","Hallownest","Map Debug Mod","Minty Spire (QoL Compilation)","MostiFishMod","Replay The Spire","StSLib"],"gold_per_floor":[99,119,136,69,87,87,87,87],"floor_reached":6,"language":"ZHS","playtime":329,"items_purged":[],"score":36,"play_id":"a586f50d-8782-44a9-b9a0-41f869e110e7","local_time":"20210205001311","is_ascension_mode":false,"campfire_choices":[{"floor":1,"key":"RECALL"}],"circlet_count":0,"master_deck":["Slimebound:Strike_Slimebound","Slimebound:Strike_Slimebound","Slimebound:Strike_Slimebound","Slimebound:Tackle","Slimebound:Defend_Slimebound","Slimebound:Defend_Slimebound","Slimebound:Defend_Slimebound","Slimebound:Defend_Slimebound","Slimebound:Split","Slimebound:CorrosiveSpit","Slimebound:SamplingLick","Slimebound:RejuvenatingLick","Slimebound:LivingWall","Slimebound:LivingWall","Slimebound:LivingWall"],"relics":["Slimebound:AbsorbEndCombat","DaveBox","BirthdayGift-Tetrahedron"],"acts_visited":["Exordium"],"potions_floor_usage":[],"damage_taken":[{"damage":3,"enemies":"Small Slimes","floor":2,"turns":2},{"damage":6,"enemies":"Jaw Worm","floor":3,"turns":2},{"damage":7,"enemies":"downfall:FleeingMerchant","floor":4,"turns":4},{"damage":2,"enemies":"2 Louse","floor":5,"turns":2},{"damage":0,"enemies":"3 Sentries","floor":6,"turns":1}],"seed_played":"7672670495233020449","potions_obtained":[{"floor":2,"key":"Energy Potion"},{"floor":3,"key":"EntropicBrew"},{"floor":5,"key":"Fire Potion"}],"is_trial":false,"path_per_floor":["R","M","M","$","M","E"],"character_chosen":"SLIMEBOUND","items_purchased":["Slimebound:LivingWall"],"campfire_rested":0,"item_purchase_floors":[4],"current_hp_per_floor":[71,68,66,65,65,65,65,65],"gold":87,"neow_bonus":"TEN_PERCENT_HP_BONUS","is_daily":false,"chose_seed":false,"campfire_upgraded":0,"win_rate":0.0,"timestamp":1612455191,"path_taken":["R","M","M","$","M","E"],"items_purchased_type":["Card"],"build_version":"2020-12-22","purchased_purges":0,"victory":false,"max_hp_per_floor":[71,71,71,71,71,71,71,71],"card_choices":[{"not_picked":["Slimebound:Chomp","Slimebound:SlimeBrawl"],"picked":"Slimebound:SamplingLick","floor":2},{"not_picked":["Slimebound:ItLooksTasty","Slimebound:SplitMire"],"picked":"Slimebound:RejuvenatingLick","floor":3},{"not_picked":["Slimebound:GoopTackle","Slimebound:LevelUp"],"picked":"Slimebound:LivingWall","floor":4},{"not_picked":["Slimebound:PressTheAttack","Slimebound:AcidTongue"],"picked":"Slimebound:LivingWall","floor":5}],"player_experience":90594,"relics_obtained":[],"event_choices":[],"is_beta":false,"boss_relics":[],"items_purged_floors":[],"is_endless":false,"potions_floor_spawned":[2,3,5],"killed_by":"3 Sentries","ascension_level":0}}