{"host":"97uhrltlnmtdj0hv","time":1612413741,"event":{"mods":["2.2 Compatiblity","AchievementEnabler","Act Like it!","Aspiration","Bartender","BaseMod","Better Match","Better Note","Better Skull","Better Third Choice","BetterRewards","ChefMod","Colored Map","Colored Powertips","Conspire","Downfall","Elementarium","Energized Spire","Friendly Minions","Gensokyo","GifTheSpireLib","Gold Saver","Halation","Hallownest","Hermit","Hubris","Infinite Spire","Jorbs\u0027s Wanderer Trilogy","Koishi","Luminous","Marisa????????","Minty Spire (QoL Compilation)","Pale of the Ancients","Permanent Neow","Potionbrewer","Quick Restart","Rare Cards Sparkle","Reliquary","Replay The Spire","Reworked Bosses","Robot Space Explorer","Shade Mod","Somnambulant","Spicy Shops","Spikes Relics","StSLib","Stuff the Spire","SuperFastMode","The Blackbeard","The Bug Knight","The Cursed","The Dragon Tamer","The Druid","The Marked","The Necromancer","The Problem Sleuth","The Senshi","The Servant 0.9.4","The Vixen","TheVacant","Trackpad","Treasure Hunter","Wandering Minibosses","everything is the same but u backflip on backflip"],"gold_per_floor":[283,295,312,17,17,31,31,51,51,31,42,49,49,49,49,49,65,95,84,155,55,60,67,144,194,259,266,167,167,167,157,157],"floor_reached":29,"language":"ENG","playtime":1367,"items_purged":[],"score":270,"play_id":"9b74c81d-538f-45ef-9a54-717166d3034f","local_time":"20210203214221","is_ascension_mode":false,"campfire_choices":[{"data":"chefmod:TodaysSpecial","floor":1,"key":"SMITH"},{"floor":9,"key":"REST"},{"floor":13,"key":"REST"},{"floor":19,"key":"REST"}],"circlet_count":0,"master_deck":["chefmod:Strike","chefmod:Strike","chefmod:Strike","chefmod:Strike","chefmod:QuickThaw","chefmod:Defend","chefmod:Defend","chefmod:Defend","chefmod:Defend","chefmod:TodaysSpecial+1","chefmod:IcePick","chefmod:Chop","chefmod:QuickChop","chefmod:Escargot","chefmod:HotSoup","TH:CursedSword+1","TH:TreasureMap","chefmod:SearedScallops","chefmod:PrepCook","chefmod:Sorbet","chefmod:FreshProduce","TH:ArmorSpikes","chefmod:Fillet","TH:CursedSword","chefmod:Gelato","chefmod:IceCreamCone","TH:CopperCoins","chefmod:BaoBuns","chefmod:FarmersMarket","chefmod:IcePick","TH:PixieDust","chefmod:Tenderizer","WitchOfGreed","chefmod:OldCookbook","EnergyFlow"],"relics":["chefmod:TrustyPot","infinitespire:CursedDice","Gremlin Food","Mango","Simple Rune","FossilizedHelix","Gensokyo:PortableGap","hubris:MobiusCoin","hubris:Icosahedron","reliquary:TatteredRug","aspiration:Lifesprig","downfall:HeartBlessingGreen","aspiration:MarisaSkillbook"],"acts_visited":["Exordium","TheCity"],"potions_floor_usage":[8,15,16,17,17,18,25],"damage_taken":[{"damage":6,"enemies":"Gensokyo:2_Kodama","floor":2,"turns":5},{"damage":0,"enemies":"Gensokyo:Gryphon","floor":3,"turns":4},{"damage":0,"enemies":"downfall:FleeingMerchant","floor":4,"turns":5},{"damage":0,"enemies":"Gensokyo:3_Fairies","floor":6,"turns":3},{"damage":20,"enemies":"Gensokyo:Cirno","floor":8,"turns":6},{"damage":0,"enemies":"downfall:FleeingMerchant","floor":10,"turns":4},{"damage":1,"enemies":"Gensokyo:Kitsune","floor":11,"turns":3},{"damage":0,"enemies":"Gensokyo:LivingMonolith","floor":12,"turns":4},{"damage":7,"enemies":"Gensokyo:2_Rabbits","floor":15,"turns":4},{"damage":9,"enemies":"Gensokyo:Aya","floor":16,"turns":3},{"damage":37,"enemies":"Gensokyo:5_Fairies","floor":17,"turns":6},{"damage":28,"enemies":"Gensokyo:Cirno","floor":18,"turns":8},{"damage":11,"enemies":"Gensokyo:3_Kodama","floor":20,"turns":6},{"damage":3,"enemies":"Gensokyo:2_Rabbits","floor":21,"turns":6},{"damage":39,"enemies":"SI_SHIV_ARCHETYPE","floor":22,"turns":9},{"damage":25,"enemies":"Chosen","floor":25,"turns":7},{"damage":0,"enemies":"downfall:FleeingMerchant","floor":26,"turns":4},{"damage":65,"enemies":"Book of Stabbing","floor":29,"turns":6}],"seed_played":"3701375117137312828","potions_obtained":[{"floor":3,"key":"potionbrewer:BarricadePotion"},{"floor":6,"key":"potionbrewer:SplittingPotion"},{"floor":11,"key":"potionbrewer:AcidPotion"},{"floor":12,"key":"BlessingOfTheForge"},{"floor":16,"key":"Energy Potion"},{"floor":17,"key":"potionbrewer:CleansingPotion"},{"floor":22,"key":"SkillPotion"}],"is_trial":false,"path_per_floor":["R","M","M","$","?","M","T","E","R","$","M","M","R","?","T","?","M","E","M","E","R","M","M","B",null,"R_BF","M","$","?","?","E"],"character_chosen":"THE_CHEF","items_purchased":["Gremlin Food","chefmod:Escargot","EnergyFlow"],"campfire_rested":3,"item_purchase_floors":[4,4,26],"current_hp_per_floor":[55,49,49,49,42,42,42,22,49,49,48,48,75,75,75,75,68,59,22,47,70,59,56,17,78,78,53,53,53,53,0,0],"gold":157,"neow_bonus":"ONE_RARE_RELIC","is_daily":false,"chose_seed":false,"campfire_upgraded":1,"win_rate":0.0,"timestamp":1612413741,"path_taken":["R","M","M","$","?","M","T","E","R","$","M","M","R","?","T","?","M","E","?","E","R","M","M","BOSS","R_BF","M","$","?","?","E"],"items_purchased_type":["Relic","Card","Card"],"build_version":"2020-12-22","purchased_purges":0,"victory":false,"max_hp_per_floor":[76,76,76,76,90,90,90,90,90,90,90,90,90,78,78,78,78,78,78,78,78,78,78,78,78,78,78,78,78,78,78,78],"card_choices":[{"not_picked":["chefmod:Gelato","chefmod:Chop"],"picked":"chefmod:IcePick","floor":2},{"not_picked":["chefmod:Defrost","chefmod:Cleavers"],"picked":"chefmod:Chop","floor":3},{"not_picked":["chefmod:SliceAndDice","chefmod:Chop"],"picked":"chefmod:QuickChop","floor":4},{"not_picked":["chefmod:DinoKale","chefmod:FryPan"],"picked":"chefmod:HotSoup","floor":6},{"not_picked":["TH:ElvenBoots"],"picked":"TH:CursedSword","floor":7},{"not_picked":["TH:Mimic"],"picked":"TH:TreasureMap","floor":8},{"not_picked":["chefmod:IcePick","chefmod:LiquidNitrogen"],"picked":"chefmod:SearedScallops","floor":8},{"not_picked":["chefmod:NoSoupForYou","chefmod:SearedScallops"],"picked":"chefmod:PrepCook","floor":10},{"not_picked":["chefmod:Defrost","chefmod:Chop"],"picked":"chefmod:Sorbet","floor":11},{"not_picked":["chefmod:Cleavers","chefmod:FireUp"],"picked":"chefmod:FreshProduce","floor":12},{"not_picked":["TH:ElvenBoots"],"picked":"TH:ArmorSpikes","floor":13},{"not_picked":["chefmod:Defrost","chefmod:MonsterBait"],"picked":"chefmod:Fillet","floor":15},{"not_picked":["TH:ElvenBoots"],"picked":"TH:CursedSword","floor":16},{"not_picked":["chefmod:HotSoup","chefmod:PrepCook"],"picked":"chefmod:Gelato","floor":16},{"not_picked":["chefmod:FireUp","chefmod:Gelato"],"picked":"chefmod:IceCreamCone","floor":17},{"not_picked":["TH:ElvenBoots"],"picked":"TH:CopperCoins","floor":18},{"not_picked":["chefmod:AlooGobi","chefmod:Granita"],"picked":"chefmod:BaoBuns","floor":18},{"not_picked":["chefmod:CleanHouse","chefmod:SpaghettiCarbonara"],"picked":"chefmod:FarmersMarket","floor":20},{"not_picked":["chefmod:FireUp","chefmod:Granita"],"picked":"chefmod:IcePick","floor":21},{"not_picked":["TH:BikiniMail"],"picked":"TH:PixieDust","floor":22},{"not_picked":["chefmod:TastyDistraction","chefmod:PrepCook"],"picked":"chefmod:Tenderizer","floor":22},{"not_picked":["chefmod:BaoBuns","PowerUp+1","chefmod:FreezeSolid+1"],"picked":"WitchOfGreed","floor":25},{"not_picked":["AlicesGift","chefmod:VegetableTart","chefmod:SpaghettiCarbonara+1"],"picked":"chefmod:OldCookbook","floor":26}],"player_experience":445787,"relics_obtained":[{"floor":7,"key":"Simple Rune"},{"floor":8,"key":"FossilizedHelix"},{"floor":13,"key":"hubris:MobiusCoin"},{"floor":16,"key":"reliquary:TatteredRug"},{"floor":18,"key":"aspiration:Lifesprig"}],"event_choices":[],"is_beta":false,"boss_relics":[{"not_picked":["Abe\u0027s Treasure","halation:MonkeysPaw"],"picked":"aspiration:MarisaSkillbook"}],"items_purged_floors":[],"is_endless":false,"potions_floor_spawned":[3,6,11,12,16,17,22],"killed_by":"Book of Stabbing","ascension_level":0}}