{"host":"rolltorest","time":1612420813,"event":{"mods":["BaseMod","Minty Spire (QoL Compilation)","Relic Stats","Slay the Relics Exporter","StSLib"],"gold_per_floor":[112,112,123,273,198,238,238,281,308,337,337,381,381,416,416,496,523,549,190,240,27,36,78,78,93,175,196,196,196,196],"floor_reached":29,"language":"ENG","playtime":691,"items_purged":[],"score":534,"play_id":"24d96e0f-04cc-4354-9918-569488274869","local_time":"20210203224013","is_ascension_mode":true,"campfire_choices":[{"data":"Rip and Tear","floor":7,"key":"SMITH"},{"data":"Defragment","floor":11,"key":"SMITH"},{"floor":13,"key":"REST"},{"floor":15,"key":"REST"},{"data":"Loop","floor":24,"key":"SMITH"}],"circlet_count":0,"master_deck":["AscendersBane","Defend_B","Defend_B","Defend_B","Zap","Dualcast","Compile Driver","Melter","Rip and Tear+1","Defragment+1","Sunder","Ball Lightning","Self Repair","Creative AI","Consume+1","Glacier+1","Melter+1","Barrage","Capacitor","Chill","Loop+1","Multi-Cast","Hologram","Cold Snap"],"relics":["Nuclear Battery","CeramicFish","Toy Ornithopter","Art of War","Tiny Chest","Cables","Astrolabe","Eternal Feather","Membership Card","Pear","Letter Opener","Bottled Tornado"],"acts_visited":["Exordium","TheCity"],"potions_floor_usage":[6,12,14,18,29],"damage_taken":[{"damage":10,"enemies":"2 Louse","floor":1,"turns":3},{"damage":2,"enemies":"Jaw Worm","floor":3,"turns":3},{"damage":15,"enemies":"3 Sentries","floor":6,"turns":6},{"damage":15,"enemies":"Lagavulin","floor":8,"turns":6},{"damage":0,"enemies":"Cultist","floor":10,"turns":3},{"damage":20,"enemies":"3 Sentries","floor":12,"turns":4},{"damage":29,"enemies":"Gremlin Nob","floor":14,"turns":4},{"damage":7,"enemies":"Slime Boss","floor":16,"turns":7},{"damage":16,"enemies":"3 Byrds","floor":18,"turns":6},{"damage":30,"enemies":"Book of Stabbing","floor":23,"turns":7},{"damage":0,"enemies":"Spheric Guardian","floor":25,"turns":2},{"damage":22,"enemies":"Snecko","floor":27,"turns":5},{"damage":54,"enemies":"Gremlin Leader","floor":29,"turns":5}],"seed_played":"-7959328583171387362","potions_obtained":[{"floor":1,"key":"Explosive Potion"},{"floor":6,"key":"Weak Potion"},{"floor":8,"key":"Regen Potion"},{"floor":14,"key":"EssenceOfSteel"},{"floor":25,"key":"GamblersBrew"}],"is_trial":false,"path_per_floor":["M","?","M","?","?","E","R","E","T","M","R","E","R","E","R","B",null,"M","$","?","$","?","E","R","M","T","M","T","E"],"character_chosen":"DEFECT","items_purchased":["Capacitor","Eternal Feather","Membership Card","Chill","Loop"],"campfire_rested":2,"item_purchase_floors":[19,19,21,21,21],"current_hp_per_floor":[54,47,45,45,45,30,30,15,15,15,15,12,33,9,30,30,61,57,57,57,57,57,44,56,56,56,41,41,0,0],"gold":196,"neow_bonus":"BOSS_RELIC","is_daily":false,"chose_seed":false,"campfire_upgraded":3,"win_rate":0.0,"timestamp":1612420813,"path_taken":["M","?","M","?","?","E","R","E","T","M","R","E","R","E","R","BOSS","M","$","?","$","?","E","R","M","T","?","?","E"],"items_purchased_type":["Card","Relic","Relic","Card","Card"],"build_version":"2020-12-18","purchased_purges":0,"victory":false,"max_hp_per_floor":[71,71,71,71,71,71,71,71,71,71,71,71,71,71,71,71,71,71,71,71,71,71,81,81,81,81,81,81,81,81],"relic_stats":{"counters":[13,60],"CeramicFish":144,"Astrolabe":["Consume","Glacier","Melter"],"Tiny Chest":1,"Eternal Feather":12,"Art of War":[5],"Letter Opener":[0],"obtain_stats":[{"Pear":23,"CeramicFish":6,"Astrolabe":17,"Eternal Feather":19,"Letter Opener":26,"Bottled Tornado":28,"Nuclear Battery":0,"Cables":14,"Tiny Chest":12,"Art of War":9,"Membership Card":21,"Cracked Core":0,"Toy Ornithopter":8},{"Pear":10,"CeramicFish":3,"Astrolabe":8,"Eternal Feather":9,"Letter Opener":11,"Bottled Tornado":12,"Nuclear Battery":0,"Cables":7,"Tiny Chest":6,"Art of War":4,"Membership Card":9,"Cracked Core":0,"Toy Ornithopter":4},{"Pear":49,"CeramicFish":12,"Astrolabe":36,"Eternal Feather":42,"Letter Opener":51,"Bottled Tornado":55,"Nuclear Battery":0,"Cables":29,"Tiny Chest":25,"Art of War":18,"Membership Card":42,"Cracked Core":0,"Toy Ornithopter":18}],"Toy Ornithopter":20,"Cables":[33,10,7,0,16]},"card_choices":[{"not_picked":["Chill","White Noise"],"picked":"Compile Driver","floor":1},{"not_picked":["Steam","Coolheaded"],"picked":"Melter","floor":3},{"not_picked":["Genetic Algorithm","Storm"],"picked":"Rip and Tear","floor":6},{"not_picked":["Ball Lightning","Tempest"],"picked":"Defragment","floor":8},{"not_picked":["Turbo","Conserve Battery"],"picked":"Sunder","floor":10},{"not_picked":["Barrage","Tempest"],"picked":"Ball Lightning","floor":12},{"not_picked":["Streamline","Conserve Battery"],"picked":"Self Repair","floor":14},{"not_picked":["Amplify","Machine Learning"],"picked":"Creative AI","floor":16},{"not_picked":["Redo","Self Repair+1"],"picked":"Barrage","floor":18},{"not_picked":["Go for the Eyes","Stack"],"picked":"Hologram","floor":23},{"not_picked":["Lockon","Chill","Redo"],"picked":"SKIP","floor":25},{"not_picked":["Loop","Chaos"],"picked":"Cold Snap","floor":27}],"player_experience":1834696,"relics_obtained":[{"floor":6,"key":"CeramicFish"},{"floor":8,"key":"Toy Ornithopter"},{"floor":9,"key":"Art of War"},{"floor":12,"key":"Tiny Chest"},{"floor":14,"key":"Cables"},{"floor":23,"key":"Pear"},{"floor":26,"key":"Letter Opener"},{"floor":28,"key":"Bottled Tornado"}],"event_choices":[{"cards_removed":["Strike_B"],"damage_healed":0,"gold_gain":0,"player_choice":"Card Removal","damage_taken":7,"max_hp_gain":0,"max_hp_loss":0,"event_name":"Golden Wing","floor":2,"gold_loss":0},{"damage_healed":0,"gold_gain":150,"player_choice":"AGREE","damage_taken":0,"max_hp_gain":0,"max_hp_loss":0,"event_name":"Liars Game","floor":4,"gold_loss":0,"cards_obtained":["Doubt"]},{"cards_removed":["Doubt"],"damage_healed":0,"gold_gain":0,"player_choice":"Card Removal","damage_taken":0,"max_hp_gain":0,"max_hp_loss":0,"event_name":"The Cleric","floor":5,"gold_loss":75},{"damage_healed":0,"gold_gain":50,"player_choice":"Stole From Cult","damage_taken":0,"max_hp_gain":0,"max_hp_loss":0,"event_name":"Nest","floor":20,"gold_loss":0},{"damage_healed":0,"gold_gain":0,"cards_transformed":["Defend_B"],"player_choice":"Transformed","damage_taken":0,"max_hp_gain":0,"max_hp_loss":0,"event_name":"Transmorgrifier","floor":22,"gold_loss":0,"cards_obtained":["Multi-Cast"]}],"is_beta":true,"boss_relics":[{"not_picked":["Pandora\u0027s Box","SacredBark"],"picked":"Astrolabe"}],"items_purged_floors":[],"is_endless":false,"potions_floor_spawned":[1,6,8,14,25],"killed_by":"Gremlin Leader","ascension_level":20}}