{"host":"roto7j7840a50pxh","time":1612449439,"event":{"mods":["Act Like it!","BaseMod","Better Altar","Better Note","Better Sensory Stone","Better Skull","Better Third Choice","BetterRewards","Colored Map","Colored Powertips","Downfall","Elementarium","Hermit","Highlight Path","Hubris","Infinite Spire","Minty Spire (QoL Compilation)","Replay The Spire","Shade Mod","Spicy Shops","StSLib","The Construct","The Hierophant","The Jungle","The Necromancer"],"gold_per_floor":[99,114,128,143,155,155,155,169,169,169,13,42,61,61,61,61],"floor_reached":14,"language":"ENG","playtime":1457,"items_purged":[],"score":106,"play_id":"ef5a1263-9226-4669-a32e-729dd0e286dc","local_time":"20210204093719","is_ascension_mode":true,"campfire_choices":[{"floor":9,"key":"REST"}],"circlet_count":0,"master_deck":["sneckomod:Strike","sneckomod:Strike","sneckomod:Strike","sneckomod:Defend","sneckomod:Defend","sneckomod:Defend","sneckomod:TailWhip","sneckomod:SnekBite","sneckomod:Unknown","sneckomod:Transmogrify","Toxic_Smoke_Screen","sneckomod:RainOfDice","sneckomod:SoulDraw","sneckomod:UnknownCommonSkill","Anger","sneckomod:UnknownCommonSkill","sneckomod:UnknownCommonAttack","sneckomod:UnknownClassWHITE","sneckomod:UnendingSupply","sneckomod:DiceBlock","sneckomod:UnknownVulnerable"],"relics":["sneckomod:SneckoSoul","Happy Flower","hubris:Towel","sneckomod:SneckoCommon","Gremlin Food"],"acts_visited":["Exordium"],"potions_floor_usage":[14,14,14,14,14],"damage_taken":[{"damage":17,"enemies":"Small Slimes","floor":2,"turns":5},{"damage":5,"enemies":"2 Louse","floor":3,"turns":2},{"damage":4,"enemies":"Cultist","floor":4,"turns":4},{"damage":6,"enemies":"2 Fungi Beasts","floor":5,"turns":4},{"damage":7,"enemies":"Gremlin Gang","floor":8,"turns":5},{"damage":5,"enemies":"downfall:FleeingMerchant","floor":11,"turns":4},{"damage":23,"enemies":"Lagavulin","floor":12,"turns":4},{"damage":20,"enemies":"3 Louse","floor":13,"turns":2},{"damage":32,"enemies":"3 Sentries","floor":14,"turns":6}],"seed_played":"5314801094093142802","potions_obtained":[{"floor":2,"key":"Strength Potion"},{"floor":8,"key":"EntropicBrew"},{"floor":12,"key":"LiquidBronze"},{"floor":13,"key":"Flashbang"}],"is_trial":false,"path_per_floor":["R","M","M","M","M","R","T","M","R","?","$","E","M","E"],"character_chosen":"THE_SNECKO","items_purchased":["sneckomod:SneckoCommon","sneckomod:UnendingSupply"],"campfire_rested":1,"item_purchase_floors":[11,11],"current_hp_per_floor":[90,73,68,64,58,58,58,51,78,78,73,50,30,0,0,0],"gold":61,"neow_bonus":"ONE_RANDOM_RARE_CARD","is_daily":false,"chose_seed":false,"campfire_upgraded":0,"win_rate":0.0,"timestamp":1612449439,"path_taken":["R","M","M","M","M","R","T","M","R","?","$","E","M","E"],"items_purchased_type":["Relic","Card"],"build_version":"2020-12-22","purchased_purges":0,"victory":false,"max_hp_per_floor":[90,90,90,90,90,90,90,90,90,90,90,90,90,90,90,90],"card_choices":[{"not_picked":["sneckomod:QuickMove","sneckomod:QuickBite"],"picked":"sneckomod:RainOfDice","floor":2},{"not_picked":["sneckomod:UnknownUncommonPower","sneckomod:CheapStock"],"picked":"sneckomod:SoulDraw","floor":3},{"not_picked":["sneckomod:DiceCrush","sneckomod:MixItUp"],"picked":"sneckomod:UnknownCommonSkill","floor":4},{"not_picked":["sneckomod:UnknownDexterity","sneckomod:QuickMove"],"picked":"sneckomod:UnknownCommonAttack","floor":5},{"not_picked":["sneckomod:SoulRoll","sneckomod:SoulDraw"],"picked":"sneckomod:UnknownCommonSkill","floor":8},{"not_picked":["sneckomod:MixItUp","sneckomod:UnknownStrength"],"picked":"sneckomod:UnknownCommonAttack","floor":11},{"not_picked":["sneckomod:DefensiveFlair","sneckomod:QuickMove"],"picked":"sneckomod:DiceBlock","floor":12},{"not_picked":["sneckomod:Rotation","sneckomod:MixItUp"],"picked":"sneckomod:UnknownVulnerable","floor":13}],"player_experience":1583288,"relics_obtained":[{"floor":7,"key":"Happy Flower"},{"floor":12,"key":"Gremlin Food"},{"floor":13,"key":"Gremlin Food"},{"floor":13,"key":"sneckomod:LoadedDie"}],"event_choices":[],"is_beta":false,"boss_relics":[],"items_purged_floors":[],"is_endless":false,"potions_floor_spawned":[2,8,12,13],"killed_by":"3 Sentries","ascension_level":3}}