{"host":"7tvb1em0d2fx72q7","time":1612418927,"event":{"mods":["BaseMod","Challenge The Spire","Minty Spire (QoL Compilation)","StSLib","everything is the same but u backflip on backflip"],"gold_per_floor":[115,128,128,178,191,226,237,237,237,154,183,201,229,259,259,259,259],"floor_reached":16,"language":"ENG","playtime":894,"items_purged":[],"score":290,"play_id":"00aa1861-40d2-461b-97b9-9c1ccb476c0a","local_time":"20210204010847","is_ascension_mode":true,"campfire_choices":[{"data":"Bash","floor":8,"key":"SMITH"},{"data":"Heavy Blade","floor":15,"key":"SMITH"}],"circlet_count":0,"master_deck":["AscendersBane","Strike_R","Strike_R","Strike_R","Strike_R","Strike_R","Defend_R","Defend_R","Defend_R","Defend_R","Bash+1","Inflame","Flame Barrier","Sword Boomerang","Sword Boomerang","Offering","Heavy Blade+1","Cleave","Whirlwind"],"relics":["Burning Blood","Bottled Flame","Shuriken","Singing Bowl","Omamori","Odd Mushroom","Toy Ornithopter"],"acts_visited":["Exordium"],"potions_floor_usage":[6,12,16,16],"damage_taken":[{"damage":1,"enemies":"2 Louse","floor":1,"turns":4},{"damage":6,"enemies":"Cultist","floor":2,"turns":3},{"damage":9,"enemies":"Small Slimes","floor":5,"turns":5},{"damage":20,"enemies":"Lagavulin","floor":6,"turns":7},{"damage":7,"enemies":"Looter","floor":7,"turns":4},{"damage":23,"enemies":"3 Sentries","floor":11,"turns":10},{"damage":0,"enemies":"Red Slaver","floor":12,"turns":2},{"damage":29,"enemies":"The Mushroom Lair","floor":13,"turns":4},{"damage":6,"enemies":"Gremlin Nob","floor":14,"turns":2},{"damage":47,"enemies":"The Guardian","floor":16,"turns":9}],"seed_played":"4448389383526278170","potions_obtained":[{"floor":1,"key":"Block Potion"},{"floor":11,"key":"SteroidPotion"},{"floor":13,"key":"Weak Potion"},{"floor":14,"key":"Explosive Potion"}],"is_trial":false,"path_per_floor":["M","M","?","?","M","E","M","R","T","?","E","M","?","E","R","B"],"character_chosen":"IRONCLAD","items_purchased":[],"campfire_rested":0,"item_purchase_floors":[],"current_hp_per_floor":[80,80,85,85,82,68,67,67,67,67,50,56,33,33,33,0,0],"gold":259,"neow_bonus":"TEN_PERCENT_HP_BONUS","is_daily":false,"chose_seed":false,"campfire_upgraded":2,"win_rate":0.0,"timestamp":1612418927,"path_taken":["M","M","?","?","?","E","M","R","T","?","E","?","?","E","R","BOSS"],"items_purchased_type":[],"build_version":"2020-12-22","purchased_purges":0,"victory":false,"max_hp_per_floor":[82,82,87,87,87,87,87,87,87,87,87,87,87,87,87,87,87],"card_choices":[{"not_picked":["Dark Embrace","Shrug It Off"],"picked":"Inflame","floor":1},{"not_picked":["Shrug It Off","Iron Wave"],"picked":"Flame Barrier","floor":2},{"not_picked":["Havoc","Heavy Blade"],"picked":"Sword Boomerang","floor":5},{"not_picked":["Havoc","Clash","Body Slam"],"picked":"SKIP","floor":6},{"not_picked":["Twin Strike","Perfected Strike"],"picked":"Sword Boomerang","floor":7},{"not_picked":["Clash","True Grit"],"picked":"Offering","floor":11},{"not_picked":["Clothesline","Metallicize"],"picked":"Heavy Blade","floor":12},{"not_picked":["Dark Embrace","Perfected Strike"],"picked":"Cleave","floor":13},{"not_picked":["Dropkick","Metallicize"],"picked":"Whirlwind","floor":14}],"player_experience":2018839,"relics_obtained":[{"floor":6,"key":"Bottled Flame"},{"floor":9,"key":"Shuriken"},{"floor":11,"key":"Omamori"},{"floor":13,"key":"Odd Mushroom"},{"floor":14,"key":"Toy Ornithopter"}],"event_choices":[{"damage_healed":0,"gold_gain":0,"player_choice":"Donut","damage_taken":0,"max_hp_gain":5,"max_hp_loss":0,"event_name":"Big Fish","floor":3,"gold_loss":0},{"damage_healed":0,"gold_gain":50,"player_choice":"Pray","damage_taken":0,"max_hp_gain":0,"max_hp_loss":0,"event_name":"Golden Shrine","floor":4,"gold_loss":0},{"damage_healed":0,"gold_gain":0,"player_choice":"Paid Gold","damage_taken":0,"relics_obtained":["Singing Bowl"],"max_hp_gain":0,"max_hp_loss":0,"event_name":"WeMeetAgain","floor":10,"gold_loss":83},{"damage_healed":0,"gold_gain":0,"player_choice":"Fought Mushrooms","damage_taken":0,"max_hp_gain":0,"max_hp_loss":0,"event_name":"Mushrooms","floor":13,"gold_loss":0}],"is_beta":false,"boss_relics":[],"items_purged_floors":[],"is_endless":false,"potions_floor_spawned":[1,11,13,14],"killed_by":"The Guardian","ascension_level":20}}