{"host":"6fkscwgr344hcmao","time":1612478405,"event":{"mods":["2.2 Compatiblity","AchievementEnabler","BaseMod","Colored Map","Highlight Path","Minty Spire (QoL Compilation)","Random Character Button","Rare Cards Sparkle"],"gold_per_floor":[110,35,35,35,54,54,88,88,88,127,27,27,42,55,55,180,243,268,268,193,42,56,56,79,79,79,92,106,126,126,144,144,144,144],"floor_reached":33,"language":"POL","playtime":1056,"items_purged":["Strike_R","Strike_R"],"score":282,"play_id":"bdd047cb-3512-47ef-9408-0bf338eee0de","local_time":"20210204234005","is_ascension_mode":false,"campfire_choices":[{"data":"Bash","floor":6.0,"key":"SMITH"},{"data":"Strike_R","floor":8.0,"key":"PURGE"},{"floor":15.0,"key":"REST"},{"floor":23.0,"key":"RECALL"},{"data":"Offering","floor":25.0,"key":"SMITH"},{"floor":30.0,"key":"REST"},{"floor":32.0,"key":"REST"}],"circlet_count":0,"master_deck":["Strike_R+1","Defend_R","Defend_R","Bash+1","Rampage","Offering+1","Headbutt","Dual Wield"],"relics":["Burning Blood","NeowsBlessing","Golden Idol","Peace Pipe","Kunai","Strawberry","Tiny House","Lantern"],"acts_visited":["Exordium","TheCity"],"potions_floor_usage":[33],"damage_taken":[{"damage":0.0,"enemies":"Cultist","floor":1.0,"turns":1.0},{"damage":0.0,"enemies":"Small Slimes","floor":5.0,"turns":1.0},{"damage":0.0,"enemies":"Gremlin Nob","floor":7.0,"turns":1.0},{"damage":30.0,"enemies":"Lagavulin","floor":10.0,"turns":6.0},{"damage":6.0,"enemies":"Jaw Worm","floor":13.0,"turns":3.0},{"damage":8.0,"enemies":"Blue Slaver","floor":14.0,"turns":5.0},{"damage":47.0,"enemies":"Hexaghost","floor":16.0,"turns":5.0},{"damage":24.0,"enemies":"2 Thieves","floor":18.0,"turns":4.0},{"damage":6.0,"enemies":"Spheric Guardian","floor":22.0,"turns":2.0},{"damage":10.0,"enemies":"Cultist and Chosen","floor":24.0,"turns":4.0},{"damage":18.0,"enemies":"Centurion and Healer","floor":27.0,"turns":5.0},{"damage":23.0,"enemies":"Snecko","floor":28.0,"turns":4.0},{"damage":30.0,"enemies":"Snake Plant","floor":29.0,"turns":4.0},{"damage":36.0,"enemies":"Sentry and Sphere","floor":31.0,"turns":6.0},{"damage":75,"enemies":"Automaton","floor":33,"turns":6}],"seed_played":"8989441211937631942","potions_obtained":[{"floor":1.0,"key":"DuplicationPotion"},{"floor":7.0,"key":"ColorlessPotion"},{"floor":10.0,"key":"DistilledChaos"},{"floor":14.0,"key":"DistilledChaos"},{"floor":17.0,"key":"Strength Potion"},{"floor":27.0,"key":"Block Potion"},{"floor":29.0,"key":"PowerPotion"}],"is_trial":false,"path_per_floor":["M","$","?","?","M","R","E","R","T","E","$","?","M","M","R","B",null,"M","?","?","$","M","R","M","R","T","M","M","M","R","M","R","B"],"character_chosen":"IRONCLAD","items_purchased":["Lantern"],"campfire_rested":3,"item_purchase_floors":[21],"current_hp_per_floor":[80,80,85,79,79,79,79,79,79,62,62,55,55,53,78,37,91,73,73,73,73,73,73,69,69,69,57,40,16,43,13,40,0,0],"gold":144,"neow_bonus":"THREE_ENEMY_KILL","is_daily":false,"chose_seed":false,"campfire_upgraded":2,"win_rate":0.0,"timestamp":1612478405,"path_taken":["M","$","?","?","M","R","E","R","T","E","$","?","M","M","R","BOSS","M","?","?","$","M","R","M","R","T","M","M","M","R","M","R","BOSS"],"items_purchased_type":["Relic"],"build_version":"2020-12-22","purchased_purges":2,"victory":false,"max_hp_per_floor":[80,80,85,79,79,79,79,79,79,86,86,86,86,86,86,86,91,91,91,91,91,91,91,91,91,91,91,91,91,91,91,91,91,91],"card_choices":[{"not_picked":["Armaments","Feel No Pain","Clash"],"picked":"SKIP","floor":1.0},{"not_picked":["Body Slam","Blood for Blood","Burning Pact"],"picked":"SKIP","floor":5.0},{"not_picked":["Whirlwind","Sever Soul","Thunderclap"],"picked":"SKIP","floor":7.0},{"not_picked":["Dark Embrace","Body Slam","Iron Wave"],"picked":"SKIP","floor":10.0},{"not_picked":["Pommel Strike","Inflame","Twin Strike"],"picked":"SKIP","floor":13.0},{"not_picked":["Inflame","Feed"],"picked":"Rampage","floor":14.0},{"not_picked":["Berserk","Feed"],"picked":"Offering","floor":16.0},{"not_picked":["Pummel","Combust"],"picked":"Headbutt","floor":17.0},{"not_picked":["Clothesline","Sword Boomerang","Dark Embrace"],"picked":"SKIP","floor":18.0},{"not_picked":["Armaments","Infernal Blade","Iron Wave"],"picked":"SKIP","floor":22.0},{"not_picked":["Twin Strike+1","Pommel Strike+1","Rupture+1"],"picked":"SKIP","floor":24.0},{"not_picked":["Heavy Blade","Sword Boomerang","Flex"],"picked":"SKIP","floor":27.0},{"not_picked":["Ghostly Armor","Armaments+1","Carnage+1"],"picked":"SKIP","floor":28.0},{"not_picked":["Flex+1","Headbutt","Dark Embrace"],"picked":"SKIP","floor":29.0},{"not_picked":["Sever Soul","Uppercut+1","Heavy Blade+1"],"picked":"SKIP","floor":31.0}],"player_experience":240974,"relics_obtained":[{"floor":7.0,"key":"Peace Pipe"},{"floor":9.0,"key":"Kunai"},{"floor":10.0,"key":"Strawberry"}],"event_choices":[{"damage_healed":0.0,"max_hp_gain":5.0,"max_hp_loss":0.0,"gold_gain":0.0,"event_name":"Big Fish","player_choice":"Donut","floor":3.0,"gold_loss":0.0,"damage_taken":0.0},{"damage_healed":0.0,"max_hp_gain":0.0,"max_hp_loss":6.0,"gold_gain":0.0,"event_name":"Golden Idol","player_choice":"Lose Max HP","floor":4.0,"gold_loss":0.0,"damage_taken":0.0,"relics_obtained":["Golden Idol"]},{"cards_removed":["Defend_R"],"damage_healed":0.0,"max_hp_gain":0.0,"max_hp_loss":0.0,"gold_gain":0.0,"event_name":"Golden Wing","player_choice":"Card Removal","floor":12.0,"gold_loss":0.0,"damage_taken":7.0},{"damage_healed":0.0,"max_hp_gain":0.0,"max_hp_loss":0.0,"gold_gain":0.0,"cards_transformed":["Strike_R","Defend_R"],"event_name":"Drug Dealer","player_choice":"Became Test Subject","floor":19.0,"gold_loss":0.0,"damage_taken":0.0,"cards_obtained":["Sword Boomerang","Dual Wield"]},{"cards_removed":["Sword Boomerang"],"damage_healed":0.0,"max_hp_gain":0.0,"max_hp_loss":0.0,"gold_gain":0.0,"event_name":"Beggar","player_choice":"Gave Gold","floor":20.0,"gold_loss":75.0,"damage_taken":0.0}],"is_beta":false,"boss_relics":[{"not_picked":["Busted Crown","Snecko Eye"],"picked":"Tiny House"}],"items_purged_floors":[2,11],"is_endless":false,"potions_floor_spawned":[1,7,10,14,27,29],"killed_by":"Automaton","ascension_level":0}}