{"host":"q9sqrn60n8lvmavn","time":1612414810,"event":{"mods":["AchievementEnabler","AlwaysNeverKeys","BaseMod","Better Third Choice","Better Vampires","Block Reminder","Colored Powertips","Curses Come First","DNKmod","Friendly Minions","Minty Spire (QoL Compilation)","Permanent Neow","Relic Filter Mod","StSLib","Weighted Paths"],"gold_per_floor":[1119,1139,1139,1154,1119,1148,1159,1191,1272,745,773,773,446,446,446,550,550,563,256,271,69,85,119,119,119,119,145,145,160,172,185,185,298,298,314,359,379,394,228,228,128,158,182,200,236,123,123,141,141,141,141,141,40,74,74],"floor_reached":56,"language":"ENG","playtime":2726,"items_purged":["Defend_G","Strike_G","Strike_G","Strike_G","Defend_G","Survivor","Acrobatics"],"score":2243,"play_id":"bce52332-6e75-45c5-954c-fa5524f3f24e","local_time":"20210203210010","is_ascension_mode":true,"campfire_choices":[{"data":"Adrenaline","floor":12,"key":"SMITH"},{"data":"Bouncing Flask","floor":15,"key":"SMITH"},{"data":"Strike_G","floor":24,"key":"PURGE"},{"data":"Strike_G","floor":25,"key":"PURGE"},{"data":"Defend_G","floor":28,"key":"PURGE"},{"data":"Defend_G","floor":32,"key":"PURGE"},{"data":"Adrenaline","floor":40,"key":"SMITH"},{"data":"Adrenaline","floor":47,"key":"SMITH"},{"data":"Blur","floor":49,"key":"SMITH"},{"data":"Footwork","floor":52,"key":"SMITH"}],"circlet_count":0,"master_deck":["Neutralize+1","Blur+1","Bouncing Flask+1","Adrenaline+1","Footwork","Master of Strategy","Adrenaline+1","Catalyst+1","Footwork+1","Crippling Poison+1","Adrenaline+1","Backflip+1","Madness+1","Madness+1","Escape Plan+1"],"relics":["Ring of the Snake","Turnip","WingedGreaves","Calipers","betterThird:SlimedRelic","Pantograph","Strawberry","InkBottle","Peace Pipe","Torii","Membership Card","WristBlade","Art of War","Pear","Mummified Hand","Centennial Puzzle","Tiny Chest","CeramicFish","Coffee Dripper","Girya","TwistedFunnel","Toxic Egg 2","Bag of Marbles","Vajra","ClockworkSouvenir","Mercury Hourglass"],"acts_visited":["Exordium","TheCity","TheBeyond","TheEnding"],"potions_floor_usage":[2,6,7,8,23,30,35,55,55,55],"damage_taken":[{"damage":0,"enemies":"Small Slimes","floor":1,"turns":3},{"damage":0,"enemies":"Jaw Worm","floor":2,"turns":4},{"damage":0,"enemies":"2 Louse","floor":4,"turns":4},{"damage":22,"enemies":"Lagavulin","floor":6,"turns":11},{"damage":17,"enemies":"Lots of Slimes","floor":7,"turns":5},{"damage":29,"enemies":"3 Sentries","floor":8,"turns":10},{"damage":19,"enemies":"Gremlin Nob","floor":11,"turns":4},{"damage":0,"enemies":"The Guardian","floor":16,"turns":7},{"damage":0,"enemies":"Spheric Guardian","floor":18,"turns":2},{"damage":0,"enemies":"3 Byrds","floor":20,"turns":5},{"damage":0,"enemies":"Centurion and Healer","floor":22,"turns":4},{"damage":0,"enemies":"Book of Stabbing","floor":23,"turns":3},{"damage":0,"enemies":"Slavers","floor":27,"turns":5},{"damage":1,"enemies":"Snake Plant","floor":29,"turns":2},{"damage":0,"enemies":"Snecko","floor":30,"turns":1},{"damage":0,"enemies":"Sentry and Sphere","floor":31,"turns":2},{"damage":0,"enemies":"Champ","floor":33,"turns":6},{"damage":0,"enemies":"Orb Walker","floor":35,"turns":1},{"damage":13,"enemies":"2 Orb Walkers","floor":36,"turns":4},{"damage":0,"enemies":"3 Shapes","floor":37,"turns":2},{"damage":0,"enemies":"Sphere and 2 Shapes","floor":38,"turns":3},{"damage":1,"enemies":"Reptomancer","floor":42,"turns":3},{"damage":3,"enemies":"Spire Growth","floor":44,"turns":2},{"damage":0,"enemies":"Giant Head","floor":45,"turns":5},{"damage":0,"enemies":"Awakened One","floor":50,"turns":10},{"damage":0,"enemies":"Shield and Spear","floor":54,"turns":5},{"damage":4,"enemies":"The Heart","floor":55,"turns":3}],"seed_played":"-3077991504051724942","potions_obtained":[{"floor":1,"key":"ColorlessPotion"},{"floor":2,"key":"Fruit Juice"},{"floor":6,"key":"Regen Potion"},{"floor":7,"key":"FearPotion"},{"floor":22,"key":"Block Potion"},{"floor":23,"key":"Poison Potion"},{"floor":29,"key":"Ancient Potion"},{"floor":30,"key":"Weak Potion"},{"floor":35,"key":"Fruit Juice"},{"floor":36,"key":"Regen Potion"}],"is_trial":false,"path_per_floor":["M","M","?","M","?","E","M","E","T","$","E","R","$","?","R","B",null,"M","$","M","$","M","E","R","R","T","E","R","M","M","M","R","B",null,"M","?","M","M","$","R","$","E","T","M","E","$","R","?","R","B",null,"R","$","E","B",null],"character_chosen":"THE_SILENT","items_purchased":["Peace Pipe","Adrenaline","Membership Card","Footwork","Master of Strategy","Footwork","Art of War","Pear","Mummified Hand","TwistedFunnel","ClockworkSouvenir","Poison Potion"],"campfire_rested":0,"item_purchase_floors":[10,10,13,13,13,19,19,19,21,39,53,53],"current_hp_per_floor":[100,105,105,105,94,72,70,48,48,48,29,29,29,29,29,54,98,98,108,108,108,108,108,108,108,108,108,108,107,107,107,107,122,122,127,114,114,114,114,114,114,113,113,110,110,110,110,94,94,119,125,125,125,125,127],"gold":74,"neow_bonus":"HUNDRED_GOLD","is_daily":false,"chose_seed":false,"campfire_upgraded":6,"win_rate":0.0,"timestamp":1612414810,"path_taken":["M","M","?","M","?","E","M","E","T","$","E","R","$","?","R","BOSS","M","$","M","$","M","E","R","R","T","E","R","M","M","?","R","BOSS","M","?","M","M","$","R","$","E","T","M","E","$","R","?","R","BOSS","R","$","E","BOSS"],"items_purchased_type":["Relic","Card","Relic","Card","Card","Card","Relic","Relic","Relic","Relic","Relic","Potion"],"build_version":"2020-12-22","purchased_purges":7,"victory":true,"max_hp_per_floor":[100,105,105,105,105,105,105,112,112,112,112,112,112,112,112,112,112,112,122,122,122,122,122,122,122,122,122,122,122,122,122,122,122,122,127,127,127,127,127,127,127,127,127,127,127,127,127,127,127,127,127,127,127,127,127],"card_choices":[{"not_picked":["Predator","Poisoned Stab"],"picked":"Blur","floor":1},{"not_picked":["Finisher","Deadly Poison","Deflect"],"picked":"SKIP","floor":2},{"not_picked":["Deflect","Riddle With Holes","Prepared"],"picked":"SKIP","floor":4},{"not_picked":["Distraction","Prepared"],"picked":"Bouncing Flask","floor":6},{"not_picked":["Dodge and Roll","Dagger Throw","Slice"],"picked":"SKIP","floor":7},{"not_picked":["Prepared","Caltrops"],"picked":"Acrobatics","floor":8},{"not_picked":["Unload","Bullet Time","Underhanded Strike"],"picked":"SKIP","floor":11},{"not_picked":["Bullet Time","Corpse Explosion"],"picked":"Adrenaline","floor":16},{"not_picked":["Dagger Spray+1","Bane"],"picked":"Catalyst+1","floor":18},{"not_picked":["Infinite Blades","Deflect","Outmaneuver"],"picked":"SKIP","floor":20},{"not_picked":["Dodge and Roll+1","Concentrate","Poisoned Stab"],"picked":"SKIP","floor":22},{"not_picked":["Terror+1","Underhanded Strike"],"picked":"Crippling Poison+1","floor":23},{"not_picked":["All Out Attack","Eviscerate+1","Concentrate"],"picked":"SKIP","floor":27},{"not_picked":["Dagger Throw","Prepared","Deflect"],"picked":"SKIP","floor":29},{"not_picked":["Deadly Poison","Deflect","PiercingWail+1"],"picked":"SKIP","floor":30},{"not_picked":["Night Terror","Dodge and Roll","Dagger Spray"],"picked":"SKIP","floor":31},{"not_picked":["Corpse Explosion","Phantasmal Killer"],"picked":"Adrenaline","floor":33},{"not_picked":["Acrobatics","Finisher+1","Blade Dance+1"],"picked":"SKIP","floor":35},{"not_picked":["PiercingWail+1","Cloak And Dagger+1","Backstab"],"picked":"SKIP","floor":37},{"not_picked":["Sucker Punch+1","Masterful Stab+1","Accuracy+1"],"picked":"SKIP","floor":38},{"not_picked":["Dodge and Roll+1","Dagger Spray+1","Flechettes+1"],"picked":"SKIP","floor":42},{"not_picked":["Finisher+1","Reflex+1","Dagger Spray"],"picked":"SKIP","floor":44},{"not_picked":["Concentrate+1","Reflex+1"],"picked":"Backflip+1","floor":45},{"not_picked":["Infinite Blades+1","Predator+1"],"picked":"Escape Plan+1","floor":54}],"player_experience":216908,"relics_obtained":[{"floor":6,"key":"Pantograph"},{"floor":8,"key":"Strawberry"},{"floor":9,"key":"InkBottle"},{"floor":11,"key":"Torii"},{"floor":23,"key":"Centennial Puzzle"},{"floor":26,"key":"Tiny Chest"},{"floor":27,"key":"CeramicFish"},{"floor":36,"key":"Girya"},{"floor":42,"key":"Toxic Egg 2"},{"floor":43,"key":"Bag of Marbles"},{"floor":45,"key":"Vajra"},{"floor":54,"key":"Mercury Hourglass"}],"event_choices":[{"cards_removed":["Defend_G"],"damage_healed":0,"gold_gain":0,"player_choice":"Forget","damage_taken":0,"max_hp_gain":0,"max_hp_loss":0,"event_name":"Living Wall","floor":3,"gold_loss":0},{"damage_healed":0,"gold_gain":0,"player_choice":"Slimed","damage_taken":11,"max_hp_gain":0,"max_hp_loss":0,"event_name":"betterThird:BetterGoop","floor":5,"gold_loss":35},{"damage_healed":0,"gold_gain":0,"player_choice":"Upgraded","damage_taken":0,"max_hp_gain":0,"max_hp_loss":0,"event_name":"Upgrade Shrine","floor":14,"gold_loss":0,"cards_upgraded":["Neutralize"]},{"damage_healed":0,"gold_gain":0,"player_choice":"Fight","damage_taken":0,"max_hp_gain":0,"max_hp_loss":0,"event_name":"Mysterious Sphere","floor":36,"gold_loss":0},{"damage_healed":0,"gold_gain":0,"player_choice":"Embrace Madness","damage_taken":16,"max_hp_gain":0,"max_hp_loss":0,"event_name":"Winding Halls","floor":48,"gold_loss":0,"cards_obtained":["Madness","Madness"]}],"is_beta":false,"boss_relics":[{"not_picked":["Black Star","Philosopher\u0027s Stone"],"picked":"WristBlade"},{"not_picked":["Velvet Choker","Empty Cage"],"picked":"Coffee Dripper"}],"items_purged_floors":[10,13,19,21,39,41,46],"is_endless":false,"potions_floor_spawned":[1,2,6,7,22,23,29,30,35,36],"ascension_level":9}}