{"host":"8by3m8mve9y2rhh4","time":1612477932,"event":{"mods":["BaseMod","Minty Spire (QoL Compilation)","Quick Restart"],"gold_per_floor":[118,118,135,151,76,107,125,125,125],"floor_reached":8,"language":"ENG","playtime":455,"items_purged":["Strike_G"],"score":61,"play_id":"f2ab7497-d553-484b-92a6-0beca8cd586f","local_time":"20210204223212","is_ascension_mode":true,"campfire_choices":[],"circlet_count":0,"master_deck":["Strike_G","Strike_G","Strike_G","Strike_G","Defend_G","Defend_G","Defend_G","Defend_G","Defend_G","Survivor","Neutralize","Footwork","Footwork","PiercingWail","Blade Dance"],"relics":["Ring of the Snake","FossilizedHelix"],"acts_visited":["Exordium"],"potions_floor_usage":[6],"damage_taken":[{"damage":0,"enemies":"Small Slimes","floor":1,"turns":3},{"damage":6,"enemies":"Cultist","floor":3,"turns":7},{"damage":1,"enemies":"Jaw Worm","floor":4,"turns":5},{"damage":46,"enemies":"Gremlin Nob","floor":6,"turns":7},{"damage":0,"enemies":"Looter","floor":7,"turns":5},{"damage":27,"enemies":"3 Sentries","floor":8,"turns":16}],"seed_played":"-8888702373578401356","potions_obtained":[{"floor":1,"key":"Ancient Potion"},{"floor":4,"key":"Fire Potion"}],"is_trial":false,"path_per_floor":["M","?","M","M","$","E","M","E"],"character_chosen":"THE_SILENT","items_purchased":[],"campfire_rested":0,"item_purchase_floors":[],"current_hp_per_floor":[77,77,71,70,70,24,24,0,0],"gold":125,"neow_bonus":"TEN_PERCENT_HP_BONUS","is_daily":false,"chose_seed":false,"campfire_upgraded":0,"win_rate":0.0,"timestamp":1612477932,"path_taken":["M","?","M","M","?","E","M","E"],"items_purchased_type":[],"build_version":"2020-12-22","purchased_purges":1,"victory":false,"max_hp_per_floor":[77,77,77,77,77,77,77,77,77],"card_choices":[{"not_picked":["Poisoned Stab","PiercingWail"],"picked":"Footwork","floor":1},{"not_picked":["Expertise","Poisoned Stab"],"picked":"Footwork","floor":3},{"not_picked":["Underhanded Strike","Slice"],"picked":"PiercingWail","floor":4},{"not_picked":["Acrobatics","After Image"],"picked":"Blade Dance","floor":6},{"not_picked":["Finisher","Eviscerate","Acrobatics"],"picked":"SKIP","floor":7}],"player_experience":758678,"relics_obtained":[{"floor":6,"key":"FossilizedHelix"}],"event_choices":[{"damage_healed":0,"gold_gain":0,"player_choice":"Ignored","damage_taken":0,"max_hp_gain":0,"max_hp_loss":0,"event_name":"NoteForYourself","floor":2,"gold_loss":0}],"is_beta":false,"boss_relics":[],"items_purged_floors":[5],"is_endless":false,"potions_floor_spawned":[1,4],"killed_by":"3 Sentries","ascension_level":1}}