{"host":"s8eu5oacnz2jj6un","time":1612476602,"event":{"mods":["AchievementEnabler","Act Like it!","Astrologer","BaseMod","Colored Powertips","Downfall","Koishi","Marisa????????","Minty Spire (QoL Compilation)","Remilia??????","Replay The Spire","Shop Mod","StSLib","The Marked","The Servant 0.9.4","Yuyuko"],"gold_per_floor":[112,112,212,387,41,76,96,96,122,138,138,163,173,190,190,263,263,276,314,314,314,24,24,39,70,124,124,124,155,55,55,55,127,127,147,162,162,174,499,534,534,567,649,649,700,700,737,751,751,751,751,751,0,34,34],"floor_reached":56,"language":"ENG","playtime":5750,"items_purged":["Normality","Pain"],"score":2811,"play_id":"047bca28-f8b7-4958-ad0f-89eb4c03db0b","local_time":"20210204231002","is_ascension_mode":true,"campfire_choices":[{"floor":8,"key":"RECALL"},{"data":"BloodyHallows","floor":11,"key":"SMITH"},{"data":"ScarletDream","floor":11,"key":"SMITH"},{"floor":15,"key":"REST"},{"data":"CeilingFear","floor":23,"key":"SMITH"},{"data":"EquivalentExchange","floor":23,"key":"SMITH"},{"floor":28,"key":"REST"},{"data":"TransientEternity","floor":32,"key":"SMITH"},{"data":"NightLord","floor":32,"key":"SMITH"},{"data":"RedMoon","floor":41,"key":"SMITH"},{"data":"EternalNight","floor":41,"key":"SMITH"},{"data":"HellCatastrophe","floor":46,"key":"SMITH"},{"data":"UnderTheZenith","floor":46,"key":"SMITH"},{"data":"UnstableMagic","floor":52,"key":"SMITH"},{"data":"BloodAndWine","floor":52,"key":"SMITH"}],"circlet_count":0,"master_deck":["AscendersBane","Strike_RM+1","Strike_RM+1","Strike_RM+1","Strike_RM+1","Defend_RM+1","Defend_RM+1","Defend_RM+1","Defend_RM+1","RedMoon+1","ScarletShoot","ReplayTheSpireMod:Private Reserves","BloodAndWine+1","downfall:Haunted","downfall:Haunted","BloodyHallows+1","ReplayTheSpireMod:Faulty Equipment","Amnesia","Doubt","ReplayTheSpireMod:Private Reserves","DevilSight","FitfulNightmare","ScarletDream+1","RedRainbow","NightLord+1","VampireSweep","EquivalentExchange+1","CeilingFear+1","ScarletImprint+1","ReplayTheSpireMod:Splinters","ChainGang","LeisurelyOfLord","HellCatastrophe+1","UnderTheZenith+1","TransientEternity+1","ScarletDevil+1","UnstableMagic+1","BloodySeventeenLaser+1","CurseOfTheBell","BloodyTrap","ScarletImprint+1","NightLord+1","EternalNight+1","Ultimatum+1","ChainGang+1","DevilSight","Stigmanizer+1","Ultimatum+1","EndlessAdversity+1","Stigmanizer+1","ForecastOfChange+1","ForecastOfChange+1","RedRainbow+1"],"relics":["ScarletHat","ReplayTheSpireMod:Ring of Challenge","Ring of Searing","Du-Vu Doll","BargainBundle","Strawberry","Bronze Scales","Replay:Arrowhead","Dream Catcher","Black Star","Replay:WaspNest","OrangePellets","Blue Doll","Molten Egg 2","Replay:Rubber Ducky","Akabeko","MealTicket","Bottled Flame","Calling Bell","Blood Vial","Garlic","Replay:PocketPolymizer","Old Coin","Pondfish Scales","ReplayTheSpireMod:Shallot","Replay:Baseball","AntiCross","Snack Pack","Bird Faced Urn","Vajra","Thread and Needle","HandDrill","Torii","Letter Opener"],"acts_visited":["Exordium","TheCity","TheBeyond","TheEnding"],"potions_floor_usage":[7,12,25,29,33,50,50],"damage_taken":[{"damage":0,"enemies":"Jaw Worm","floor":1,"turns":5},{"damage":14,"enemies":"Replay:BlueRogue","floor":6,"turns":1},{"damage":0,"enemies":"2 Louse","floor":7,"turns":1},{"damage":5,"enemies":"Small Slimes","floor":10,"turns":3},{"damage":13,"enemies":"3 Sentries","floor":12,"turns":3},{"damage":0,"enemies":"Exordium Thugs","floor":13,"turns":2},{"damage":0,"enemies":"3 Louse","floor":14,"turns":2},{"damage":31,"enemies":"Slime Boss","floor":16,"turns":4},{"damage":19,"enemies":"Spheric Guardian","floor":18,"turns":3},{"damage":18,"enemies":"Shell Parasite","floor":24,"turns":1},{"damage":28,"enemies":"Gremlin Leader","floor":25,"turns":3},{"damage":0,"enemies":"Book of Stabbing","floor":29,"turns":3},{"damage":13,"enemies":"Pondfish","floor":33,"turns":8},{"damage":0,"enemies":"3 Shapes","floor":35,"turns":1},{"damage":0,"enemies":"Orb Walker","floor":36,"turns":1},{"damage":0,"enemies":"4 Shapes","floor":38,"turns":1},{"damage":15,"enemies":"Mind Bloom Boss Battle","floor":39,"turns":4},{"damage":10,"enemies":"Nemesis","floor":40,"turns":5},{"damage":0,"enemies":"Reptomancer","floor":42,"turns":1},{"damage":0,"enemies":"2 Orb Walkers","floor":45,"turns":1},{"damage":18,"enemies":"Maw","floor":47,"turns":3},{"damage":33,"enemies":"Transient","floor":48,"turns":5},{"damage":0,"enemies":"Transient","floor":49,"turns":1},{"damage":22,"enemies":"Time Eater","floor":50,"turns":3},{"damage":5,"enemies":"Shield and Spear","floor":54,"turns":2},{"damage":31,"enemies":"The Heart","floor":55,"turns":3}],"seed_played":"-8711108970188317611","potions_obtained":[{"floor":10,"key":"Regen Potion"},{"floor":16,"key":"Guardian:BlockOnCardUsePotion"},{"floor":29,"key":"hexamod:SoulburnPotion"},{"floor":33,"key":"Elixir"},{"floor":35,"key":"Reflective Coating"},{"floor":42,"key":"Adrenaline Potion"},{"floor":47,"key":"AttackPotion"}],"is_trial":false,"path_per_floor":["M","?","?","?","$","E","M","R","T","M","R","E","M","M","R","B",null,"M","?","?","?","$","R","M","E","T","?","R","E","$","T","R","B",null,"M","M","?","M","?","E","R","E","T","?","?","R","M","M","R","B",null,"R","$","E","B",null],"character_chosen":"REMILIA","items_purchased":["BargainBundle","Strawberry","AttackPotion","Energy Potion","ReplayTheSpireMod:Private Reserves","DevilSight","FitfulNightmare","LeisurelyOfLord","HellCatastrophe","OrangePellets","Vajra","Thread and Needle","HandDrill","Stigmanizer+1","ForecastOfChange+1"],"campfire_rested":2,"item_purchase_floors":[5,5,5,5,5,5,5,22,22,22,53,53,53,53,53],"current_hp_per_floor":[64,64,69,69,76,62,62,62,62,58,58,52,54,54,78,50,74,58,58,58,58,58,58,43,15,15,15,39,39,54,54,54,45,73,75,77,77,79,67,61,61,63,63,63,65,65,63,81,82,64,78,78,82,77,60],"gold":34,"neow_bonus":"RANDOM_COLORLESS","is_daily":false,"chose_seed":false,"campfire_upgraded":12,"win_rate":0.0,"timestamp":1612476602,"path_taken":["M","?","?","?","$","E","M","R","T","M","R","E","M","M","R","BOSS","M","?","?","?","$","R","M","E","T","?","R","E","?","?","R","BOSS","M","M","?","?","?","E","R","E","T","?","?","R","M","M","R","BOSS","R","$","E","BOSS"],"items_purchased_type":["Relic","Relic","Potion","Potion","Card","Card","Card","Card","Card","Relic","Relic","Relic","Relic","Card","Card"],"build_version":"2020-12-22","purchased_purges":2,"victory":true,"max_hp_per_floor":[70,70,75,75,82,82,82,82,82,82,82,82,82,82,82,82,82,82,82,82,82,82,82,82,82,82,82,82,82,82,82,82,82,82,82,82,82,82,82,82,82,82,82,82,82,82,82,82,82,82,82,82,82,82,82],"card_choices":[{"not_picked":["Replay:BasicMightCard","Specialist"],"picked":"ReplayTheSpireMod:Private Reserves","floor":0},{"not_picked":["UnderTheZenith","ScarletSymphony"],"picked":"BloodAndWine","floor":1},{"not_picked":["Maim","BloodHunter"],"picked":"ScarletDream","floor":6},{"not_picked":["ScarletImprint","MastersStateliness"],"picked":"RedRainbow","floor":7},{"not_picked":["DevilSight","FavorOfDestiny"],"picked":"NightLord","floor":10},{"not_picked":["UnstableMagic","ForbiddenFruit"],"picked":"TwelveNightmare","floor":12},{"not_picked":["DiffusionOfMisfortune","StarOfDavid"],"picked":"VampireSweep","floor":13},{"not_picked":["RedRainbow","NightDance"],"picked":"EquivalentExchange","floor":14},{"not_picked":["NightDance","StarOfDavid"],"picked":"BlasphemousPunishment","floor":15},{"not_picked":["ChaoticDestiny","BloodyCatastrophe"],"picked":"CeilingFear","floor":16},{"not_picked":["BloodHunter","MastersStateliness"],"picked":"ScarletImprint","floor":18},{"not_picked":["VampireFantasy","RedRainbow"],"picked":"ChainGang","floor":19},{"not_picked":["RedRainbow","NightDance"],"picked":"BlasphemousPunishment","floor":19},{"not_picked":["UnstableMagic","DiffusionOfMisfortune"],"picked":"UnderTheZenith","floor":24},{"not_picked":["FavorOfDestiny","RedNightlessCastle+1"],"picked":"TransientEternity","floor":25},{"not_picked":["GlobalNightmare","UnstableMagic+1"],"picked":"ScarletDevil+1","floor":28},{"not_picked":["BlasphemousPunishment+1","MastersStateliness"],"picked":"UnstableMagic","floor":29},{"not_picked":["QueenOfMidnight","EquivalentExchange"],"picked":"BloodySeventeenLaser+1","floor":33},{"not_picked":["BloodHunter","BombardNight+1"],"picked":"BloodyTrap","floor":35},{"not_picked":["BlasphemousPunishment+1","BloodyTrap"],"picked":"FitfulNightmare","floor":36},{"not_picked":["CharismaGuard+1","Ultimatum+1"],"picked":"ScarletImprint+1","floor":38},{"not_picked":["StarOfDavid+1","BadLadyScramble"],"picked":"NightLord+1","floor":39},{"not_picked":["VampireKiss+1","DiffusionOfMisfortune+1"],"picked":"EternalNight","floor":40},{"not_picked":["BadLadyScramble","NightDance+1","ForbiddenFruit+1"],"picked":"SKIP","floor":42},{"not_picked":["DiffusionOfMisfortune+1","ScarletImprint+1"],"picked":"ChainGang+1","floor":45},{"not_picked":["BloodAndWine","TwelveNightmare"],"picked":"Stigmanizer+1","floor":47},{"not_picked":["StarOfDavid+1","VampireClaw+1"],"picked":"Ultimatum+1","floor":48},{"not_picked":["NightDance+1","RedMagic+1"],"picked":"EndlessAdversity+1","floor":49},{"not_picked":["HellCatastrophe+1","ScarletCoffin+1"],"picked":"RedRainbow+1","floor":54}],"player_experience":779340,"relics_obtained":[{"floor":2,"key":"ReplayTheSpireMod:Ring of Challenge"},{"floor":2,"key":"Ring of Searing"},{"floor":6,"key":"Bronze Scales"},{"floor":10,"key":"Replay:Arrowhead"},{"floor":12,"key":"Dream Catcher"},{"floor":19,"key":"Replay:WaspNest"},{"floor":25,"key":"Blue Doll"},{"floor":25,"key":"Molten Egg 2"},{"floor":26,"key":"Replay:Rubber Ducky"},{"floor":29,"key":"Akabeko"},{"floor":29,"key":"MealTicket"},{"floor":31,"key":"Bottled Flame"},{"floor":34,"key":"Blood Vial"},{"floor":34,"key":"Garlic"},{"floor":34,"key":"Replay:PocketPolymizer"},{"floor":39,"key":"Old Coin"},{"floor":40,"key":"Pondfish Scales"},{"floor":40,"key":"ReplayTheSpireMod:Shallot"},{"floor":42,"key":"Replay:Baseball"},{"floor":42,"key":"AntiCross"},{"floor":43,"key":"Snack Pack"},{"floor":45,"key":"Bird Faced Urn"},{"floor":54,"key":"Torii"},{"floor":54,"key":"Letter Opener"}],"event_choices":[{"damage_healed":0,"gold_gain":175,"player_choice":"AGREE","damage_taken":0,"max_hp_gain":0,"max_hp_loss":0,"event_name":"Liars Game","floor":4,"gold_loss":0,"cards_obtained":["Doubt"]},{"damage_healed":0,"gold_gain":0,"player_choice":"Ignored","damage_taken":0,"max_hp_gain":0,"max_hp_loss":0,"event_name":"Beggar","floor":20,"gold_loss":0},{"damage_healed":0,"gold_gain":0,"player_choice":"Simplicity","damage_taken":0,"max_hp_gain":0,"max_hp_loss":0,"event_name":"Back to Basics","floor":21,"gold_loss":0,"cards_upgraded":["Strike_RM","Strike_RM","Strike_RM","Strike_RM","Defend_RM","Defend_RM","Defend_RM","Defend_RM"]},{"damage_healed":0,"gold_gain":0,"player_choice":"Ignored","damage_taken":0,"max_hp_gain":0,"max_hp_loss":0,"event_name":"Cursed Tome","floor":27,"gold_loss":0},{"cards_removed":["BlasphemousPunishment"],"damage_healed":0,"gold_gain":0,"player_choice":"Purged","damage_taken":0,"max_hp_gain":0,"max_hp_loss":0,"event_name":"Purifier","floor":37,"gold_loss":0},{"damage_healed":0,"gold_gain":0,"player_choice":"Fight","damage_taken":0,"max_hp_gain":0,"max_hp_loss":0,"event_name":"MindBloom","floor":39,"gold_loss":0},{"cards_removed":["TwelveNightmare"],"damage_healed":0,"gold_gain":0,"player_choice":"Removed Power","damage_taken":0,"max_hp_gain":0,"max_hp_loss":0,"event_name":"Falling","floor":44,"gold_loss":0},{"damage_healed":0,"gold_gain":0,"player_choice":"Fight","damage_taken":0,"max_hp_gain":0,"max_hp_loss":0,"event_name":"Mysterious Sphere","floor":45,"gold_loss":0}],"is_beta":false,"boss_relics":[{"not_picked":["Replay:Bronze Core","Abe\u0027s Treasure"],"picked":"Black Star"},{"not_picked":["ReplayTheSpireMod:DimensionalGlitch","APieceOfRedMist"],"picked":"Calling Bell"}],"items_purged_floors":[5,30],"is_endless":false,"potions_floor_spawned":[6,10,16,18,29,33,35,42,47,48],"ascension_level":14}}