{"host":"l5zfpd2l2htson6l","time":1612481050,"event":{"mods":["AchievementEnabler","BaseMod","Colored Map","Colored Powertips","Minty Spire (QoL Compilation)","Permanent Neow","Quick Restart","Rare Cards Sparkle","Relic Stats","SuperFastMode"],"gold_per_floor":[116,135,135,151,162,195,206,236,311,311,341,374,392,412,412,486,486,506,44,60,60,77,77,77],"floor_reached":23,"language":"ENG","playtime":957,"items_purged":[],"score":430,"play_id":"2c01d1f5-e7e9-4a19-a6fc-6fd1b2fc2808","local_time":"20210204152410","is_ascension_mode":true,"campfire_choices":[{"floor":10.0,"key":"REST"},{"floor":15.0,"key":"REST"}],"circlet_count":0,"master_deck":["AscendersBane","Bash","Demon Form+1","Dropkick+1","Cleave","Battle Trance","Carnage+1","Anger","Metallicize","Power Through","Burning Pact","Sword Boomerang","Twin Strike","Feed","Metallicize","Pommel Strike","Evolve","Berserk","Fiend Fire","Second Wind","Battle Trance","Thunderclap","Rupture","Limit Break","Shrug It Off"],"relics":["Burning Blood","Akabeko","InkBottle","The Courier","Odd Mushroom","Du-Vu Doll","Pandora\u0027s Box","Gambling Chip","Whetstone"],"acts_visited":["Exordium","TheCity"],"potions_floor_usage":[23],"damage_taken":[{"damage":20.0,"enemies":"Small Slimes","floor":1.0,"turns":5.0},{"damage":2.0,"enemies":"Cultist","floor":2.0,"turns":4.0},{"damage":7.0,"enemies":"Jaw Worm","floor":4.0,"turns":3.0},{"damage":12.0,"enemies":"Looter","floor":5.0,"turns":4.0},{"damage":35.0,"enemies":"3 Sentries","floor":6.0,"turns":7.0},{"damage":0.0,"enemies":"Lots of Slimes","floor":7.0,"turns":1.0},{"damage":24.0,"enemies":"Gremlin Nob","floor":8.0,"turns":4.0},{"damage":15.0,"enemies":"The Mushroom Lair","floor":11.0,"turns":4.0},{"damage":6.0,"enemies":"3 Sentries","floor":12.0,"turns":5.0},{"damage":0.0,"enemies":"3 Louse","floor":13.0,"turns":4.0},{"damage":4.0,"enemies":"Large Slime","floor":14.0,"turns":3.0},{"damage":30.0,"enemies":"The Guardian","floor":16.0,"turns":9.0},{"damage":19.0,"enemies":"2 Thieves","floor":18.0,"turns":3.0},{"damage":0.0,"enemies":"Spheric Guardian","floor":20.0,"turns":3.0},{"damage":7.0,"enemies":"3 Cultists","floor":22.0,"turns":3.0},{"damage":48,"enemies":"Slavers","floor":23,"turns":3}],"seed_played":"-274102830821670005","potions_obtained":[{"floor":1.0,"key":"EssenceOfSteel"},{"floor":5.0,"key":"Weak Potion"},{"floor":14.0,"key":"SpeedPotion"},{"floor":16.0,"key":"AttackPotion"},{"floor":22.0,"key":"Fruit Juice"}],"is_trial":false,"path_per_floor":["M","M","?","M","M","E","M","E","T","R","?","E","M","M","R","B",null,"M","$","M","?","M","E"],"character_chosen":"IRONCLAD","items_purchased":["Gambling Chip","Whetstone","Limit Break"],"campfire_rested":2,"item_purchase_floors":[19,19,19],"current_hp_per_floor":[54,58,58,57,51,22,28,10,10,30,21,21,27,29,49,25,57,44,44,50,44,48,0,0],"gold":77,"neow_bonus":"THREE_RARE_CARDS","is_daily":false,"chose_seed":false,"campfire_upgraded":0,"win_rate":0.0,"timestamp":1612481050,"path_taken":["M","M","?","M","?","E","M","E","T","R","?","E","M","M","R","BOSS","M","$","M","?","?","E"],"items_purchased_type":["Relic","Relic","Card"],"build_version":"2020-12-22","purchased_purges":0,"victory":false,"max_hp_per_floor":[68,68,68,68,68,68,68,68,68,68,68,68,68,68,68,68,68,68,68,68,68,73,73,73],"relic_stats":{"counters":[16,65],"Gambling Chip":[8],"Pandora\u0027s Box":["Metallicize","Pommel Strike","Evolve","Berserk","Fiend Fire","Second Wind","Battle Trance","Thunderclap","Rupture"],"Whetstone":["Dropkick","Carnage"],"obtain_stats":[{"Du-Vu Doll":12,"Gambling Chip":19,"Pandora\u0027s Box":17,"The Courier":9,"Whetstone":19,"Odd Mushroom":11,"Burning Blood":0,"Akabeko":6,"InkBottle":8},{"Du-Vu Doll":9,"Gambling Chip":13,"Pandora\u0027s Box":12,"The Courier":7,"Whetstone":13,"Odd Mushroom":8,"Burning Blood":0,"Akabeko":5,"InkBottle":7},{"Du-Vu Doll":37,"Gambling Chip":56,"Pandora\u0027s Box":53,"The Courier":28,"Whetstone":56,"Odd Mushroom":32,"Burning Blood":0,"Akabeko":23,"InkBottle":28}],"Burning Blood":90,"InkBottle":[8]},"card_choices":[{"not_picked":["Juggernaut","Corruption"],"picked":"Demon Form","floor":0.0},{"not_picked":["Armaments","Searing Blow"],"picked":"Dropkick","floor":1.0},{"not_picked":["Pummel","Flex"],"picked":"Cleave","floor":2.0},{"not_picked":["Armaments","True Grit"],"picked":"Battle Trance","floor":4.0},{"not_picked":["Warcry","Spot Weakness"],"picked":"Carnage","floor":5.0},{"not_picked":["Flex","Headbutt"],"picked":"Anger","floor":6.0},{"not_picked":["Hemokinesis","Intimidate"],"picked":"Metallicize","floor":7.0},{"not_picked":["True Grit","Battle Trance","Searing Blow"],"picked":"SKIP","floor":8.0},{"not_picked":["Body Slam","Warcry"],"picked":"Power Through","floor":11.0},{"not_picked":["Heavy Blade","Pommel Strike"],"picked":"Burning Pact","floor":12.0},{"not_picked":["Combust","Rupture"],"picked":"Sword Boomerang","floor":13.0},{"not_picked":["Havoc","Juggernaut"],"picked":"Twin Strike","floor":14.0},{"not_picked":["Fiend Fire","Berserk"],"picked":"Feed","floor":16.0},{"not_picked":["Sever Soul","Body Slam","Armaments"],"picked":"SKIP","floor":18.0},{"not_picked":["Iron Wave","Flex+1","Combust"],"picked":"SKIP","floor":20.0},{"not_picked":["Clothesline","Second Wind"],"picked":"Shrug It Off","floor":22.0}],"player_experience":894679,"relics_obtained":[{"floor":6.0,"key":"Akabeko"},{"floor":8.0,"key":"InkBottle"},{"floor":9.0,"key":"The Courier"},{"floor":11.0,"key":"Odd Mushroom"},{"floor":12.0,"key":"Du-Vu Doll"}],"event_choices":[{"damage_healed":0.0,"max_hp_gain":0.0,"max_hp_loss":0.0,"gold_gain":0.0,"event_name":"Upgrade Shrine","player_choice":"Upgraded","floor":3.0,"gold_loss":0.0,"damage_taken":0.0,"cards_upgraded":["Demon Form"]},{"damage_healed":0.0,"max_hp_gain":0.0,"max_hp_loss":0.0,"gold_gain":0.0,"event_name":"Mushrooms","player_choice":"Fought Mushrooms","floor":11.0,"gold_loss":0.0,"damage_taken":0.0},{"damage_healed":0.0,"max_hp_gain":0.0,"max_hp_loss":0.0,"gold_gain":0.0,"event_name":"Knowing Skull","player_choice":"","floor":21.0,"potions_obtained":[],"gold_loss":0.0,"damage_taken":6.0,"cards_obtained":[]}],"is_beta":false,"boss_relics":[{"not_picked":["Astrolabe","Black Star"],"picked":"Pandora\u0027s Box"}],"items_purged_floors":[],"is_endless":false,"potions_floor_spawned":[1,5,7,14,16,18,22],"killed_by":"Slavers","ascension_level":20}}