{"host":"qfukm2ph4038hnof","time":1612419552,"event":{"mods":["AchievementEnabler","Act Like it!","BaseMod","Colored Powertips","Friendly Minions","GifTheSpireLib","Highlight Path","KinomotoSakuraMod(ƒæ÷Æ±æ”£)","KomeijiMod","Lobotomy","LobotomyExtend","Marisa£®ÏF”Í°°ƒß¿Ì…≥£©","Minty Spire (QoL Compilation)","Onozuka Komachi Mod","Quick Restart","Rare Cards Sparkle","Reimu£®≤©¿ˆ¡È√Œ£©","Relic Stats","Remilia£®¿Ÿ√◊¿Ú—«£©","The Administrix","The Servant 0.9.4","Yakumo Yukari mod","Youmu£®ªÍ∆«—˝√Œ£©","Yuyuko","°æπ¶ƒ‹Mod°øªÏ„Á÷Æª∑–ﬁ∏¥≤π∂°"],"gold_per_floor":[114,132,132,150,167,167,202,202,282,297,297,310,35,68,68,169,169,179,196,196,196,214,214,214],"floor_reached":23,"language":"ZHS","playtime":1557,"items_purged":[],"score":228,"play_id":"ee85690a-4bef-40e8-bbe0-ddf4395f4465","local_time":"20210204141912","is_ascension_mode":false,"campfire_choices":[{"data":"ClowCardTheFirey","floor":6.0,"key":"SMITH"},{"floor":8,"key":"REST"},{"floor":15,"key":"REST"}],"circlet_count":0,"master_deck":["SakuraCardTheFight+","SakuraCardTheDream+","ClowCardTheSword","ClowCardTheShield+1","ClowCardTheShield","ClowCardTheShield","ClowCardTheShield","SpellCardSeal","SpellCardRelease","ClowCardTheFirey+1","ClowCardTheVoice","ClowCardTheDream","ClowCardTheFly","ClowCardTheSleep+1","ClowCardTheLibra","ClowCardTheLock","ClowCardTheLibra","ClowCardTheThunder","ClowCardTheArrow+1","ClowCardTheFight+1","ClowCardTheFirey+1","ClowCardTheThunder","VanishingEverything+1"],"relics":["KSMOD_SealedBook","KSMOD_SealedWand","KSMOD_RollerSkates","LetterFromLob","KSMOD_MoonBell","HoshigumaDish","Mummified Hand","Eternal Feather","War Paint","Astrolabe"],"acts_visited":["Exordium","TheCity"],"potions_floor_usage":[16,16,16],"damage_taken":[{"damage":0.0,"enemies":"Cultist","floor":1.0,"turns":3.0},{"damage":11.0,"enemies":"Jaw Worm","floor":2.0,"turns":2.0},{"damage":8.0,"enemies":"Small Slimes","floor":4.0,"turns":2.0},{"damage":5.0,"enemies":"3 Louse","floor":5.0,"turns":4.0},{"damage":15,"enemies":"3 Sentries","floor":7,"turns":5},{"damage":31,"enemies":"Exordium Thugs","floor":10,"turns":4},{"damage":16,"enemies":"Looter","floor":12,"turns":4},{"damage":0,"enemies":"Lagavulin","floor":14,"turns":5},{"damage":27,"enemies":"Slime Boss","floor":16,"turns":6},{"damage":21,"enemies":"2 Thieves","floor":18,"turns":3},{"damage":10,"enemies":"Chosen","floor":19,"turns":5},{"damage":15,"enemies":"Snecko","floor":22,"turns":3},{"damage":87,"enemies":"Slavers","floor":23,"turns":4}],"seed_played":"8907176537190186538","potions_obtained":[{"floor":1.0,"key":"ZuzhouPotion:ReiMu"},{"floor":2.0,"key":"RedTea"},{"floor":10,"key":"GrandPatriotsElixir:ReiMu"},{"floor":12,"key":"SteroidPotion"},{"floor":22,"key":"DuplicationPotion"}],"is_trial":false,"path_per_floor":["M","M","?","M","M","R","E","R","T","M","?","M","$","E","R","B",null,"M","M","?","?","M","E"],"character_chosen":"KINOMOTOSAKURA","items_purchased":["ClowCardTheLock","Eternal Feather"],"campfire_rested":2,"item_purchase_floors":[13,13],"current_hp_per_floor":[70,59,41,34,30,30,17,38,38,7,22,6,6,6,36,9,70,49,39,62,62,48,0,0],"gold":214,"neow_bonus":"RANDOM_COMMON_RELIC","is_daily":false,"chose_seed":false,"campfire_upgraded":1,"win_rate":0.0,"timestamp":1612419552,"path_taken":["M","M","?","M","M","R","E","R","T","M","?","M","$","E","R","BOSS","M","M","?","?","?","E"],"items_purchased_type":["Card","Relic"],"build_version":"2020-12-22","purchased_purges":0,"victory":false,"max_hp_per_floor":[70,70,70,70,70,70,70,70,70,70,70,70,70,70,70,70,70,70,70,70,70,70,70,70],"relic_stats":{"counters":[13,50],"Mummified Hand":[4],"Astrolabe":["ClowCardTheArrow","ClowCardTheFight","ClowCardTheFirey"],"Eternal Feather":9,"War Paint":["ClowCardTheShield","ClowCardTheSleep"],"obtain_stats":[{"KSMOD_RollerSkates":0,"KSMOD_SealedBook":0,"Mummified Hand":9,"Astrolabe":17,"HoshigumaDish":7,"Eternal Feather":13,"KSMOD_SealedWand":0,"LetterFromLob":1,"War Paint":14,"KSMOD_MoonBell":3},{"KSMOD_RollerSkates":0,"KSMOD_SealedBook":0,"Mummified Hand":5,"Astrolabe":9,"HoshigumaDish":5,"Eternal Feather":7,"KSMOD_SealedWand":0,"LetterFromLob":1,"War Paint":8,"KSMOD_MoonBell":2},{"KSMOD_RollerSkates":0,"KSMOD_SealedBook":0,"Mummified Hand":16,"Astrolabe":35,"HoshigumaDish":16,"Eternal Feather":24,"KSMOD_SealedWand":0,"LetterFromLob":3,"War Paint":29,"KSMOD_MoonBell":5}]},"card_choices":[{"not_picked":["ClowCardTheLittle","ClowCardTheJump"],"picked":"ClowCardTheDream","floor":1.0},{"not_picked":["ClowCardTheIllusion","ClowCardTheDream"],"picked":"ClowCardTheFirey","floor":2.0},{"not_picked":["ClowCardTheSnow","ClowCardTheArrow"],"picked":"ClowCardTheVoice","floor":4.0},{"not_picked":["ClowCardTheRain","ClowCardTheEarthy"],"picked":"ClowCardTheDream","floor":5.0},{"not_picked":["ClowCardTheChange","ClowCardTheIllusion"],"picked":"ClowCardTheFly","floor":7},{"not_picked":["ClowCardTheFloat","ClowCardTheLock"],"picked":"ClowCardTheSleep","floor":10},{"not_picked":["ClowCardTheErase","ClowCardTheFight"],"picked":"ClowCardTheLibra","floor":12},{"not_picked":["ClowCardTheFly","ClowCardTheErase"],"picked":"ClowCardTheLibra","floor":14},{"not_picked":["ClowCardTheTime","ClowCardTheDark"],"picked":"ClowCardTheThunder","floor":16},{"not_picked":["ClowCardTheStorm","ClowCardTheDream","ClowCardTheMirror+1"],"picked":"SKIP","floor":18},{"not_picked":["ClowCardTheArrow","ClowCardTheVoice"],"picked":"ClowCardTheThunder","floor":19},{"not_picked":["ClowCardTheMaze","ClowCardTheChange+1","ClowCardTheIllusion+1"],"picked":"SKIP","floor":22}],"player_experience":6636,"relics_obtained":[{"floor":1.0,"key":"LetterFromLob"},{"floor":7,"key":"HoshigumaDish"},{"floor":9,"key":"Mummified Hand"},{"floor":14,"key":"War Paint"}],"event_choices":[{"damage_healed":0.0,"max_hp_gain":0.0,"max_hp_loss":0.0,"gold_gain":0.0,"event_name":"Scrap Ooze","player_choice":"Success","floor":3.0,"gold_loss":0.0,"damage_taken":18.0,"relics_obtained":["KSMOD_MoonBell"]},{"damage_healed":23,"gold_gain":0,"player_choice":"Heal","damage_taken":0,"max_hp_gain":0,"max_hp_loss":0,"event_name":"The Library","floor":20,"gold_loss":0}],"is_beta":false,"boss_relics":[{"not_picked":["Cursed Key","Busted Crown"],"picked":"Astrolabe"}],"items_purged_floors":[],"is_endless":false,"potions_floor_spawned":[1,2,10,12,22],"killed_by":"Slavers","ascension_level":0}}