{"host":"d2y4rmbezebiv8aj","time":1612438245,"event":{"mods":["AchievementEnabler","BaseMod","Bestiary","BetterRewards","Colored Map","Colored Powertips","Custom Start","Highlight Path","Minty Spire (QoL Compilation)","Quick Restart","Rare Cards Sparkle","Relic Sorter","Relic Stats","Shop Mod","Slay-I","StSLib","SuperFastMode"],"gold_per_floor":[114,125,125,135,148,148,148],"floor_reached":6,"language":"DEU","playtime":178,"items_purged":[],"score":65,"play_id":"c171d90a-576f-497a-9a04-bfcb026d7919","local_time":"20210204123045","is_ascension_mode":true,"campfire_choices":[],"circlet_count":0,"master_deck":["AscendersBane","Strike_G","Strike_G","Strike_G","Strike_G","Strike_G","Defend_G","Defend_G","Defend_G","Defend_G","Defend_G","Survivor","Neutralize","Accuracy+1","Caltrops","Finisher","Blur","Outmaneuver"],"relics":["Ring of the Snake"],"acts_visited":["Exordium"],"potions_floor_usage":[6],"damage_taken":[{"damage":0,"enemies":"Small Slimes","floor":1,"turns":5},{"damage":2,"enemies":"Jaw Worm","floor":2,"turns":5},{"damage":3,"enemies":"Cultist","floor":4,"turns":4},{"damage":13,"enemies":"Exordium Wildlife","floor":5,"turns":4},{"damage":44,"enemies":"3 Sentries","floor":6,"turns":8}],"seed_played":"1687344844810217580","potions_obtained":[{"floor":1,"key":"DuplicationPotion"},{"floor":4,"key":"SmokeBomb"}],"is_trial":false,"path_per_floor":["M","M","?","M","M","E"],"character_chosen":"THE_SILENT","items_purchased":["Accuracy"],"campfire_rested":0,"item_purchase_floors":[0],"current_hp_per_floor":[59,57,57,54,41,0,0],"gold":148,"neow_bonus":"","is_daily":false,"chose_seed":false,"campfire_upgraded":0,"win_rate":0.0,"timestamp":1612438245,"path_taken":["M","M","?","M","M","E"],"items_purchased_type":["Card"],"build_version":"2020-12-22","purchased_purges":0,"victory":false,"max_hp_per_floor":[66,66,66,66,66,66,66],"relic_stats":{"counters":[11,46],"obtain_stats":[{"Blood Vial":8,"Dream Catcher":3,"Regal Pillow":6,"NeowsBlessing":0,"Smiling Mask":9,"Ring of the Snake":0},{"Blood Vial":5,"Dream Catcher":1,"Regal Pillow":3,"NeowsBlessing":0,"Smiling Mask":5,"Ring of the Snake":0},{"Blood Vial":17,"Dream Catcher":1,"Regal Pillow":3,"NeowsBlessing":0,"Smiling Mask":17,"Ring of the Snake":0}],"Ring of the Snake":[22]},"card_choices":[{"not_picked":["Bouncing Flask","Slice"],"picked":"Caltrops","floor":1},{"not_picked":["PiercingWail","Deadly Poison"],"picked":"Finisher","floor":2},{"not_picked":["Riddle With Holes","Acrobatics"],"picked":"Blur","floor":4},{"not_picked":["Tactician","Prepared"],"picked":"Outmaneuver","floor":5}],"player_experience":411662,"relics_obtained":[],"event_choices":[{"damage_healed":0,"gold_gain":0,"player_choice":"Grow","damage_taken":0,"max_hp_gain":0,"max_hp_loss":0,"event_name":"Living Wall","floor":3,"gold_loss":0,"cards_upgraded":["Accuracy"]}],"is_beta":false,"boss_relics":[],"items_purged_floors":[],"is_endless":false,"potions_floor_spawned":[1,4],"killed_by":"3 Sentries","ascension_level":14}}