{"host":"lktusdb9orijgc6z","time":1612476311,"event":{"mods":["BaseMod","Bestiary","Colored Map","Colored Powertips","Minty Spire (QoL Compilation)","Permanent Neow","Quick Restart","Relic Stats","StSLib","everything is the same but u backflip on backflip","slay the spire mod where everything is the same but ironclad has a cowboy hat"],"gold_per_floor":[114,129,13,25,175,204,204,236,236,255,255,255],"floor_reached":11,"language":"ENG","playtime":498,"items_purged":[],"score":166,"play_id":"565b52ea-1b4e-4953-80e4-e985df4cd053","local_time":"20210204230511","is_ascension_mode":true,"campfire_choices":[],"circlet_count":0,"master_deck":["AscendersBane","Strike_G","Strike_G","Strike_G","Strike_G","Strike_G","Defend_G","Defend_G","Defend_G","Defend_G","Defend_G","Survivor","Neutralize","Sucker Punch","Leg Sweep","Crippling Poison","Caltrops","Cloak And Dagger","Doubt","Poisoned Stab","Pain","Dagger Throw","Deadly Poison"],"relics":["SacredBark","Ancient Tea Set","WarpedTongs","Bottled Flame","Regal Pillow"],"acts_visited":["Exordium"],"potions_floor_usage":[6,8,10,11],"damage_taken":[{"damage":14,"enemies":"Cultist","floor":1,"turns":6},{"damage":2,"enemies":"Jaw Worm","floor":2,"turns":6},{"damage":4,"enemies":"Small Slimes","floor":4,"turns":5},{"damage":14,"enemies":"3 Sentries","floor":6,"turns":13},{"damage":15,"enemies":"Gremlin Nob","floor":8,"turns":4},{"damage":7,"enemies":"Exordium Wildlife","floor":10,"turns":4},{"damage":5,"enemies":"Lagavulin","floor":11,"turns":2}],"seed_played":"-876602928060518123","potions_obtained":[{"floor":2,"key":"Dexterity Potion"},{"floor":4,"key":"SkillPotion"},{"floor":6,"key":"Fire Potion"},{"floor":8,"key":"Swift Potion"}],"is_trial":false,"path_per_floor":["M","M","$","M","?","E","?","E","T","M","E"],"character_chosen":"THE_SILENT","items_purchased":["Crippling Poison","Caltrops"],"campfire_rested":0,"item_purchase_floors":[3,3],"current_hp_per_floor":[45,43,43,39,39,25,25,10,10,3,0,0],"gold":255,"neow_bonus":"BOSS_RELIC","is_daily":false,"chose_seed":false,"campfire_upgraded":0,"win_rate":0.0,"timestamp":1612476311,"path_taken":["M","M","?","M","?","E","?","E","T","?","E"],"items_purchased_type":["Card","Card"],"build_version":"2020-12-22","purchased_purges":0,"victory":false,"max_hp_per_floor":[66,66,66,66,66,66,66,66,66,66,66,66],"relic_stats":{"Regal Pillow":0,"counters":[7,40],"obtain_stats":[{"Bottled Flame":8,"Regal Pillow":9,"SacredBark":0,"Ancient Tea Set":6,"Ring of the Snake":0,"WarpedTongs":7},{"Bottled Flame":5,"Regal Pillow":5,"SacredBark":0,"Ancient Tea Set":4,"Ring of the Snake":0,"WarpedTongs":4},{"Bottled Flame":34,"Regal Pillow":34,"SacredBark":0,"Ancient Tea Set":30,"Ring of the Snake":0,"WarpedTongs":30}],"WarpedTongs":[10]},"card_choices":[{"not_picked":["Expertise","Bane"],"picked":"Sucker Punch","floor":1},{"not_picked":["Deflect","Sucker Punch"],"picked":"Leg Sweep","floor":2},{"not_picked":["Backflip","Quick Slash"],"picked":"Cloak And Dagger","floor":4},{"not_picked":["Crippling Poison","Skewer"],"picked":"Poisoned Stab","floor":6},{"not_picked":["Storm of Steel","Finisher"],"picked":"Dagger Throw","floor":8},{"not_picked":["Poisoned Stab","Endless Agony"],"picked":"Deadly Poison","floor":10}],"player_experience":756905,"relics_obtained":[{"floor":6,"key":"Ancient Tea Set"},{"floor":8,"key":"Bottled Flame"},{"floor":9,"key":"Regal Pillow"}],"event_choices":[{"damage_healed":0,"gold_gain":150,"player_choice":"AGREE","damage_taken":0,"max_hp_gain":0,"max_hp_loss":0,"event_name":"Liars Game","floor":5,"gold_loss":0,"cards_obtained":["Doubt"]},{"damage_healed":0,"gold_gain":0,"player_choice":"Rummage","damage_taken":0,"relics_obtained":["WarpedTongs"],"max_hp_gain":0,"max_hp_loss":0,"event_name":"Accursed Blacksmith","floor":7,"gold_loss":0,"cards_obtained":["Pain"]}],"is_beta":false,"boss_relics":[],"items_purged_floors":[],"is_endless":false,"potions_floor_spawned":[2,4,6,8],"killed_by":"Lagavulin","ascension_level":20}}