{"host":"1mv6gj0zv8k9e9tz","time":1612415562,"event":{"mods":["AchievementEnabler","BaseMod","Better Third Choice","Colored Map","DeckTracker","Highlight Path","KOR Keyword Fix","Keyboard Shortcuts","Minty Spire (QoL Compilation)","Permanent Neow","Quick Restart","Rare Cards Sparkle","StSLib","SuperFastMode","everything is the same but u backflip on backflip"],"gold_per_floor":[119,136,147,147,157,157,174,174,174,174,208,228,228,243,243,318,318,337,9,28,28,28,28,60,60,142,155,155,167,182,194,194,194,194],"floor_reached":33,"language":"KOR","playtime":880,"items_purged":["Strike_B"],"score":498,"play_id":"7e0856c2-0f98-433e-a71b-b507d8eeec5d","local_time":"20210204141242","is_ascension_mode":true,"campfire_choices":[{"data":"Dualcast","floor":6.0,"key":"SMITH"},{"data":"White Noise","floor":8.0,"key":"SMITH"},{"data":"Coolheaded","floor":13.0,"key":"SMITH"},{"data":"Double Energy","floor":15.0,"key":"SMITH"},{"data":"Electrodynamics","floor":23.0,"key":"SMITH"},{"floor":25.0,"key":"REST"},{"data":"Coolheaded","floor":28.0,"key":"SMITH"},{"data":"Reboot","floor":32,"key":"SMITH"}],"circlet_count":0,"master_deck":["AscendersBane","Strike_B","Strike_B","Strike_B","Defend_B","Defend_B","Defend_B","Zap+1","Dualcast+1","Cold Snap","Glacier","Ball Lightning","White Noise+1","Reboot+1","Coolheaded+1","Double Energy+1","Electrodynamics+1","Ball Lightning+1","Self Repair","Coolheaded+1","Hologram","Melter"],"relics":["Cracked Core","Calipers","Symbiotic Virus","Odd Mushroom","Nuclear Battery","PreservedInsect","CaptainsWheel","Mummified Hand"],"acts_visited":["Exordium","TheCity"],"potions_floor_usage":[33],"damage_taken":[{"damage":1.0,"enemies":"Cultist","floor":1.0,"turns":3.0},{"damage":10.0,"enemies":"Small Slimes","floor":2.0,"turns":3.0},{"damage":0.0,"enemies":"2 Louse","floor":3.0,"turns":3.0},{"damage":0.0,"enemies":"Large Slime","floor":5.0,"turns":5.0},{"damage":0.0,"enemies":"3 Louse","floor":7.0,"turns":5.0},{"damage":18.0,"enemies":"Gremlin Nob","floor":11.0,"turns":4.0},{"damage":1.0,"enemies":"The Mushroom Lair","floor":12.0,"turns":3.0},{"damage":0.0,"enemies":"Exordium Wildlife","floor":14.0,"turns":3.0},{"damage":29.0,"enemies":"Hexaghost","floor":16.0,"turns":13.0},{"damage":15.0,"enemies":"Shell Parasite","floor":18.0,"turns":6.0},{"damage":0.0,"enemies":"Chosen","floor":20.0,"turns":4.0},{"damage":21.0,"enemies":"Book of Stabbing","floor":24.0,"turns":5.0},{"damage":0.0,"enemies":"Snecko","floor":27.0,"turns":5.0},{"damage":10.0,"enemies":"Centurion and Healer","floor":29.0,"turns":2.0},{"damage":0.0,"enemies":"Sentry and Sphere","floor":30.0,"turns":4.0},{"damage":0,"enemies":"3 Cultists","floor":31,"turns":3},{"damage":69,"enemies":"Champ","floor":33,"turns":16}],"seed_played":"-6301029960846223463","potions_obtained":[{"floor":1.0,"key":"EssenceOfSteel"},{"floor":2.0,"key":"Fruit Juice"},{"floor":7.0,"key":"BlessingOfTheForge"},{"floor":12.0,"key":"Block Potion"},{"floor":14.0,"key":"GamblersBrew"},{"floor":20.0,"key":"FearPotion"},{"floor":24.0,"key":"EssenceOfSteel"},{"floor":31,"key":"LiquidBronze"}],"is_trial":false,"path_per_floor":["M","M","M","?","M","R","M","R","T","?","E","?","R","M","R","B",null,"M","$","M","?","?","R","E","R","T","M","R","M","M","M","R","B"],"character_chosen":"DEFECT","items_purchased":["PreservedInsect","Self Repair"],"campfire_rested":1,"item_purchase_floors":[19,19],"current_hp_per_floor":[63,58,58,58,58,58,58,58,58,51,33,32,32,32,32,3,58,43,43,50,28,28,28,14,38,38,45,45,42,49,56,56,0,0],"gold":194,"neow_bonus":"UPGRADE_CARD","is_daily":false,"chose_seed":false,"campfire_upgraded":7,"win_rate":0.0,"timestamp":1612415562,"path_taken":["M","M","M","?","M","R","M","R","T","?","E","?","R","M","R","BOSS","M","$","M","?","?","R","E","R","T","M","R","?","M","M","R","BOSS"],"items_purchased_type":["Relic","Card"],"build_version":"2020-12-22","purchased_purges":1,"victory":false,"max_hp_per_floor":[71,76,76,76,76,76,76,76,76,76,76,76,76,76,76,76,76,76,76,76,81,81,81,81,81,81,81,81,81,81,81,81,81,81],"card_choices":[{"not_picked":["Hello World","Compile Driver"],"picked":"Cold Snap","floor":1.0},{"not_picked":["Doom and Gloom","Chaos"],"picked":"Glacier","floor":2.0},{"not_picked":["Turbo","Hologram"],"picked":"Ball Lightning","floor":3.0},{"not_picked":["Go for the Eyes","Heatsinks","Aggregate"],"picked":"SKIP","floor":5.0},{"not_picked":["Rebound","Sweeping Beam"],"picked":"White Noise","floor":7.0},{"not_picked":["FTL","Gash"],"picked":"Reboot","floor":11.0},{"not_picked":["Leap","Hologram"],"picked":"Coolheaded","floor":12.0},{"not_picked":["Gash","Heatsinks"],"picked":"Double Energy","floor":14.0},{"not_picked":["Core Surge","Multi-Cast"],"picked":"Electrodynamics","floor":16.0},{"not_picked":["Compile Driver","Go for the Eyes"],"picked":"Ball Lightning+1","floor":18.0},{"not_picked":["Sweeping Beam","Rebound","Gash"],"picked":"SKIP","floor":20.0},{"not_picked":["Rebound","Force Field"],"picked":"Coolheaded","floor":24.0},{"not_picked":["Coolheaded","Doom and Gloom+1"],"picked":"Hologram","floor":27.0},{"not_picked":["Streamline","Sweeping Beam","Darkness"],"picked":"SKIP","floor":29.0},{"not_picked":["Cold Snap","Multi-Cast","Self Repair"],"picked":"SKIP","floor":30.0},{"not_picked":["Skim","Steam"],"picked":"Melter","floor":31}],"player_experience":621834,"relics_obtained":[{"floor":9.0,"key":"Calipers"},{"floor":11.0,"key":"Symbiotic Virus"},{"floor":12.0,"key":"Odd Mushroom"},{"floor":24.0,"key":"CaptainsWheel"},{"floor":26.0,"key":"Mummified Hand"}],"event_choices":[{"damage_healed":0.0,"max_hp_gain":0.0,"max_hp_loss":0.0,"gold_gain":0.0,"event_name":"betterThird:BetterSerpent","player_choice":"Ignored","floor":4.0,"gold_loss":0.0,"damage_taken":147.0},{"cards_removed":["Defend_B"],"damage_healed":0.0,"max_hp_gain":0.0,"max_hp_loss":0.0,"gold_gain":0.0,"event_name":"Golden Wing","player_choice":"Card Removal","floor":10.0,"gold_loss":0.0,"damage_taken":7.0},{"damage_healed":0.0,"max_hp_gain":0.0,"max_hp_loss":0.0,"gold_gain":0.0,"event_name":"Mushrooms","player_choice":"Fought Mushrooms","floor":12.0,"gold_loss":0.0,"damage_taken":0.0},{"damage_healed":0.0,"max_hp_gain":5.0,"max_hp_loss":0.0,"gold_gain":0.0,"event_name":"Forgotten Altar","player_choice":"Shed Blood","floor":21.0,"gold_loss":0.0,"damage_taken":27.0},{"damage_healed":0.0,"max_hp_gain":0.0,"max_hp_loss":0.0,"gold_gain":0.0,"event_name":"Ghosts","player_choice":"Ignored","floor":22.0,"gold_loss":0.0,"damage_taken":0.0}],"is_beta":false,"boss_relics":[{"not_picked":["SacredBark","Tiny House"],"picked":"Nuclear Battery"}],"items_purged_floors":[19],"is_endless":false,"potions_floor_spawned":[1,2,7,12,14,20,24,31],"killed_by":"Champ","ascension_level":17}}