{"host":"ul3z8ex5o8l5j7mh","time":1612466880,"event":{"mods":["AchievementEnabler","BaseMod","Colored Map","Colored Powertips","DeckTracker","Minty Spire (QoL Compilation)","SuperFastMode"],"gold_per_floor":[114,131,91,91,105,105,132,132,155,155,75,91,122,122,122,221,221,239,239,239],"floor_reached":19,"language":"ENG","playtime":594,"items_purged":[],"score":193,"play_id":"75104ae9-aab7-4c38-a3c4-7c61c7b12cab","local_time":"20210204202800","is_ascension_mode":true,"campfire_choices":[{"data":"Fire Breathing","floor":6.0,"key":"SMITH"},{"data":"Double Tap","floor":8.0,"key":"SMITH"},{"floor":15,"key":"REST"}],"circlet_count":0,"master_deck":["Strike_R","Strike_R","Strike_R","Strike_R","Defend_R","Defend_R","Defend_R","Defend_R","Bash","Pommel Strike","Fire Breathing+1","Dropkick","Double Tap+1","Combust+1","Combust","Thunderclap","Berserk","Uppercut"],"relics":["Black Blood","Red Skull","Lizard Tail"],"acts_visited":["Exordium","TheCity"],"potions_floor_usage":[12,13,13,16,18],"damage_taken":[{"damage":8.0,"enemies":"Jaw Worm","floor":1.0,"turns":4.0},{"damage":6.0,"enemies":"Cultist","floor":2.0,"turns":3.0},{"damage":9.0,"enemies":"2 Louse","floor":5.0,"turns":3.0},{"damage":31.0,"enemies":"3 Sentries","floor":7.0,"turns":5.0},{"damage":10,"enemies":"Blue Slaver","floor":12,"turns":3},{"damage":21,"enemies":"Lagavulin","floor":13,"turns":4},{"damage":55,"enemies":"The Guardian","floor":16,"turns":11},{"damage":64,"enemies":"Shell Parasite","floor":18,"turns":6}],"seed_played":"5904938103683707155","potions_obtained":[{"floor":3.0,"key":"LiquidMemories"},{"floor":3.0,"key":"DuplicationPotion"},{"floor":3.0,"key":"ColorlessPotion"},{"floor":12,"key":"Block Potion"},{"floor":13,"key":"Dexterity Potion"},{"floor":16,"key":"SpeedPotion"},{"floor":18,"key":"Swift Potion"}],"is_trial":false,"path_per_floor":["M","M","?","$","M","R","E","R","T","?","$","M","E","?","R","B",null,"M","$"],"character_chosen":"IRONCLAD","items_purchased":["Combust"],"campfire_rested":1,"item_purchase_floors":[11],"current_hp_per_floor":[86,86,86,86,83,83,58,58,58,51,51,47,32,32,58,9,88,36,36,36],"gold":239,"neow_bonus":"TEN_PERCENT_HP_BONUS","is_daily":false,"chose_seed":false,"campfire_upgraded":2,"win_rate":0.0,"timestamp":1612466880,"path_taken":["M","M","?","?","M","R","E","R","T","?","?","?","E","?","R","BOSS","M","$"],"items_purchased_type":["Card"],"build_version":"2020-12-22","purchased_purges":0,"victory":false,"max_hp_per_floor":[88,88,88,88,88,88,88,88,88,88,88,88,88,88,88,88,88,88,88,88],"card_choices":[{"not_picked":["Thunderclap","Battle Trance"],"picked":"Pommel Strike","floor":1.0},{"not_picked":["Reckless Charge","Iron Wave"],"picked":"Fire Breathing","floor":2.0},{"not_picked":["Heavy Blade","Havoc"],"picked":"Dropkick","floor":5.0},{"not_picked":["Body Slam","Bloodletting"],"picked":"Double Tap","floor":7.0},{"not_picked":["Thunderclap","Twin Strike"],"picked":"Combust","floor":12},{"not_picked":["Uppercut","Wild Strike"],"picked":"Thunderclap","floor":13},{"not_picked":["Exhume","Juggernaut"],"picked":"Berserk","floor":16},{"not_picked":["Sword Boomerang","Armaments"],"picked":"Uppercut","floor":18}],"player_experience":312680,"relics_obtained":[{"floor":7.0,"key":"Red Skull"},{"floor":13,"key":"Lizard Tail"}],"event_choices":[{"damage_healed":0.0,"max_hp_gain":0.0,"max_hp_loss":0.0,"gold_gain":0.0,"event_name":"The Woman in Blue","player_choice":"Bought 3 Potions","floor":3.0,"gold_loss":0.0,"damage_taken":0.0},{"cards_removed":["Strike_R"],"damage_healed":0.0,"max_hp_gain":0.0,"max_hp_loss":0.0,"gold_gain":0.0,"event_name":"Golden Wing","player_choice":"Card Removal","floor":10.0,"gold_loss":0.0,"damage_taken":7.0},{"damage_healed":0,"gold_gain":0,"player_choice":"Forge","damage_taken":0,"max_hp_gain":0,"max_hp_loss":0,"event_name":"Accursed Blacksmith","floor":14,"gold_loss":0,"cards_upgraded":["Combust"]}],"is_beta":false,"boss_relics":[{"not_picked":["Mark of Pain","Snecko Eye"],"picked":"Black Blood"}],"items_purged_floors":[],"is_endless":false,"potions_floor_spawned":[12,13,16,18],"ascension_level":2}}