{"host":"xiain65d2hovry7l","time":1612431158,"event":{"mods":["2.2 Compatiblity","Act Like it!","BaseMod","Challenge The Spire","Colored Map","Colored Powertips","Downfall","Friendly Minions","Minty Spire (QoL Compilation)","StSLib"],"gold_per_floor":[495,292,321,367,414,426,32,32,67,101,132,132,132,132,157,188,221,251],"floor_reached":19,"language":"ENG","playtime":1020,"items_purged":["Strike_R","Defend_R"],"score":616,"play_id":"fbffd52a-86da-4aed-a87d-7e652f25adfd","local_time":"20210204103238","daily_mods":["challengethespire:Gold Difficulty","challengethespire:Elite Rush","Uncertain Future"],"is_ascension_mode":true,"campfire_choices":[{"data":"Bash","floor":8,"key":"SMITH"},{"data":"Double Tap","floor":13,"key":"SMITH"},{"data":"Heavy Blade","floor":14,"key":"SMITH"}],"circlet_count":0,"master_deck":["AscendersBane","Strike_R","Strike_R","Strike_R","Strike_R","Defend_R","Defend_R","Defend_R","Bash+1","Blind","Master of Strategy","Wild Strike","Headbutt","True Grit","Battle Trance","Power Through","Ghostly Armor","Double Tap+1","Finesse","Sword Boomerang","Limit Break","Heavy Blade+1","Sword Boomerang","Inflame","Spot Weakness","Anger"],"relics":["Burning Blood","Black Star","Sling","PreservedInsect","Bird Faced Urn","MawBank","Strawberry","Vajra","HornCleat","Paper Frog","Cursed Key","Oddly Smooth Stone","Lizard Tail","Letter Opener","Eternal Feather","Blue Candle","Shuriken","Mercury Hourglass","Runic Cube","Kunai","The Courier","MealTicket","bronze:BronzeIdol","White Beast Statue","StrikeDummy","Happy Flower","Meat on the Bone"],"acts_visited":["Exordium"],"potions_floor_usage":[10,18,18],"damage_taken":[{"damage":9,"enemies":"Gremlin Nob","floor":3,"turns":3},{"damage":13,"enemies":"3 Sentries","floor":4,"turns":7},{"damage":0,"enemies":"Lagavulin","floor":5,"turns":6},{"damage":13,"enemies":"Slavers","floor":9,"turns":6},{"damage":20,"enemies":"Gremlin Leader","floor":10,"turns":6},{"damage":0,"enemies":"Book of Stabbing","floor":11,"turns":3},{"damage":0,"enemies":"Reptomancer","floor":15,"turns":2},{"damage":22,"enemies":"Nemesis","floor":16,"turns":3},{"damage":9,"enemies":"Giant Head","floor":17,"turns":5},{"damage":95,"enemies":"Shield and Spear","floor":18,"turns":5}],"seed_played":"-9211186074088947446","potions_obtained":[{"floor":9,"key":"AttackPotion"},{"floor":15,"key":"ElixirPotion"},{"floor":17,"key":"Swift Potion"},{"floor":18,"key":"Weak Potion"}],"is_trial":true,"path_per_floor":["$","$","E","E","E","T","$","R","E","E","E","T","R","R","E","E","E","E",null],"character_chosen":"IRONCLAD","items_purchased":["Blind","Master of Strategy","Wild Strike","Headbutt","True Grit","Double Tap","Finesse","Oddly Smooth Stone"],"campfire_rested":0,"item_purchase_floors":[1,1,2,2,2,7,7,7],"current_hp_per_floor":[68,68,65,65,71,71,71,71,64,50,56,56,68,80,82,66,65,26],"gold":251,"neow_bonus":"","is_daily":false,"chose_seed":false,"campfire_upgraded":3,"win_rate":0.0,"timestamp":1612431158,"path_taken":["$","$","E","E","E","T","$","R","E","E","E","T","R","R","E","E","E","E"],"items_purchased_type":["Card","Card","Card","Card","Card","Card","Card","Relic"],"build_version":"2020-12-22","purchased_purges":2,"victory":true,"max_hp_per_floor":[75,75,75,82,82,82,82,82,82,82,82,82,82,82,82,82,82,82],"card_choices":[],"player_experience":691250,"relics_obtained":[{"floor":3,"key":"Bird Faced Urn"},{"floor":3,"key":"MawBank"},{"floor":4,"key":"Strawberry"},{"floor":4,"key":"Vajra"},{"floor":5,"key":"HornCleat"},{"floor":5,"key":"Paper Frog"},{"floor":9,"key":"Lizard Tail"},{"floor":9,"key":"Letter Opener"},{"floor":10,"key":"Eternal Feather"},{"floor":10,"key":"Blue Candle"},{"floor":11,"key":"Shuriken"},{"floor":11,"key":"Mercury Hourglass"},{"floor":15,"key":"Kunai"},{"floor":15,"key":"The Courier"},{"floor":16,"key":"MealTicket"},{"floor":16,"key":"bronze:BronzeIdol"},{"floor":17,"key":"White Beast Statue"},{"floor":17,"key":"StrikeDummy"},{"floor":18,"key":"Happy Flower"},{"floor":18,"key":"Meat on the Bone"}],"event_choices":[],"is_beta":false,"boss_relics":[{"not_picked":["Black Blood","Astrolabe"],"picked":"Cursed Key"},{"not_picked":["Runic Dome","Sozu"],"picked":"Runic Cube"}],"items_purged_floors":[2,7],"is_endless":false,"potions_floor_spawned":[9,15,17,18],"ascension_level":15}}