{"host":"sc0o2qwpf9j16a4i","time":1612433995,"event":{"mods":["AchievementEnabler","BaseMod","BetterRewards","Block Reminder","Colored Map","Colored Powertips","Custom Start","Highlight Path","Minty Spire (QoL Compilation)","Relic Stats"],"gold_per_floor":[110,110,40,40,215,250,250,282,282,316,316,330,330,356,356,451,451,463,373,407,424,436,436,464,499,499,533,552,572,572,592,592,691,691,705,705,735,749,761,321,321,338,338,351,351,377,391,741,741,741],"floor_reached":51,"language":"ENG","playtime":2512,"items_purged":[],"score":1063,"play_id":"0850e38e-6bd1-4669-ac0d-94dff1b911da","local_time":"20210204121955","daily_mods":["Draft","Green Cards","DeadlyEvents"],"is_ascension_mode":false,"campfire_choices":[{"data":"Skewer","floor":7,"key":"SMITH"},{"data":"Envenom","floor":11,"key":"SMITH"},{"data":"Noxious Fumes","floor":13,"key":"SMITH"},{"data":"Whirlwind","floor":15,"key":"SMITH"},{"floor":23,"key":"DIG"},{"floor":32,"key":"DIG"},{"floor":41,"key":"DIG"},{"floor":45,"key":"DIG"},{"floor":49,"key":"DIG"}],"circlet_count":0,"master_deck":["Iron Wave","Headbutt","Iron Wave","Infinite Blades","Carnage","Evolve","Dagger Spray","Deflect+1","Noxious Fumes+1","Thunderclap","Dagger Spray","Clothesline","Pommel Strike","Skewer+1","Crippling Poison","Shrug It Off","Envenom+1","Well Laid Plans","Feel No Pain+1","Whirlwind+1","Barricade","Disarm+1","Dark Embrace","Iron Wave+1","Bludgeon","Disarm","Pommel Strike","Acrobatics","Impervious","Juggernaut+1","Limit Break+1","Feel No Pain+1","PiercingWail","Dark Embrace+1","Clothesline+1","Apotheosis","Catalyst+1","Backflip+1"],"relics":["Burning Blood","War Paint","Unceasing Top","Darkstone Periapt","Matryoshka","Shovel","Pen Nib","Snecko Eye","Vajra","Sundial","Nunchaku","Bird Faced Urn","PreservedInsect","Anchor","Frozen Egg 2","Lantern","White Beast Statue","Happy Flower","Astrolabe","Centennial Puzzle","Meat on the Bone","Pear","Turnip","Ornamental Fan","Bottled Tornado","Old Coin","Mummified Hand"],"acts_visited":["Exordium","TheCity","TheBeyond"],"potions_floor_usage":[16,18,22,22,28,35,37,42,50,50],"damage_taken":[{"damage":0,"enemies":"Small Slimes","floor":1,"turns":1},{"damage":14,"enemies":"3 Sentries","floor":6,"turns":6},{"damage":0,"enemies":"Gremlin Nob","floor":8,"turns":2},{"damage":22,"enemies":"3 Sentries","floor":10,"turns":6},{"damage":0,"enemies":"Cultist","floor":12,"turns":3},{"damage":22,"enemies":"Gremlin Nob","floor":14,"turns":4},{"damage":0,"enemies":"Slime Boss","floor":16,"turns":5},{"damage":10,"enemies":"Chosen","floor":18,"turns":5},{"damage":0,"enemies":"Gremlin Leader","floor":20,"turns":5},{"damage":0,"enemies":"3 Byrds","floor":21,"turns":4},{"damage":10,"enemies":"Centurion and Healer","floor":22,"turns":4},{"damage":24,"enemies":"Book of Stabbing","floor":24,"turns":5},{"damage":12,"enemies":"Gremlin Leader","floor":25,"turns":5},{"damage":7,"enemies":"Book of Stabbing","floor":27,"turns":4},{"damage":0,"enemies":"Cultist and Chosen","floor":28,"turns":3},{"damage":0,"enemies":"Chosen and Byrds","floor":29,"turns":3},{"damage":1,"enemies":"Snecko","floor":31,"turns":3},{"damage":10,"enemies":"Collector","floor":33,"turns":8},{"damage":0,"enemies":"3 Shapes","floor":35,"turns":3},{"damage":42,"enemies":"Giant Head","floor":37,"turns":8},{"damage":0,"enemies":"Orb Walker","floor":38,"turns":3},{"damage":0,"enemies":"Jaw Worm Horde","floor":39,"turns":1},{"damage":0,"enemies":"Maw","floor":42,"turns":8},{"damage":18,"enemies":"Sphere and 2 Shapes","floor":44,"turns":5},{"damage":5,"enemies":"Nemesis","floor":46,"turns":7},{"damage":0,"enemies":"Jaw Worm Horde","floor":47,"turns":5},{"damage":0,"enemies":"Mind Bloom Boss Battle","floor":48,"turns":9},{"damage":0,"enemies":"Time Eater","floor":50,"turns":9}],"seed_played":"-4011515579247527385","potions_obtained":[{"floor":10,"key":"SkillPotion"},{"floor":12,"key":"CultistPotion"},{"floor":16,"key":"ColorlessPotion"},{"floor":18,"key":"ElixirPotion"},{"floor":24,"key":"SteroidPotion"},{"floor":27,"key":"Dexterity Potion"},{"floor":31,"key":"SteroidPotion"},{"floor":33,"key":"Explosive Potion"},{"floor":35,"key":"GamblersBrew"},{"floor":37,"key":"Weak Potion"},{"floor":39,"key":"Swift Potion"},{"floor":42,"key":"Block Potion"}],"is_trial":true,"path_per_floor":["M","?","$","?","?","E","R","E","T","E","R","M","R","E","R","B",null,"M","?","E","M","M","R","E","E","T","E","M","M","T","M","R","B",null,"M","?","E","M","M","$","R","M","T","M","R","E","M","?","R","B",null],"character_chosen":"IRONCLAD","items_purchased":["Crippling Poison","Apotheosis","Meat on the Bone"],"campfire_rested":0,"item_purchase_floors":[3,40,40],"current_hp_per_floor":[80,68,68,68,68,60,60,66,66,50,50,56,56,40,40,46,80,76,76,80,80,76,76,58,52,52,59,69,79,79,80,80,80,80,80,80,46,58,64,64,74,90,90,80,80,90,90,90,90,90],"gold":741,"neow_bonus":"","is_daily":false,"chose_seed":false,"campfire_upgraded":4,"win_rate":0.0,"timestamp":1612433995,"path_taken":["M","?","$","?","?","E","R","E","T","E","R","M","R","E","R","BOSS","M","?","?","M","?","R","E","?","T","E","M","M","?","M","R","BOSS","M","?","?","M","M","$","R","?","T","M","R","E","M","?","R","BOSS"],"items_purchased_type":["Card","Card","Relic"],"build_version":"2020-12-22","purchased_purges":0,"victory":true,"max_hp_per_floor":[80,80,80,80,80,80,80,80,80,80,80,80,80,80,80,80,80,80,80,80,80,80,80,80,80,80,80,80,80,80,80,80,80,80,80,80,80,80,80,80,90,90,90,90,90,90,90,90,90,90],"relic_stats":{"Darkstone Periapt":0,"Happy Flower":[22],"counters":[28,134],"Astrolabe":["Juggernaut","Limit Break","Feel No Pain"],"Pen Nib":[19],"PreservedInsect":213,"War Paint":["Infernal Blade","Deflect"],"Burning Blood":113,"Nunchaku":[15],"Centennial Puzzle":[6],"Shovel":5,"Sundial":[12],"Ornamental Fan":[28],"Mummified Hand":[22],"Bird Faced Urn":[62],"Snecko Eye":[198,189,240,202],"Turnip":[5],"obtain_stats":[{"Darkstone Periapt":8,"Lantern":30,"Vajra":20,"Bottled Tornado":46,"Burning Blood":0,"Old Coin":48,"Nunchaku":24,"Centennial Puzzle":37,"Matryoshka":9,"Shovel":10,"Sundial":23,"Mummified Hand":49,"Pear":41,"Happy Flower":32,"Astrolabe":34,"Pen Nib":14,"PreservedInsect":26,"War Paint":2,"Frozen Egg 2":27,"White Beast Statue":30,"Anchor":26,"Ornamental Fan":45,"Bird Faced Urn":25,"Snecko Eye":17,"Turnip":43,"Unceasing Top":6,"Meat on the Bone":40},{"Darkstone Periapt":3,"Lantern":16,"Vajra":9,"Bottled Tornado":25,"Burning Blood":0,"Old Coin":27,"Nunchaku":12,"Centennial Puzzle":20,"Matryoshka":3,"Shovel":4,"Sundial":11,"Mummified Hand":27,"Pear":22,"Happy Flower":17,"Astrolabe":18,"Pen Nib":6,"PreservedInsect":13,"War Paint":1,"Frozen Egg 2":14,"White Beast Statue":16,"Anchor":13,"Ornamental Fan":24,"Bird Faced Urn":13,"Snecko Eye":7,"Turnip":23,"Unceasing Top":2,"Meat on the Bone":22},{"Darkstone Periapt":9,"Lantern":65,"Vajra":37,"Bottled Tornado":111,"Burning Blood":0,"Old Coin":125,"Nunchaku":50,"Centennial Puzzle":87,"Matryoshka":9,"Shovel":15,"Sundial":45,"Mummified Hand":125,"Pear":91,"Happy Flower":68,"Astrolabe":76,"Pen Nib":22,"PreservedInsect":55,"War Paint":1,"Frozen Egg 2":59,"White Beast Statue":65,"Anchor":55,"Ornamental Fan":104,"Bird Faced Urn":55,"Snecko Eye":27,"Turnip":99,"Unceasing Top":7,"Meat on the Bone":91}],"Unceasing Top":[0],"Meat on the Bone":0},"card_choices":[{"not_picked":["Dodge and Roll","Pummel"],"picked":"Iron Wave","floor":0},{"not_picked":["Deadly Poison","Backflip"],"picked":"Headbutt","floor":0},{"not_picked":["Wild Strike","Poisoned Stab"],"picked":"Iron Wave","floor":0},{"not_picked":["Concentrate","Dodge and Roll"],"picked":"Infinite Blades","floor":0},{"not_picked":["Poisoned Stab","Burning Pact"],"picked":"Carnage","floor":0},{"not_picked":["Warcry","Concentrate"],"picked":"Evolve","floor":0},{"not_picked":["Shrug It Off","Pommel Strike"],"picked":"Dagger Spray","floor":0},{"not_picked":["Flex","Heavy Blade"],"picked":"Deflect","floor":0},{"not_picked":["Dagger Throw","Prepared"],"picked":"Noxious Fumes","floor":0},{"not_picked":["True Grit","Prepared"],"picked":"Thunderclap","floor":0},{"not_picked":["Heavy Blade","Dagger Throw"],"picked":"Dagger Spray","floor":0},{"not_picked":["PiercingWail","Dodge and Roll"],"picked":"Clothesline","floor":0},{"not_picked":["Wild Strike","Disarm"],"picked":"Backstab","floor":0},{"not_picked":["Slice","Prepared"],"picked":"Pommel Strike","floor":0},{"not_picked":["Outmaneuver","Well Laid Plans"],"picked":"Skewer","floor":0},{"not_picked":["All Out Attack","Backflip"],"picked":"Infernal Blade","floor":1},{"not_picked":["Havoc","Concentrate"],"picked":"Shrug It Off","floor":6},{"not_picked":["Slice","Pommel Strike"],"picked":"Envenom","floor":8},{"not_picked":["Outmaneuver","Bloodletting"],"picked":"Well Laid Plans","floor":10},{"not_picked":["Hemokinesis","Sword Boomerang"],"picked":"Feel No Pain","floor":12},{"not_picked":["Bane","Endless Agony"],"picked":"Whirlwind","floor":14},{"not_picked":["Double Tap","A Thousand Cuts"],"picked":"Barricade","floor":16},{"not_picked":["Accuracy","Warcry"],"picked":"Disarm+1","floor":18},{"not_picked":["Acrobatics+1","Quick Slash"],"picked":"Dark Embrace","floor":20},{"not_picked":["Dagger Spray","Havoc","Bane"],"picked":"SKIP","floor":21},{"not_picked":["Dagger Throw","Headbutt","Reflex"],"picked":"SKIP","floor":22},{"not_picked":["Reckless Charge","Rupture"],"picked":"Battle Trance","floor":24},{"not_picked":["Well Laid Plans","Battle Trance+1"],"picked":"Iron Wave+1","floor":25},{"not_picked":["Heel Hook","Sword Boomerang"],"picked":"Bludgeon","floor":27},{"not_picked":["Perfected Strike","Searing Blow"],"picked":"Disarm","floor":28},{"not_picked":["Cleave","Metallicize+1"],"picked":"Pommel Strike","floor":29},{"not_picked":["Bane","Wild Strike+1"],"picked":"Acrobatics","floor":31},{"not_picked":["Die Die Die","Double Tap"],"picked":"Impervious","floor":33},{"not_picked":["Whirlwind+1","Noxious Fumes+1"],"picked":"PiercingWail","floor":35},{"not_picked":["Rampage+1","Clothesline","Poisoned Stab+1"],"picked":"SKIP","floor":37},{"not_picked":["Calculated Gamble","Dagger Throw"],"picked":"Dark Embrace+1","floor":38},{"not_picked":["Rage+1","Heavy Blade"],"picked":"Clothesline+1","floor":39},{"not_picked":["Masterful Stab+1","Pommel Strike","Flex+1"],"picked":"SKIP","floor":42},{"not_picked":["Hemokinesis","Phantasmal Killer"],"picked":"Catalyst+1","floor":44},{"not_picked":["Clothesline+1","Fire Breathing+1"],"picked":"Backflip+1","floor":46},{"not_picked":["Twin Strike+1","Quick Slash","Tactician+1"],"picked":"SKIP","floor":47}],"player_experience":1169375,"relics_obtained":[{"floor":6,"key":"Unceasing Top"},{"floor":8,"key":"Darkstone Periapt"},{"floor":9,"key":"Matryoshka"},{"floor":10,"key":"Shovel"},{"floor":14,"key":"Pen Nib"},{"floor":20,"key":"Vajra"},{"floor":23,"key":"Sundial"},{"floor":24,"key":"Nunchaku"},{"floor":25,"key":"Bird Faced Urn"},{"floor":26,"key":"PreservedInsect"},{"floor":26,"key":"Anchor"},{"floor":27,"key":"Frozen Egg 2"},{"floor":30,"key":"Lantern"},{"floor":30,"key":"White Beast Statue"},{"floor":32,"key":"Happy Flower"},{"floor":37,"key":"Centennial Puzzle"},{"floor":41,"key":"Pear"},{"floor":43,"key":"Turnip"},{"floor":45,"key":"Ornamental Fan"},{"floor":46,"key":"Bottled Tornado"},{"floor":48,"key":"Old Coin"},{"floor":49,"key":"Mummified Hand"}],"event_choices":[{"damage_healed":0,"gold_gain":0,"player_choice":"Success","damage_taken":12,"relics_obtained":["War Paint"],"max_hp_gain":0,"max_hp_loss":0,"event_name":"Scrap Ooze","floor":2,"gold_loss":0},{"damage_healed":0,"gold_gain":0,"player_choice":"Leave","damage_taken":0,"max_hp_gain":0,"max_hp_loss":0,"event_name":"The Cleric","floor":4,"gold_loss":0},{"damage_healed":0,"gold_gain":175,"player_choice":"AGREE","damage_taken":0,"max_hp_gain":0,"max_hp_loss":0,"event_name":"Liars Game","floor":5,"gold_loss":0,"cards_obtained":["Doubt"]},{"cards_removed":["Doubt"],"damage_healed":0,"gold_gain":0,"player_choice":"Upgrade and Remove","damage_taken":0,"max_hp_gain":0,"max_hp_loss":0,"event_name":"Designer","floor":19,"gold_loss":90,"cards_upgraded":["Feel No Pain"]},{"damage_healed":0,"gold_gain":0,"player_choice":"Ignored","damage_taken":0,"max_hp_gain":0,"max_hp_loss":0,"event_name":"NoteForYourself","floor":36,"gold_loss":0},{"damage_healed":0,"gold_gain":0,"player_choice":"Fight","damage_taken":0,"max_hp_gain":0,"max_hp_loss":0,"event_name":"MindBloom","floor":48,"gold_loss":0}],"is_beta":false,"boss_relics":[{"not_picked":["Runic Pyramid","Busted Crown"],"picked":"Snecko Eye"},{"not_picked":["Philosopher\u0027s Stone","Fusion Hammer"],"picked":"Astrolabe"}],"items_purged_floors":[],"is_endless":false,"potions_floor_spawned":[10,12,16,18,24,27,31,33,35,37,38,39,42,44,46,47,48],"ascension_level":0}}