{"host":"3y2rtlgteqp2nuo3","time":1612430400,"event":{"mods":["2.2 Compatiblity","AchievementEnabler","BaseMod","Colored Map","DeckTracker","Highlight Path","Keyboard Shortcuts","Minty Spire (QoL Compilation)","Permanent Neow","Quick Restart","StSLib","SuperFastMode","everything is the same but u backflip on backflip"],"gold_per_floor":[111,123,135,152,171,171,171,201,201,201,230,230,230,230,33,33,133,133,152,166,166,66,66,66,81,81,81,110,127,226,252,268,268,268,268],"floor_reached":34,"language":"KOR","playtime":723,"items_purged":["Strike_R","Strike_R"],"score":435,"play_id":"df850741-9def-4226-bbc1-136fcdc0d38b","local_time":"20210204182000","is_ascension_mode":true,"campfire_choices":[{"data":"Entrench","floor":6,"key":"SMITH"},{"data":"Second Wind","floor":7,"key":"SMITH"},{"data":"Bash","floor":9,"key":"SMITH"},{"data":"Power Through","floor":12,"key":"SMITH"},{"data":"Sword Boomerang","floor":14,"key":"SMITH"},{"data":"Heavy Blade","floor":16,"key":"SMITH"},{"data":"Wild Strike","floor":24,"key":"SMITH"},{"floor":26,"key":"REST"},{"floor":33,"key":"REST"}],"circlet_count":0,"master_deck":["AscendersBane","Strike_R","Strike_R","Defend_R","Defend_R","Defend_R","Defend_R","Bash+1","Second Wind+1","Entrench+1","Sword Boomerang+1","Pommel Strike","Heavy Blade+1","Power Through+1","Spot Weakness","Wild Strike+1","Impervious","Entrench","Whirlwind+1","Metallicize","Body Slam"],"relics":["Burning Blood","Nunchaku","Orichalcum","Pear","Blood Vial","Mark of Pain","Enchiridion","Meat on the Bone","Sundial","Mummified Hand"],"acts_visited":["Exordium","TheCity"],"potions_floor_usage":[17,19,28],"damage_taken":[{"damage":1.0,"enemies":"2 Louse","floor":1.0,"turns":4.0},{"damage":7.0,"enemies":"Small Slimes","floor":2.0,"turns":5.0},{"damage":6.0,"enemies":"Cultist","floor":3.0,"turns":4.0},{"damage":9,"enemies":"Exordium Wildlife","floor":4,"turns":3},{"damage":17,"enemies":"3 Louse","floor":5,"turns":4},{"damage":27,"enemies":"Lagavulin","floor":11,"turns":8},{"damage":49,"enemies":"The Guardian","floor":17,"turns":12},{"damage":8,"enemies":"3 Byrds","floor":19,"turns":5},{"damage":22,"enemies":"Spheric Guardian","floor":20,"turns":4},{"damage":19,"enemies":"Centurion and Healer","floor":25,"turns":6},{"damage":27,"enemies":"Book of Stabbing","floor":28,"turns":6},{"damage":29,"enemies":"Snake Plant","floor":29,"turns":7},{"damage":40,"enemies":"Gremlin Leader","floor":31,"turns":5},{"damage":1,"enemies":"Snecko","floor":32,"turns":5},{"damage":69,"enemies":"Champ","floor":34,"turns":10}],"seed_played":"7081206431788365161","potions_obtained":[{"floor":1.0,"key":"EssenceOfSteel"},{"floor":3.0,"key":"LiquidMemories"},{"floor":17,"key":"Explosive Potion"},{"floor":20,"key":"DistilledChaos"},{"floor":29,"key":"FearPotion"}],"is_trial":false,"path_per_floor":["M","M","M","M","M","R","R","?","R","T","E","R","?","R","$","R","B",null,"M","M","?","$","?","R","M","R","T","E","M","?","E","M","R","B"],"character_chosen":"IRONCLAD","items_purchased":["Spot Weakness","Wild Strike"],"campfire_rested":2,"item_purchase_floors":[15,15],"current_hp_per_floor":[77,76,76,73,62,62,62,62,62,62,51,51,51,51,51,51,10,70,70,56,40,40,40,40,29,56,56,49,40,40,20,39,66,0,0],"gold":268,"neow_bonus":"THREE_CARDS","is_daily":false,"chose_seed":false,"campfire_upgraded":7,"win_rate":0.0,"timestamp":1612430400,"path_taken":["M","M","M","M","M","R","R","?","R","T","E","R","?","R","$","R","BOSS","M","M","?","$","?","R","M","R","T","E","M","?","E","M","R","BOSS"],"items_purchased_type":["Card","Card"],"build_version":"2020-12-22","purchased_purges":2,"victory":false,"max_hp_per_floor":[80,80,80,80,80,80,80,80,80,80,90,90,90,90,90,90,90,90,90,90,90,90,90,90,90,90,90,90,90,90,90,90,90,90,90],"card_choices":[{"not_picked":["True Grit","Havoc"],"picked":"Second Wind","floor":0.0},{"not_picked":["Dark Embrace","Rage"],"picked":"Entrench","floor":1.0},{"not_picked":["Armaments","Clash"],"picked":"Sword Boomerang","floor":2.0},{"not_picked":["Intimidate","Iron Wave"],"picked":"Pommel Strike","floor":3.0},{"not_picked":["Twin Strike","Rupture"],"picked":"Heavy Blade","floor":4},{"not_picked":["Havoc","Pummel"],"picked":"Power Through","floor":5},{"not_picked":["Cleave","Flex","Headbutt"],"picked":"SKIP","floor":11},{"not_picked":["Corruption","Feed"],"picked":"Impervious","floor":17},{"not_picked":["Wild Strike","Warcry","Power Through"],"picked":"SKIP","floor":19},{"not_picked":["Inflame","Cleave"],"picked":"Entrench","floor":20},{"not_picked":["Flex+1","Armaments+1"],"picked":"Whirlwind+1","floor":25},{"not_picked":["Dual Wield","Rupture+1"],"picked":"Metallicize","floor":28},{"not_picked":["Armaments","Dual Wield","Clash"],"picked":"SKIP","floor":29},{"not_picked":["Headbutt+1","Heavy Blade+1"],"picked":"Body Slam","floor":31},{"not_picked":["Havoc+1","Clothesline","Flex"],"picked":"SKIP","floor":32}],"player_experience":750049,"relics_obtained":[{"floor":10,"key":"Orichalcum"},{"floor":11,"key":"Pear"},{"floor":21,"key":"Enchiridion"},{"floor":27,"key":"Meat on the Bone"},{"floor":28,"key":"Sundial"},{"floor":31,"key":"Mummified Hand"}],"event_choices":[{"damage_healed":0,"gold_gain":30,"player_choice":"Searched \u00273\u0027 times","damage_taken":0,"relics_obtained":["Nunchaku"],"max_hp_gain":0,"max_hp_loss":0,"event_name":"Dead Adventurer","floor":8,"gold_loss":0},{"damage_healed":0,"gold_gain":0,"player_choice":"Gave Potion","damage_taken":0,"relics_obtained":["Blood Vial"],"max_hp_gain":0,"max_hp_loss":0,"event_name":"WeMeetAgain","floor":13,"gold_loss":0},{"damage_healed":0,"gold_gain":0,"player_choice":"Obtained Book","damage_taken":16,"max_hp_gain":0,"max_hp_loss":0,"event_name":"Cursed Tome","floor":21,"gold_loss":0},{"cards_removed":["Strike_R"],"damage_healed":0,"gold_gain":0,"player_choice":"Elegance","damage_taken":0,"max_hp_gain":0,"max_hp_loss":0,"event_name":"Back to Basics","floor":23,"gold_loss":0},{"damage_healed":0,"gold_gain":99,"player_choice":"Stole From Cult","damage_taken":0,"max_hp_gain":0,"max_hp_loss":0,"event_name":"Nest","floor":30,"gold_loss":0}],"is_beta":false,"boss_relics":[{"not_picked":["SlaversCollar","Runic Dome"],"picked":"Mark of Pain"}],"items_purged_floors":[15,22],"is_endless":false,"potions_floor_spawned":[1,3,17,20,29],"killed_by":"Champ","ascension_level":10}}