{"host":"p0hktren06injwdf","time":1612400510,"event":{"mods":["AchievementEnabler","BaseMod","Colored Map","DeckTracker","Minty Spire (QoL Compilation)","Permanent Neow","StSLib","SuperFastMode"],"gold_per_floor":[209,228,238,257,275,308,308,308,308],"floor_reached":8,"language":"KOR","playtime":208,"items_purged":[],"score":120,"play_id":"420f53af-d07a-41db-bb96-63643ec8df67","local_time":"20210204100150","is_ascension_mode":true,"campfire_choices":[{"data":"Cloak And Dagger","floor":7,"key":"SMITH"}],"circlet_count":0,"master_deck":["AscendersBane","Strike_G","Strike_G","Strike_G","Strike_G","Strike_G","Defend_G","Defend_G","Defend_G","Defend_G","Defend_G","Survivor","Neutralize","Cloak And Dagger+1","Accuracy","Noxious Fumes","Dash","All Out Attack","Footwork"],"relics":["Ring of the Snake","Toxic Egg 2"],"acts_visited":["Exordium"],"potions_floor_usage":[6,8],"damage_taken":[{"damage":0,"enemies":"Jaw Worm","floor":1,"turns":6},{"damage":5,"enemies":"Cultist","floor":2,"turns":4},{"damage":0,"enemies":"2 Louse","floor":3,"turns":4},{"damage":6,"enemies":"2 Fungi Beasts","floor":4,"turns":4},{"damage":0,"enemies":"Blue Slaver","floor":5,"turns":6},{"damage":12,"enemies":"3 Sentries","floor":6,"turns":7},{"damage":31,"enemies":"Gremlin Nob","floor":8,"turns":4}],"seed_played":"-5026590150831969042","potions_obtained":[{"floor":3,"key":"SneckoOil"},{"floor":4,"key":"DistilledChaos"}],"is_trial":false,"path_per_floor":["M","M","M","M","M","E","R","E"],"character_chosen":"THE_SILENT","items_purchased":[],"campfire_rested":0,"item_purchase_floors":[],"current_hp_per_floor":[59,54,54,48,48,36,36,5,5],"gold":308,"neow_bonus":"HUNDRED_GOLD","is_daily":false,"chose_seed":false,"campfire_upgraded":1,"win_rate":0.0,"timestamp":1612400510,"path_taken":["M","M","M","M","M","E","R","E"],"items_purchased_type":[],"build_version":"2020-12-22","purchased_purges":0,"victory":false,"max_hp_per_floor":[66,66,66,66,66,66,66,66,66],"card_choices":[{"not_picked":["Bane","Setup"],"picked":"Cloak And Dagger","floor":1},{"not_picked":["Caltrops","Bane"],"picked":"Accuracy","floor":2},{"not_picked":["Endless Agony","Dodge and Roll"],"picked":"Noxious Fumes","floor":3},{"not_picked":["Riddle With Holes","Heel Hook"],"picked":"Dash","floor":4},{"not_picked":["Outmaneuver","Backflip"],"picked":"All Out Attack","floor":5},{"not_picked":["Deflect+1","Calculated Gamble+1"],"picked":"Footwork","floor":6}],"player_experience":1010046,"relics_obtained":[{"floor":6,"key":"Toxic Egg 2"}],"event_choices":[],"is_beta":false,"boss_relics":[],"items_purged_floors":[],"is_endless":false,"potions_floor_spawned":[3,4,5],"killed_by":"Gremlin Nob","ascension_level":20}}