{"host":"xkfvvb2eqyo6l3km","time":1612475085,"event":{"mods":["AchievementEnabler","AlwaysNeverKeys","BaseMod","Better Third Choice","BetterRewards","Block Reminder","Bossed Relics","Card Forge","Colored Map","Colored Powertips","DeckTracker","Energized Spire","Force Act Four","Hubris","Jorbs\u0027s Wanderer Trilogy","Minty Spire (QoL Compilation)","Permanent Neow","Quick Restart","Reliquary","Replay The Spire","Spicy Shops","StSLib","The Blackbeard","The Blue Laboratory","The Cursed","The Disciple","The Hierophant","The Necromancer","The Sage","The Valiant"],"gold_per_floor":[117,133,149,163,174,200,60,95,95,95,95,107,123,148,148,251,251,269,282,296,309,309,309,339,46,98,98,133,149,149,149,149,250,250,261,261,281,299,319,349,44,76,101,120,120,136,0,27,27,27,27,27,27,55,55],"floor_reached":56,"language":"ENG","playtime":3511,"items_purged":["TheCursedMod:Strike_TheCursed","TheCursedMod:Defend_TheCursed","TheCursedMod:Defend_TheCursed"],"score":1501,"play_id":"c234c2b1-f737-4d39-8cc4-e69b0d422735","local_time":"20210204194445","is_ascension_mode":false,"campfire_choices":[{"floor":11.0,"key":"REST"},{"floor":15.0,"key":"REST"},{"data":"TheCursedMod:FleshFromBone","floor":23.0,"key":"SMITH"},{"data":"TheCursedMod:LuckyCharm","floor":27.0,"key":"SMITH"},{"floor":30.0,"key":"REST"},{"data":"TheCursedMod:Strike_TheCursed","floor":32.0,"key":"PURGE"},{"data":"TheCursedMod:CursedWand","floor":52,"key":"SMITH"}],"circlet_count":0,"master_deck":["TheCursedMod:Strike_TheCursed","TheCursedMod:Defend_TheCursed","TheCursedMod:Defend_TheCursed","TheCursedMod:CleanUpWorkshop+1","TheCursedMod:Dregs","TheCursedMod:EmpowerCircles+1","TheCursedMod:CircleOfCorruption+1","TheCursedMod:FleshFromBone+1","TheCursedMod:CursedBoomerang","TheCursedMod:CircleOfFlame+1","TheCursedMod:Obscuration","TheCursedMod:DemonSword","TheCursedMod:CursedShiv","TheCursedMod:HellfireBreathing+1","TheCursedMod:LuckyCharm+1","TheCursedMod:SurpriseAttack+1","TheCursedMod:CircleOfFlame+1","TheCursedMod:Stigma","TheCursedMod:AshesToAshes","TheCursedMod:CursedMace","TheCursedMod:FleshFromBone+1","TheCursedMod:CircleOfBlood","Parasite","TheCursedMod:CursedBoomerang","TheCursedMod:LuckyCharm+1","TheCursedMod:CursedBoomerang","TheCursedMod:SurpriseAttack+1","TheCursedMod:Obscuration+1","TheCursedMod:CircleOfCorruption","TheCursedMod:CursedRelics+1","TheCursedMod:CircleOfFocus+1","TheCursedMod:CursedWand+1","TheCursedMod:SpitefulStrike+1"],"relics":["TheCursedMod:BlackMagic101","Hammer of Thor","Seething Fire","Anvil of the Gods","Incense Burner","Mercury Hourglass","Toolbox","Happy Flower","sagemod:The_Guidebook_Guide","hubris:PeanutButter","Huge Egg","Smiling Mask","Pandora\u0027s Box","MutagenicStrength","hubris:TenFootPole","ReplayTheSpireMod:CursedCoin","Matryoshka","HandDrill","Boot","Bag of Preparation","hubris:64BitClover","Coffee Dripper","hubris:Towel","ReplayTheSpireMod:Lightbulb","sagemod:Creepy_Carousel","reliquary:PartyBalloon","Bronze Scales","reliquary:WeakTea","Pondfish Scales","Red Mask","Simple Rune","Chameleon Ring"],"acts_visited":["Exordium","TheCity","TheBeyond","TheEnding"],"potions_floor_usage":[50,55],"damage_taken":[{"damage":11.0,"enemies":"Jaw Worm","floor":1.0,"turns":4.0},{"damage":1.0,"enemies":"Cultist","floor":2.0,"turns":3.0},{"damage":5.0,"enemies":"Small Slimes","floor":3.0,"turns":3.0},{"damage":10.0,"enemies":"Looter","floor":4.0,"turns":3.0},{"damage":0.0,"enemies":"Blue Slaver","floor":5.0,"turns":3.0},{"damage":8.0,"enemies":"Lagavulin","floor":6.0,"turns":6.0},{"damage":0.0,"enemies":"3 Sentries","floor":8.0,"turns":3.0},{"damage":3.0,"enemies":"Exordium Thugs","floor":12.0,"turns":4.0},{"damage":0.0,"enemies":"3 Louse","floor":13.0,"turns":1.0},{"damage":0.0,"enemies":"Replay:BlueRogue","floor":14.0,"turns":4.0},{"damage":9.0,"enemies":"The Guardian","floor":16.0,"turns":8.0},{"damage":0.0,"enemies":"Chosen","floor":18.0,"turns":5.0},{"damage":0.0,"enemies":"Spheric Guardian","floor":19.0,"turns":4.0},{"damage":0.0,"enemies":"Cultist and Chosen","floor":20.0,"turns":5.0},{"damage":0.0,"enemies":"Snecko","floor":21.0,"turns":5.0},{"damage":9.0,"enemies":"Replay:Snechameleon","floor":24.0,"turns":6.0},{"damage":18.0,"enemies":"Slavers","floor":28.0,"turns":4.0},{"damage":0.0,"enemies":"Snake Plant","floor":29.0,"turns":2.0},{"damage":12.0,"enemies":"Automaton","floor":33.0,"turns":10.0},{"damage":0.0,"enemies":"Orb Walker","floor":35.0,"turns":2.0},{"damage":0.0,"enemies":"3 Darklings","floor":37.0,"turns":3.0},{"damage":0.0,"enemies":"Spire Growth","floor":38.0,"turns":4.0},{"damage":0.0,"enemies":"Jaw Worm Horde","floor":39.0,"turns":2.0},{"damage":0.0,"enemies":"R_Hoarder","floor":40.0,"turns":6.0},{"damage":0,"enemies":"Nemesis","floor":42,"turns":5},{"damage":24,"enemies":"Maw","floor":44,"turns":6},{"damage":0,"enemies":"Sphere and 2 Shapes","floor":46,"turns":3},{"damage":0,"enemies":"Giant Head","floor":48,"turns":4},{"damage":12,"enemies":"Awakened One","floor":50,"turns":7},{"damage":0,"enemies":"Shield and Spear","floor":54,"turns":4},{"damage":65,"enemies":"The Heart","floor":55,"turns":7}],"seed_played":"7807301144464614046","potions_obtained":[{"floor":3.0,"key":"Languid Potion"},{"floor":4.0,"key":"Strength Potion"},{"floor":5.0,"key":"Swift Potion"},{"floor":13.0,"key":"ColorlessPotion"},{"floor":14.0,"key":"SmokeBomb"},{"floor":16.0,"key":"ColorlessPotion"},{"floor":18.0,"key":"blueLaboratory:FruitPreserves"},{"floor":21.0,"key":"sagemod:Wine"},{"floor":33.0,"key":"Swift Potion"},{"floor":37.0,"key":"blueLaboratory:FruitPunch"},{"floor":54,"key":"Death Potion"}],"is_trial":false,"path_per_floor":["M","M","M","M","M","E","$","E","T","?","R","M","M","E","R","B",null,"M","M","M","M","?","R","E","$","T","R","E","M","R","?","R_BF","B",null,"M","?","M","M","M","E","$","E","T","M","?","M","?","E","R_BF","B",null,"R","$","E","B",null],"character_chosen":"THE_CURSED","items_purchased":["Mercury Hourglass","Toolbox","TheCursedMod:EmpowerCircles","TheCursedMod:CircleOfCorruption","sagemod:The_Guidebook_Guide","TheCursedMod:HellfireBreathing","ReplayTheSpireMod:CursedCoin","Matryoshka","HandDrill","sagemod:Creepy_Carousel"],"campfire_rested":3,"item_purchase_floors":[0,0,0,0,7,7,25,25,25,41],"current_hp_per_floor":[29,28,23,13,13,5,5,5,5,5,27,24,24,24,46,37,75,75,75,75,75,75,75,66,66,66,66,54,62,75,75,75,63,75,75,75,75,75,75,77,77,77,77,57,57,57,57,69,77,74,80,80,80,80,80],"gold":55,"neow_bonus":"","is_daily":false,"chose_seed":false,"campfire_upgraded":3,"win_rate":0.0,"timestamp":1612475085,"path_taken":["M","M","M","M","M","E","$","E","T","?","R","M","M","E","R","BOSS","M","M","?","M","?","R","E","$","T","R","E","M","R","?","R_BF","BOSS","M","?","M","M","M","E","$","E","T","M","?","?","?","E","R_BF","BOSS","R","$","E","BOSS"],"items_purchased_type":["Relic","Relic","Card","Card","Relic","Card","Relic","Relic","Relic","Relic"],"build_version":"2020-12-22","purchased_purges":3,"victory":true,"max_hp_per_floor":[75,75,75,75,75,75,75,75,75,75,75,75,75,75,75,75,75,75,75,75,75,75,75,75,75,75,75,75,75,75,75,75,75,75,75,75,75,75,75,77,77,77,77,77,77,77,77,77,77,80,80,80,80,80,80],"card_choices":[{"not_picked":["TheCursedMod:WearCloak","TheCursedMod:CursedMace"],"picked":"TheCursedMod:FleshFromBone","floor":1.0},{"not_picked":["TheCursedMod:Stretching","TheCursedMod:CursedAmulet"],"picked":"TheCursedMod:CursedBoomerang","floor":2.0},{"not_picked":["TheCursedMod:TroublousMinions","TheCursedMod:Torture"],"picked":"TheCursedMod:CircleOfFlame","floor":3.0},{"not_picked":["TheCursedMod:RavingStaff","TheCursedMod:Mangle"],"picked":"TheCursedMod:Obscuration","floor":4.0},{"not_picked":["TheCursedMod:TacticalStrike","TheCursedMod:Wield"],"picked":"TheCursedMod:DemonSword","floor":5.0},{"not_picked":["TheCursedMod:SmokeScreen","TheCursedMod:SpitefulStrike"],"picked":"TheCursedMod:CursedShiv","floor":6.0},{"not_picked":["TheCursedMod:CursedAmulet","TheCursedMod:VitalStrike"],"picked":"TheCursedMod:LuckyCharm","floor":8.0},{"not_picked":["TheCursedMod:TacticalStrike","TheCursedMod:BlessingInDisguise"],"picked":"TheCursedMod:SurpriseAttack","floor":12.0},{"not_picked":["TheCursedMod:SpitefulPray","TheCursedMod:PrepareRite"],"picked":"TheCursedMod:CircleOfFlame","floor":13.0},{"not_picked":["TheCursedMod:HellsGateOpen","TheCursedMod:AshesToAshes"],"picked":"TheCursedMod:Stigma","floor":14.0},{"not_picked":["TheCursedMod:SpitefulStrike+1","TheCursedMod:CursedAmulet"],"picked":"TheCursedMod:AshesToAshes","floor":18.0},{"not_picked":["TheCursedMod:Mangle","TheCursedMod:SpreadPlague","TheCursedMod:SpitefulStrike"],"picked":"SKIP","floor":19.0},{"not_picked":["TheCursedMod:SpitefulStrike","TheCursedMod:CursedBoomerang+1"],"picked":"TheCursedMod:CursedMace","floor":20.0},{"not_picked":["TheCursedMod:CursedAmulet","TheCursedMod:Torture+1"],"picked":"TheCursedMod:FleshFromBone","floor":21.0},{"not_picked":["TheCursedMod:ManaBullet","TheCursedMod:SoulReap"],"picked":"TheCursedMod:CircleOfBlood","floor":24.0},{"not_picked":["TheCursedMod:Hemoplague","TheCursedMod:BloodBarrier"],"picked":"TheCursedMod:CursedBoomerang","floor":28.0},{"not_picked":["TheCursedMod:CircleOfFlame","TheCursedMod:ReleasedStrength"],"picked":"TheCursedMod:LuckyCharm","floor":29.0},{"not_picked":["TheCursedMod:TroublousMinions+1","TheCursedMod:RapidMovement"],"picked":"TheCursedMod:CursedBoomerang","floor":35.0},{"not_picked":["TheCursedMod:Stigma","TheCursedMod:StingEye"],"picked":"TheCursedMod:SurpriseAttack+1","floor":37.0},{"not_picked":["TheCursedMod:WearCloak","TheCursedMod:VitalStrike"],"picked":"TheCursedMod:Obscuration+1","floor":38.0},{"not_picked":["TheCursedMod:CursedMace+1","TheCursedMod:SpitefulStrike"],"picked":"TheCursedMod:CircleOfCorruption","floor":39.0},{"not_picked":["TheCursedMod:FuryStrike","TheCursedMod:RavingStaff+1","TheCursedMod:CursedMace+1"],"picked":"SKIP","floor":40.0},{"not_picked":["TheCursedMod:CursedMace+1","TheCursedMod:ForbiddenAlchemy"],"picked":"TheCursedMod:CursedRelics","floor":42},{"not_picked":["TheCursedMod:SoulReap","TheCursedMod:Torture+1"],"picked":"TheCursedMod:CircleOfFocus+1","floor":44},{"not_picked":["TheCursedMod:Wield+1","TheCursedMod:CursedArmor+1","TheCursedMod:Obscuration"],"picked":"SKIP","floor":46},{"not_picked":["TheCursedMod:TacticalStrike+1","TheCursedMod:RapidMovement","TheCursedMod:CircleOfFlame+1"],"picked":"SKIP","floor":48},{"not_picked":["TheCursedMod:CursedArmor","TheCursedMod:UltimatePain"],"picked":"TheCursedMod:SpitefulStrike+1","floor":54}],"player_experience":300879,"relics_obtained":[{"floor":6.0,"key":"Happy Flower"},{"floor":8.0,"key":"hubris:PeanutButter"},{"floor":9.0,"key":"Huge Egg"},{"floor":14.0,"key":"Smiling Mask"},{"floor":24.0,"key":"hubris:TenFootPole"},{"floor":26.0,"key":"Boot"},{"floor":26.0,"key":"Bag of Preparation"},{"floor":28.0,"key":"hubris:64BitClover"},{"floor":40.0,"key":"ReplayTheSpireMod:Lightbulb"},{"floor":42,"key":"reliquary:PartyBalloon"},{"floor":43,"key":"Bronze Scales"},{"floor":43,"key":"reliquary:WeakTea"},{"floor":44,"key":"Pondfish Scales"},{"floor":48,"key":"Simple Rune"},{"floor":54,"key":"Chameleon Ring"}],"event_choices":[{"damage_healed":0.0,"max_hp_gain":0.0,"max_hp_loss":0.0,"gold_gain":0.0,"cards_transformed":["TheCursedMod:Strike_TheCursed"],"event_name":"Transmorgrifier","player_choice":"Transformed","floor":10.0,"gold_loss":0.0,"damage_taken":0.0,"cards_obtained":["TheCursedMod:Neurasthenia"]},{"damage_healed":0.0,"max_hp_gain":0.0,"max_hp_loss":0.0,"gold_gain":0.0,"event_name":"Drug Dealer","player_choice":"Inject Mutagens","floor":22.0,"gold_loss":0.0,"damage_taken":0.0,"relics_obtained":["MutagenicStrength"]},{"cards_removed":["TheCursedMod:CursedWand"],"damage_healed":0,"gold_gain":0,"player_choice":"Removed Attack","damage_taken":0,"max_hp_gain":0,"max_hp_loss":0,"event_name":"Falling","floor":45,"gold_loss":0},{"damage_healed":0,"gold_gain":0,"player_choice":"Paid","damage_taken":0,"relics_obtained":["Red Mask"],"max_hp_gain":0,"max_hp_loss":0,"event_name":"Tomb of Lord Red Mask","floor":47,"gold_loss":136}],"is_beta":false,"boss_relics":[{"not_picked":["hubris:CrackedHourglass","hubris:VirtuousBlindfold"],"picked":"Pandora\u0027s Box"},{"not_picked":["reliquary:RedPaperclip","Empty Cage"],"picked":"Coffee Dripper"}],"items_purged_floors":[0,0,25],"is_endless":false,"potions_floor_spawned":[3,4,5,13,14,16,18,21,29,33,37,39,42,46,54],"ascension_level":0}}