{"host":"iy2a593ihq2f18ts","time":1612411282,"event":{"mods":["2.2 Compatiblity","AchievementEnabler","BaseMod","Bestiary","Better Third Choice","Block Reminder","Card Forge","Curses Come First","Dark Map","Downfall","Energized Spire","Hermit","Marisa????????","Minty Spire (QoL Compilation)","Rare Cards Sparkle","Reliquary","Replay The Spire","StSLib","SuperFastMode","The Bug Knight","The Necromancer","The Runesmith","The Servant 0.9.4"],"gold_per_floor":[109,109,109,109,123,148,166,180,205,205,205,11,26,55,55,152,152,164,164,10,26,26,53,53,65,65,79,91,118,118,135,135,236,236,248,98,129,129,149,177,177,223,249,249,269,288,369,394,394,394],"floor_reached":51,"language":"ENG","playtime":1480,"items_purged":[],"score":930,"play_id":"4c3cd4c8-e587-4a5c-bc73-c66308f505d1","local_time":"20210203200122","is_ascension_mode":false,"campfire_choices":[{"floor":10,"key":"RECALL"},{"floor":15,"key":"REST"},{"floor":24,"key":"REST"},{"floor":32,"key":"REST"},{"floor":44,"key":"REST"},{"floor":49,"key":"REST"}],"circlet_count":0,"master_deck":["Negative_Energy_Arrows+1","Bone_Wall+1","Blood_Whip+1","Death_Knell+1","Vampiric_Strike+1","Vampiric_Strike+1","Blood_Whip+1","Death_March_Dance+1","Blood_Curse+1","AbeCurse","Bone_Armor+1","Bone_Armor+1","Bone_Spikes+1","Scare+1","Negative_Energy_Javelin+1","Negative_Energy_Javelin+1","Bone_Prison+1","Necrotic_Claws+1","Hellfire+1","Summon_Lich+1","Deep Breath+1","Bone_Bullets+1","Summon_Undead+1","Siphon_Strength+1"],"relics":["Vampire_Amulet","Hammer of Thor","Seething Fire","Anvil of the Gods","NeowsBlessing","Bag of Marbles","Bag of Preparation","Lantern","Oddly Smooth Stone","Abe\u0027s Treasure","MutagenicStrength","reliquary:PartyBalloon","Strawberry","Ice Cream","Mummified Hand","Bottled Flame","WarpedTongs","Replay:Ancient Bell","Bronze Scales","Divine Protection","StoneCalendar","reliquary:Stiletto","CaptainsWheel","ReplayTheSpireMod:TigerMarble","CatCart","reliquary:TuningFork","ReplayTheSpireMod:Ninjato","Toy Ornithopter"],"acts_visited":["Exordium","TheCity","TheBeyond"],"potions_floor_usage":[14,14,16,28,29,33,33,42,50],"damage_taken":[{"damage":0,"enemies":"2 Louse","floor":1,"turns":1},{"damage":0,"enemies":"Small Slimes","floor":5,"turns":1},{"damage":0,"enemies":"Lagavulin","floor":6,"turns":1},{"damage":0,"enemies":"Cultist","floor":7,"turns":1},{"damage":2,"enemies":"Large Slime","floor":8,"turns":3},{"damage":2,"enemies":"Exordium Wildlife","floor":13,"turns":2},{"damage":2,"enemies":"3 Sentries","floor":14,"turns":10},{"damage":31,"enemies":"Slime Boss","floor":16,"turns":9},{"damage":6,"enemies":"Shell Parasite","floor":18,"turns":3},{"damage":2,"enemies":"Spheric Guardian","floor":21,"turns":1},{"damage":2,"enemies":"Gremlin Leader","floor":23,"turns":4},{"damage":4,"enemies":"Centurion and Healer","floor":25,"turns":4},{"damage":2,"enemies":"Snake Plant","floor":27,"turns":1},{"damage":5,"enemies":"Snecko","floor":28,"turns":5},{"damage":5,"enemies":"Book of Stabbing","floor":29,"turns":6},{"damage":5,"enemies":"3 Cultists","floor":31,"turns":4},{"damage":53,"enemies":"Collector","floor":33,"turns":10},{"damage":10,"enemies":"3 Darklings","floor":35,"turns":3},{"damage":0,"enemies":"Orb Walker","floor":39,"turns":1},{"damage":5,"enemies":"Nemesis","floor":40,"turns":3},{"damage":23,"enemies":"Orin","floor":42,"turns":6},{"damage":0,"enemies":"3 Darklings","floor":45,"turns":3},{"damage":0,"enemies":"Maw","floor":46,"turns":4},{"damage":0,"enemies":"Reptomancer","floor":48,"turns":2},{"damage":35,"enemies":"Time Eater","floor":50,"turns":7}],"seed_played":"5684179027766553402","potions_obtained":[{"floor":5,"key":"ColorlessPotion"},{"floor":6,"key":"Adrenaline Potion"},{"floor":7,"key":"Elixir"},{"floor":14,"key":"ColorlessPotion"},{"floor":18,"key":"PowerPotion"},{"floor":23,"key":"LifebloodPotion"},{"floor":29,"key":"Adrenaline Potion"},{"floor":40,"key":"hexamod:SoulburnPotion"},{"floor":45,"key":"hexamod:SoulburnPotion"}],"is_trial":false,"path_per_floor":["M","?","?","?","M","E","M","M","T","R","?","$","M","E","R","B",null,"M","?","$","M","?","E","R","M","T","M","M","E","?","M","R","B",null,"M","$","?","?","M","E","?","?","T","R","M","M","T","E","R","B",null],"character_chosen":"NECROMANCER","items_purchased":["Lantern","Blood_Whip","reliquary:PartyBalloon","reliquary:Stiletto"],"campfire_rested":5,"item_purchase_floors":[12,12,20,36],"current_hp_per_floor":[75,75,75,75,75,75,75,75,75,75,80,80,80,80,80,61,80,78,78,78,78,85,87,87,87,87,87,84,86,86,87,87,51,87,79,79,79,79,86,84,84,70,70,87,87,87,87,87,87,54],"gold":394,"neow_bonus":"THREE_ENEMY_KILL","is_daily":false,"chose_seed":false,"campfire_upgraded":0,"win_rate":0.0,"timestamp":1612411282,"path_taken":["M","?","?","?","M","E","M","?","T","R","?","?","M","E","R","BOSS","M","?","$","M","?","E","R","M","T","M","M","E","?","M","R","BOSS","M","?","?","?","M","E","?","?","T","R","?","M","?","E","R","BOSS"],"items_purchased_type":["Relic","Card","Relic","Relic"],"build_version":"2020-12-22","purchased_purges":0,"victory":true,"max_hp_per_floor":[75,75,75,75,75,75,75,75,75,75,80,80,80,80,80,80,80,80,80,80,80,87,87,87,87,87,87,87,87,87,87,87,87,87,87,87,87,87,87,87,87,87,87,87,87,87,87,87,87,87],"card_choices":[{"not_picked":["Negative_Energy_Mist","Negative_Energy_Sphere"],"picked":"Blood_Whip","floor":1},{"not_picked":["Bone_Armory","Consume_Illness"],"picked":"Vampiric_Strike","floor":5},{"not_picked":["Grasp_Heart","Bone_Prison"],"picked":"Blood_for_Blood","floor":6},{"not_picked":["Uncharnel","Blood_for_Blood"],"picked":"Blood_Whip","floor":7},{"not_picked":["Negative_Energy_Shield","Death_March_Dance"],"picked":"Vampiric_Strike","floor":8},{"not_picked":["Summon_Lich","Deaths_Shadow"],"picked":"Death_March_Dance","floor":13},{"not_picked":["Negative_Energy_Mist","Consume_Illness"],"picked":"Blood_Curse","floor":14},{"not_picked":["Negative_Energy_Mist","Blood_Whip"],"picked":"Bone_Armor+1","floor":18},{"not_picked":["Blood_Curse","Thousand_Bone_Knives"],"picked":"Bone_Armor","floor":21},{"not_picked":["Requiem","Negative_Energy_Shield"],"picked":"Bone_Spikes+1","floor":23},{"not_picked":["Negative_Energy_Sphere","Strike_from_Beyond+1"],"picked":"Scare","floor":25},{"not_picked":["Consume_Illness","Death_March_Dance"],"picked":"Negative_Energy_Javelin","floor":27},{"not_picked":["Bone_Shift","Blood_Whip"],"picked":"Negative_Energy_Javelin","floor":28},{"not_picked":["Death_Knell","Necromantic_Selection"],"picked":"Bone_Prison","floor":29},{"not_picked":["Negative_Energy_Mist","Bones_to_Steel"],"picked":"Necrotic_Claws+1","floor":31},{"not_picked":["Cloudkill","Blood_Magic"],"picked":"Hellfire","floor":33},{"not_picked":["Replay:Sluggish","downfall:Icky"],"picked":"Pain","floor":34},{"not_picked":["ReplayTheSpireMod:Faulty Equipment","Delirium"],"picked":"Hallucinations","floor":34},{"not_picked":["ReplayTheSpireMod:Splinters","downfall:Icky"],"picked":"Wraith","floor":34},{"not_picked":["Consume_Illness","Bones_to_Steel+1"],"picked":"Summon_Lich+1","floor":35},{"not_picked":["The Bomb","Chrysalis"],"picked":"Deep Breath","floor":38},{"not_picked":["Bone_Spikes","Blood_Whip+1","Negative_Energy_Javelin"],"picked":"SKIP","floor":39},{"not_picked":["Negative_Energy_Burst+1","Reap_The_Weak"],"picked":"Bone_Bullets+1","floor":40},{"not_picked":["Shackles_Of_Pain+1","Death_March_Dance"],"picked":"Summon_Undead+1","floor":45},{"not_picked":["Bone_Shift","Negative_Energy_Burst+1"],"picked":"Siphon_Strength","floor":46},{"not_picked":["Bone_Armor","Thousand_Bone_Knives+1","Deaths_Shadow+1"],"picked":"SKIP","floor":48}],"player_experience":19648,"relics_obtained":[{"floor":6,"key":"Bag of Marbles"},{"floor":9,"key":"Bag of Preparation"},{"floor":14,"key":"Oddly Smooth Stone"},{"floor":23,"key":"Ice Cream"},{"floor":26,"key":"Mummified Hand"},{"floor":29,"key":"Bottled Flame"},{"floor":37,"key":"CaptainsWheel"},{"floor":40,"key":"ReplayTheSpireMod:TigerMarble"},{"floor":42,"key":"CatCart"},{"floor":43,"key":"reliquary:TuningFork"},{"floor":47,"key":"ReplayTheSpireMod:Ninjato"},{"floor":48,"key":"Toy Ornithopter"}],"event_choices":[{"damage_healed":0,"gold_gain":0,"player_choice":"Ignored","damage_taken":0,"max_hp_gain":0,"max_hp_loss":0,"event_name":"Golden Idol","floor":2,"gold_loss":0},{"damage_healed":75,"gold_gain":0,"player_choice":"Leave","damage_taken":0,"max_hp_gain":0,"max_hp_loss":75,"event_name":"betterThird:BetterShining","floor":3,"gold_loss":0},{"damage_healed":0,"gold_gain":0,"player_choice":"1 cards matched","damage_taken":0,"max_hp_gain":0,"max_hp_loss":0,"event_name":"Match and Keep!","floor":4,"gold_loss":0,"cards_obtained":["Death_Knell"]},{"damage_healed":0,"gold_gain":0,"player_choice":"Donut","damage_taken":0,"max_hp_gain":5,"max_hp_loss":0,"event_name":"Big Fish","floor":11,"gold_loss":0},{"damage_healed":0,"gold_gain":0,"player_choice":"Inject Mutagens","damage_taken":0,"relics_obtained":["MutagenicStrength"],"max_hp_gain":0,"max_hp_loss":0,"event_name":"Drug Dealer","floor":19,"gold_loss":0},{"damage_healed":0,"gold_gain":0,"player_choice":"Opened","damage_taken":0,"relics_obtained":["Strawberry"],"max_hp_gain":0,"max_hp_loss":0,"event_name":"The Mausoleum","floor":22,"gold_loss":0},{"damage_healed":0,"gold_gain":0,"player_choice":"Rummage","damage_taken":0,"relics_obtained":["WarpedTongs"],"max_hp_gain":0,"max_hp_loss":0,"event_name":"Accursed Blacksmith","floor":30,"gold_loss":0,"cards_obtained":["Pain"]},{"damage_healed":0,"gold_gain":0,"player_choice":"Memory 1","damage_taken":0,"max_hp_gain":0,"max_hp_loss":0,"event_name":"SensoryStone","floor":38,"gold_loss":0},{"cards_removed":["Blood_for_Blood"],"damage_healed":0,"gold_gain":0,"player_choice":"Removed Power","damage_taken":0,"max_hp_gain":0,"max_hp_loss":0,"event_name":"Falling","floor":41,"gold_loss":0},{"damage_healed":0,"gold_gain":0,"player_choice":"Fight","damage_taken":0,"max_hp_gain":0,"max_hp_loss":0,"event_name":"OrinTheCat","floor":42,"gold_loss":0}],"is_beta":false,"boss_relics":[{"not_picked":["reliquary:Craggleroot","energizedSpire:SpiderWeb"],"picked":"Abe\u0027s Treasure"},{"not_picked":["reliquary:RedCape","reliquary:WritOfMandamus"],"picked":"Replay:Ancient Bell"},{"not_picked":["Orichalcum","Dream Catcher"],"picked":"Bronze Scales"},{"not_picked":["Question Card","ReplayTheSpireMod:Shallot"],"picked":"Divine Protection"},{"not_picked":["Replay:Multitool","Calipers"],"picked":"StoneCalendar"}],"items_purged_floors":[],"is_endless":false,"potions_floor_spawned":[5,6,7,14,18,23,27,29,40,45],"ascension_level":0}}