{"host":"5jdby9iqu3ct6557","time":1612412904,"event":{"mods":["BaseMod","DeckTracker","Highlight Path","Minty Spire (QoL Compilation)","Relic Stats","StSLib"],"gold_per_floor":[114,189,203,221,496,496,528,36,61,61,77,77,87,121,121,199,199,217,229,154,177,204,229,28,28,28,56,56,85,99,139,139,139,139],"floor_reached":33,"language":"ENG","playtime":5513,"items_purged":["Regret"],"score":662,"play_id":"190ee1ff-e71b-48bb-a4a8-3920fafd8ceb","local_time":"20210203232824","is_ascension_mode":true,"campfire_choices":[{"data":"Clothesline","floor":6,"key":"SMITH"},{"data":"Whirlwind","floor":10,"key":"SMITH"},{"data":"Bash","floor":12,"key":"SMITH"},{"data":"Flex","floor":15,"key":"SMITH"},{"data":"Offering","floor":28,"key":"SMITH"},{"data":"Sword Boomerang","floor":32,"key":"SMITH"}],"circlet_count":0,"master_deck":["AscendersBane","Strike_R","Strike_R","Strike_R","Strike_R","Defend_R","Defend_R","Defend_R","Defend_R","Bash+1","Clothesline+1","Anger","Shrug It Off","Metallicize","Whirlwind+1","Impervious","Flex+1","Offering+1","Battle Trance","Sword Boomerang+1","Shrug It Off+1","Inflame","Corruption","Shockwave"],"relics":["Burning Blood","MawBank","Red Skull","Lee\u0027s Waffle","Orichalcum","Blue Candle","Runic Dome","Red Mask","MealTicket","Membership Card","Bottled Tornado","Darkstone Periapt","Bronze Scales","Self Forming Clay","CeramicFish"],"acts_visited":["Exordium","TheCity"],"potions_floor_usage":[7,29,33,33],"damage_taken":[{"damage":7,"enemies":"Cultist","floor":1,"turns":4},{"damage":5,"enemies":"Small Slimes","floor":3,"turns":5},{"damage":4,"enemies":"Jaw Worm","floor":4,"turns":4},{"damage":57,"enemies":"3 Sentries","floor":7,"turns":10},{"damage":3,"enemies":"Blue Slaver","floor":11,"turns":4},{"damage":5,"enemies":"Looter","floor":13,"turns":4},{"damage":9,"enemies":"Gremlin Nob","floor":14,"turns":4},{"damage":41,"enemies":"The Guardian","floor":16,"turns":14},{"damage":7,"enemies":"2 Thieves","floor":18,"turns":4},{"damage":15,"enemies":"Shell Parasite","floor":19,"turns":4},{"damage":0,"enemies":"Masked Bandits","floor":22,"turns":1},{"damage":30,"enemies":"Slavers","floor":23,"turns":9},{"damage":12,"enemies":"Book of Stabbing","floor":27,"turns":4},{"damage":12,"enemies":"Gremlin Leader","floor":29,"turns":4},{"damage":11,"enemies":"Cultist and Chosen","floor":30,"turns":5},{"damage":10,"enemies":"Book of Stabbing","floor":31,"turns":3},{"damage":64,"enemies":"Collector","floor":33,"turns":7}],"seed_played":"5370805113497715232","potions_obtained":[{"floor":3,"key":"ElixirPotion"},{"floor":4,"key":"FearPotion"},{"floor":13,"key":"Fruit Juice"},{"floor":19,"key":"Dexterity Potion"},{"floor":29,"key":"DuplicationPotion"},{"floor":31,"key":"Block Potion"}],"is_trial":false,"path_per_floor":["M","?","M","M","?","R","E","$","T","R","M","R","M","E","R","B",null,"M","M","?","T","?","E","$","T","T","E","R","E","M","E","R","B"],"character_chosen":"IRONCLAD","items_purchased":["Red Skull","Whirlwind","Lee\u0027s Waffle","Membership Card","Inflame"],"campfire_rested":0,"item_purchase_floors":[8,8,8,24,24],"current_hp_per_floor":[74,63,64,66,66,66,15,89,89,89,89,89,89,86,86,51,80,79,70,70,70,76,52,67,67,67,61,61,60,55,51,51,0,0],"gold":139,"neow_bonus":"TEN_PERCENT_HP_BONUS","is_daily":false,"chose_seed":false,"campfire_upgraded":6,"win_rate":0.0,"timestamp":1612412904,"path_taken":["M","?","M","M","?","R","E","$","T","R","M","R","?","E","R","BOSS","M","M","?","?","?","E","?","?","T","E","R","E","M","E","R","BOSS"],"items_purchased_type":["Relic","Card","Relic","Relic","Card"],"build_version":"2020-12-22","purchased_purges":1,"victory":false,"max_hp_per_floor":[82,82,82,82,82,82,82,89,89,89,89,89,89,89,89,89,89,89,89,89,89,89,89,89,89,89,89,89,94,94,94,94,94,94],"relic_stats":{"Darkstone Periapt":0,"Lee\u0027s Waffle":74,"counters":[17,90],"Self Forming Clay":[21],"Blue Candle":[0],"Bronze Scales":[36],"CeramicFish":9,"MealTicket":15,"Orichalcum":[156],"MawBank":12,"obtain_stats":[{"Darkstone Periapt":26,"Lee\u0027s Waffle":8,"Self Forming Clay":29,"Blue Candle":14,"CeramicFish":31,"Orichalcum":9,"Bottled Tornado":25,"MawBank":7,"Burning Blood":0,"Runic Dome":17,"Bronze Scales":27,"MealTicket":23,"Red Mask":22,"Membership Card":24,"Red Skull":8},{"Darkstone Periapt":12,"Lee\u0027s Waffle":4,"Self Forming Clay":14,"Blue Candle":7,"CeramicFish":16,"Orichalcum":4,"Bottled Tornado":12,"MawBank":4,"Burning Blood":0,"Runic Dome":8,"Bronze Scales":13,"MealTicket":12,"Red Mask":11,"Membership Card":12,"Red Skull":4},{"Darkstone Periapt":67,"Lee\u0027s Waffle":23,"Self Forming Clay":75,"Blue Candle":35,"CeramicFish":83,"Orichalcum":23,"Bottled Tornado":67,"MawBank":23,"Burning Blood":0,"Runic Dome":49,"Bronze Scales":71,"MealTicket":67,"Red Mask":58,"Membership Card":67,"Red Skull":23}],"Burning Blood":92},"card_choices":[{"not_picked":["Heavy Blade","Rampage"],"picked":"Clothesline","floor":1},{"not_picked":["Cleave","Headbutt"],"picked":"Anger","floor":3},{"not_picked":["Bloodletting","Clothesline"],"picked":"Shrug It Off","floor":4},{"not_picked":["Clothesline","Sword Boomerang"],"picked":"Metallicize","floor":7},{"not_picked":["Dual Wield","Power Through"],"picked":"Impervious","floor":11},{"not_picked":["Body Slam","Thunderclap"],"picked":"Flex","floor":13},{"not_picked":["Berserk","Immolate"],"picked":"Offering","floor":16},{"not_picked":["Twin Strike","Clash"],"picked":"Battle Trance","floor":18},{"not_picked":["Thunderclap+1","Hemokinesis"],"picked":"Sword Boomerang","floor":19},{"not_picked":["Body Slam","Flex+1"],"picked":"Shrug It Off+1","floor":23},{"not_picked":["Shrug It Off","Dropkick"],"picked":"Corruption","floor":27},{"not_picked":["Juggernaut","Havoc"],"picked":"Shockwave","floor":31}],"player_experience":2502032,"relics_obtained":[{"floor":7,"key":"MawBank"},{"floor":9,"key":"Orichalcum"},{"floor":14,"key":"Blue Candle"},{"floor":22,"key":"Red Mask"},{"floor":23,"key":"MealTicket"},{"floor":25,"key":"Bottled Tornado"},{"floor":26,"key":"Darkstone Periapt"},{"floor":27,"key":"Bronze Scales"},{"floor":29,"key":"Self Forming Clay"},{"floor":31,"key":"CeramicFish"}],"event_choices":[{"damage_healed":0,"gold_gain":75,"player_choice":"Gather Gold","damage_taken":11,"max_hp_gain":0,"max_hp_loss":0,"event_name":"World of Goop","floor":2,"gold_loss":0},{"damage_healed":0,"gold_gain":275,"player_choice":"Desecrate","damage_taken":0,"max_hp_gain":0,"max_hp_loss":0,"event_name":"Golden Shrine","floor":5,"gold_loss":0,"cards_obtained":["Regret"]},{"cards_removed":["Strike_R"],"damage_healed":0,"gold_gain":0,"player_choice":"Gave Gold","damage_taken":0,"max_hp_gain":0,"max_hp_loss":0,"event_name":"Beggar","floor":20,"gold_loss":75},{"damage_healed":0,"gold_gain":0,"player_choice":"Fought Bandits","damage_taken":0,"max_hp_gain":0,"max_hp_loss":0,"event_name":"Masked Bandits","floor":22,"gold_loss":0}],"is_beta":false,"boss_relics":[{"not_picked":["SacredBark","Runic Cube"],"picked":"Runic Dome"}],"items_purged_floors":[8],"is_endless":false,"potions_floor_spawned":[3,4,13,18,19,29,31],"killed_by":"Collector","ascension_level":20}}