{"host":"x5w9zppki4gdwvc7","time":1612418154,"event":{"mods":["AchievementEnabler","BaseMod","Colored Powertips","DeckTracker","Minty Spire (QoL Compilation)","Relic Sorter"],"gold_per_floor":[116,136,155,173,248,248,248,248,248,248,262,297,311,376,376,471,471,483,633,653,301,315,315,385,435,462,2,52,52,62,112,112,211,211,221,233,77,137,187,187,237,237,237],"floor_reached":42,"language":"ENG","playtime":2043,"items_purged":["EmptyBody"],"score":498,"play_id":"e06a4eca-9b3b-45b4-ba3b-88c9532b338d","local_time":"20210204065554","is_ascension_mode":true,"campfire_choices":[{"data":"Vigilance","floor":6,"key":"SMITH"},{"floor":8,"key":"REST"},{"data":"Eruption","floor":10,"key":"SMITH"},{"floor":15,"key":"REST"},{"data":"WheelKick","floor":23,"key":"SMITH"},{"data":"LikeWater","floor":29,"key":"SMITH"},{"floor":32,"key":"REST"},{"floor":40,"key":"RECALL"}],"circlet_count":0,"master_deck":["Eruption+1","Vigilance+1","Wallop+1","Devotion","SashWhip+1","LikeWater+1","LikeWater+1","DeceiveReality","Prostrate","Scrawl","FollowUp+1","Finesse","WheelKick+1","BattleHymn+1","DevaForm","SignatureMove","Scrape+1","Enlightenment"],"relics":["PureWater","SsserpentHead","Mummified Hand","Du-Vu Doll","Pandora\u0027s Box","Whetstone","MutagenicStrength","Oddly Smooth Stone","PrismaticShard","Busted Crown","Cauldron"],"acts_visited":["Exordium","TheCity","TheBeyond"],"potions_floor_usage":[12,14,16,16,16,33,37,42,42],"damage_taken":[{"damage":0,"enemies":"Cultist","floor":1,"turns":3},{"damage":0,"enemies":"2 Louse","floor":2,"turns":1},{"damage":6,"enemies":"Small Slimes","floor":3,"turns":2},{"damage":24,"enemies":"Exordium Wildlife","floor":4,"turns":3},{"damage":0,"enemies":"2 Fungi Beasts","floor":11,"turns":2},{"damage":26,"enemies":"Lagavulin","floor":12,"turns":9},{"damage":10,"enemies":"Lots of Slimes","floor":13,"turns":3},{"damage":1,"enemies":"Large Slime","floor":14,"turns":6},{"damage":32,"enemies":"Hexaghost","floor":16,"turns":12},{"damage":0,"enemies":"Shell Parasite","floor":18,"turns":5},{"damage":7,"enemies":"3 Byrds","floor":20,"turns":8},{"damage":38,"enemies":"Cultist and Chosen","floor":22,"turns":8},{"damage":0,"enemies":"Snake Plant","floor":24,"turns":4},{"damage":2,"enemies":"Snecko","floor":30,"turns":4},{"damage":0,"enemies":"Champ","floor":33,"turns":5},{"damage":10,"enemies":"3 Shapes","floor":35,"turns":3},{"damage":0,"enemies":"Orb Walker","floor":36,"turns":1},{"damage":14,"enemies":"3 Darklings","floor":38,"turns":3},{"damage":55,"enemies":"Reptomancer","floor":42,"turns":2}],"seed_played":"-162998537404630847","potions_obtained":[{"floor":2,"key":"Dexterity Potion"},{"floor":4,"key":"Weak Potion"},{"floor":12,"key":"BottledMiracle"},{"floor":13,"key":"FearPotion"},{"floor":14,"key":"SpeedPotion"},{"floor":20,"key":"Energy Potion"},{"floor":22,"key":"ColorlessPotion"},{"floor":33,"key":"Fruit Juice"},{"floor":37,"key":"Dexterity Potion"},{"floor":37,"key":"PowerPotion"},{"floor":37,"key":"PowerPotion"}],"is_trial":false,"path_per_floor":["M","M","M","M","?","R","?","R","T","R","M","E","M","M","R","B",null,"M","?","M","$","M","R","M","?","T","$","?","R","M","?","R","B",null,"M","M","$","M","?","R","?","E"],"character_chosen":"WATCHER","items_purchased":["Whetstone","Finesse","ColorlessPotion","Oddly Smooth Stone","DevaForm","SignatureMove","PrismaticShard","Cauldron"],"campfire_rested":3,"item_purchase_floors":[21,21,21,27,27,27,27,37],"current_hp_per_floor":[72,72,66,42,31,31,31,52,52,52,52,26,16,15,36,4,72,72,72,65,65,27,27,27,27,27,27,27,27,25,25,46,46,72,62,62,67,53,53,53,53,0,0],"gold":237,"neow_bonus":"REMOVE_CARD","is_daily":false,"chose_seed":false,"campfire_upgraded":4,"win_rate":0.0,"timestamp":1612418154,"path_taken":["M","?","M","M","?","R","?","R","T","R","M","E","M","?","R","BOSS","M","?","M","$","M","R","?","?","T","$","?","R","M","?","R","BOSS","M","M","$","?","?","R","?","E"],"items_purchased_type":["Relic","Card","Potion","Relic","Card","Card","Relic","Relic"],"build_version":"2020-12-22","purchased_purges":1,"victory":false,"max_hp_per_floor":[72,72,72,72,72,72,72,72,72,72,72,72,72,72,72,72,72,72,72,72,72,72,72,72,72,72,72,72,72,72,72,72,72,72,72,72,77,77,77,77,77,77,77],"card_choices":[{"not_picked":["Crescendo","ThirdEye","TalkToTheHand"],"picked":"SKIP","floor":1},{"not_picked":["WheelKick","Crescendo","FlurryOfBlows"],"picked":"SKIP","floor":2},{"not_picked":["Wireheading","Evaluate","TalkToTheHand"],"picked":"SKIP","floor":3},{"not_picked":["SashWhip","FollowUp","Evaluate"],"picked":"SKIP","floor":4},{"not_picked":["Worship","Vengeance","BattleHymn"],"picked":"SKIP","floor":11},{"not_picked":["ClearTheMind","Protect","MentalFortress"],"picked":"SKIP","floor":12},{"not_picked":["Vengeance","Nirvana"],"picked":"Wallop","floor":13},{"not_picked":["FlurryOfBlows","DeceiveReality","Worship"],"picked":"SKIP","floor":14},{"not_picked":["Brilliance","Wish"],"picked":"Devotion","floor":16},{"not_picked":["EmptyBody","JustLucky","Wireheading"],"picked":"SKIP","floor":18},{"not_picked":["CrushJoints","Protect+1"],"picked":"FollowUp+1","floor":20},{"not_picked":["Protect","Collect"],"picked":"WheelKick","floor":22},{"not_picked":["ClearTheMind+1","CrushJoints"],"picked":"BattleHymn+1","floor":24},{"not_picked":["Gash","Anger"],"picked":"Scrape+1","floor":30},{"not_picked":["Armaments"],"picked":"SKIP","floor":35},{"not_picked":["Underhanded Strike+1"],"picked":"SKIP","floor":36},{"not_picked":["All Out Attack"],"picked":"SKIP","floor":38},{"not_picked":[],"picked":"Enlightenment","floor":41}],"player_experience":443469,"relics_obtained":[{"floor":9,"key":"Mummified Hand"},{"floor":12,"key":"Du-Vu Doll"}],"event_choices":[{"damage_healed":0,"gold_gain":75,"player_choice":"Gather Gold","damage_taken":11,"max_hp_gain":0,"max_hp_loss":0,"event_name":"World of Goop","floor":5,"gold_loss":0},{"damage_healed":0,"gold_gain":0,"player_choice":"Trade","damage_taken":0,"relics_obtained":["SsserpentHead"],"max_hp_gain":0,"max_hp_loss":0,"event_name":"FaceTrader","floor":7,"gold_loss":0},{"damage_healed":0,"gold_gain":100,"player_choice":"Pray","damage_taken":0,"max_hp_gain":0,"max_hp_loss":0,"event_name":"Golden Shrine","floor":19,"gold_loss":0},{"damage_healed":0,"gold_gain":0,"player_choice":"Inject Mutagens","damage_taken":0,"relics_obtained":["MutagenicStrength"],"max_hp_gain":0,"max_hp_loss":0,"event_name":"Drug Dealer","floor":25,"gold_loss":0},{"damage_healed":0,"gold_gain":0,"player_choice":"Ignored","damage_taken":0,"max_hp_gain":0,"max_hp_loss":0,"event_name":"Ghosts","floor":28,"gold_loss":0},{"damage_healed":0,"gold_gain":0,"player_choice":"Forge","damage_taken":0,"max_hp_gain":0,"max_hp_loss":0,"event_name":"Accursed Blacksmith","floor":31,"gold_loss":0,"cards_upgraded":["LikeWater"]},{"damage_healed":0,"gold_gain":0,"player_choice":"Ignored","damage_taken":0,"max_hp_gain":0,"max_hp_loss":0,"event_name":"Mysterious Sphere","floor":39,"gold_loss":0},{"damage_healed":0,"gold_gain":0,"player_choice":"Memory 1","damage_taken":0,"max_hp_gain":0,"max_hp_loss":0,"event_name":"SensoryStone","floor":41,"gold_loss":0}],"is_beta":false,"boss_relics":[{"not_picked":["Philosopher\u0027s Stone","Tiny House"],"picked":"Pandora\u0027s Box"},{"not_picked":["Coffee Dripper","SlaversCollar"],"picked":"Busted Crown"}],"items_purged_floors":[21],"is_endless":false,"potions_floor_spawned":[2,4,12,13,14,20,22,33,36],"killed_by":"Reptomancer","ascension_level":1}}