{"host":"csv4uk4hw8wax4p9","time":1612428816,"event":{"mods":["Act Like it!","BaseMod","Challenge The Spire","Gensokyo","Minty Spire (QoL Compilation)","Quick Restart","Reimu£®≤©¿ˆ¡È√Œ£©","Reliquary","StSLib","°æ“≈ŒÔø®≈∆°øREMEMod"],"gold_per_floor":[112,3,16,16,16,46,46,46,115,148,382,399,418,436,436,541,541,553,572,63,0,20,48,48,66,90,90,302,331,331,331,331,426,426,444,444,63,63,63,91,108,108,132,132,132,160,160,194,194,194,194,194,10,40,40],"floor_reached":56,"language":"ZHS","playtime":7739,"items_purged":["Injury"],"score":1589,"play_id":"f2431c61-ee67-4f48-a0a9-4f4bda7813b4","local_time":"20210204165336","is_ascension_mode":false,"campfire_choices":[{"data":"ManaGlint:ReiMu","floor":8.0,"key":"SMITH"},{"data":"Mountainwind:ReiMu","floor":15.0,"key":"SMITH"},{"data":"Gensokyo:ManorOfTheDishes","floor":24.0,"key":"SMITH"},{"data":"YinYangSange:ReiMu","floor":30.0,"key":"SMITH"},{"data":"KamiRite:ReiMu","floor":32.0,"key":"SMITH"},{"floor":42.0,"key":"RECALL"},{"data":"CleanRite:ReiMu","floor":45.0,"key":"SMITH"},{"data":"SubcavityFantasy:ReiMu","floor":49.0,"key":"SMITH"},{"data":"Gensokyo:PrivateSquare","floor":52.0,"key":"SMITH"}],"circlet_count":0,"master_deck":["Defend_Lin:ReiMu","Defend_Lin:ReiMu+1","Defend_Lin:ReiMu","NB:ReiMu+1","Stagnation:ReiMu+1","ShadowOfCrow2:ReiMu","ManaGlint:ReiMu+1","Core Surge","Authority:ReiMu","AlertArray:ReiMu+1","Mountainwind:ReiMu+1","OrbThrow:ReiMu","SubAcupoint:ReiMu","MikOfLucky:ReiMu","FantasyMoon:ReiMu","FantasyBorder:ReiMu","FineLineFantasy:ReiMu","SpiritualOutbreak2:ReiMu","DependentForm:ReiMu","OrbThrow:ReiMu+1","SubcavityInstant:ReiMu+1","AirManeuver:ReiMu","Amulet:ReiMu+1","AirManeuver:ReiMu+1","TakeOff:ReiMu","Gensokyo:ManorOfTheDishes+1","YinYangSange:ReiMu+1","AirManeuver:ReiMu","RainPray2:ReiMu+1","SpreadBorder2:ReiMu","SubcavityFantasy:ReiMu+1","YinYangSange:ReiMu+1","WonderfulDomain:ReiMu","KamiRite:ReiMu+1","Gensokyo:FourOfAKind","Gensokyo:FourOfAKind","Gensokyo:FourOfAKind","Gensokyo:FourOfAKind","CleanRite:ReiMu+1","Gensokyo:PrivateSquare+1","PrayRite:ReiMu","WonderfulDomain:ReiMu","Gensokyo:MorningStar+1","Gathering:ReiMu"],"relics":["FlyPower:ReiMu","REME_ComplimentaryCards","NeowsBlessing","War Paint","Bronze Scales","Mummified Hand","Bottled Lightning","reliquary:WeakTea","Prayer Wheel","Astrolabe","TentaclePot:ReiMu","Vajra","Mastiff:ReiMu","reliquary:PurpleTingedLeaf","KaguraBell:ReiMu","Salt:ReiMu","reliquary:KinkedSpring","Gensokyo:DualWield","REME_CardOfGreed","reliquary:BoilingFlask","Dream Catcher","reliquary:ExpiredCoupon","reliquary:OuijaBoard","Calipers","Pantograph"],"acts_visited":["Gensokyo:Gensokyo","Gensokyo:Gensokyoer","Gensokyo:Gensokyoest","TheEnding"],"potions_floor_usage":[55,55],"damage_taken":[{"damage":0.0,"enemies":"Gensokyo:Python","floor":1.0,"turns":1.0},{"damage":10.0,"enemies":"Gensokyo:3_Fairies","floor":3.0,"turns":3.0},{"damage":0.0,"enemies":"Gensokyo:Aya","floor":6.0,"turns":1.0},{"damage":5.0,"enemies":"Gensokyo:Mamizou","floor":10.0,"turns":10.0},{"damage":2.0,"enemies":"Gensokyo:Aya","floor":11.0,"turns":5.0},{"damage":1.0,"enemies":"Gensokyo:2_Kodama","floor":12.0,"turns":3.0},{"damage":3.0,"enemies":"Gensokyo:VengefulSpirit","floor":13.0,"turns":5.0},{"damage":0.0,"enemies":"Gensokyo:Python_and_Kodama","floor":14.0,"turns":3.0},{"damage":26.0,"enemies":"Gensokyo:Yukari","floor":16.0,"turns":8.0},{"damage":10.0,"enemies":"Gensokyo:Chomper","floor":18.0,"turns":4.0},{"damage":0.0,"enemies":"Gensokyo:AngelMirror","floor":19.0,"turns":4.0},{"damage":13.0,"enemies":"Gensokyo:Slime_Group","floor":22.0,"turns":10.0},{"damage":15.0,"enemies":"Gensokyo:Tenshi","floor":23.0,"turns":6.0},{"damage":0.0,"enemies":"Gensokyo:Wraith","floor":25.0,"turns":5.0},{"damage":6.0,"enemies":"Gensokyo:Mirror_and_Dog","floor":28.0,"turns":7.0},{"damage":6.0,"enemies":"Gensokyo:Reisen","floor":29.0,"turns":6.0},{"damage":0.0,"enemies":"Gensokyo:Kaguya","floor":33.0,"turns":9.0},{"damage":0.0,"enemies":"Gensokyo:AncientGuardian","floor":35.0,"turns":5.0},{"damage":0.0,"enemies":"Gensokyo:Doremy","floor":40.0,"turns":4.0},{"damage":0.0,"enemies":"Gensokyo:3_Bats","floor":41.0,"turns":2.0},{"damage":0.0,"enemies":"Gensokyo:3_Bats","floor":44.0,"turns":7.0},{"damage":6.0,"enemies":"Gensokyo:Marisa","floor":46.0,"turns":5.0},{"damage":0.0,"enemies":"Gensokyo:Kasen","floor":48.0,"turns":4.0},{"damage":8.0,"enemies":"Gensokyo:Yuyuko","floor":50.0,"turns":3.0},{"damage":23.0,"enemies":"Shield and Spear","floor":54.0,"turns":5.0},{"damage":3,"enemies":"The Heart","floor":55,"turns":5}],"seed_played":"3695167074384721858","potions_obtained":[{"floor":1.0,"key":"Fire Potion"},{"floor":6.0,"key":"AttackPotion"},{"floor":12.0,"key":"DuplicationPotion"},{"floor":16.0,"key":"DistilledChaos"},{"floor":23.0,"key":"Weak Potion"},{"floor":35.0,"key":"EssenceOfSteel"},{"floor":48.0,"key":"Explosive Potion"}],"is_trial":false,"path_per_floor":["M","COS","M","$","?","E","?","R","T","?","E","M","M","M","R","B",null,"M","M","COS","?","M","E","R","M","T","T","M","E","R","?","R","B",null,"M","?","$","?","?","E","M","R","T","?","R","E","?","E","R","B",null,"R","$","E","B",null],"character_chosen":"REIMU","items_purchased":["REME_CardOfGreed","reliquary:BoilingFlask","Gathering:ReiMu","Ancient Potion"],"campfire_rested":0,"item_purchase_floors":[37,37,53,53],"current_hp_per_floor":[65,65,55,55,55,55,55,55,55,50,48,47,44,44,44,18,65,55,55,55,55,42,27,27,27,27,27,22,17,17,17,17,18,46,46,46,46,46,46,46,46,46,46,46,46,42,42,46,46,46,46,46,46,46,46],"gold":40,"neow_bonus":"THREE_ENEMY_KILL","is_daily":false,"chose_seed":false,"campfire_upgraded":8,"win_rate":0.0,"timestamp":1612428816,"path_taken":["M","COS","M","$","?","E","?","R","T","?","E","M","?","M","R","BOSS","M","M","COS","?","M","E","R","?","T","?","M","E","R","?","R","BOSS","M","?","$","?","?","E","M","R","T","?","R","E","?","E","R","BOSS","R","$","E","BOSS"],"items_purchased_type":["Relic","Relic","Card","Potion"],"build_version":"2020-12-22","purchased_purges":1,"victory":true,"max_hp_per_floor":[65,65,65,65,65,65,65,65,65,65,65,65,65,65,65,65,65,65,65,65,65,65,65,65,65,65,65,65,65,65,46,46,46,46,46,46,46,46,46,46,46,46,46,46,46,46,46,46,46,46,46,46,46,46,46],"card_choices":[{"not_picked":["UpKicking:ReiMu","RainPray2:ReiMu"],"picked":"ShadowOfCrow2:ReiMu","floor":1.0},{"not_picked":["YinYangSign:ReiMu","EmergencyTakeOff:ReiMu"],"picked":"ManaGlint:ReiMu","floor":3.0},{"not_picked":["SubAcupoint:ReiMu","SealNeedle:ReiMu"],"picked":"Authority:ReiMu","floor":6.0},{"not_picked":["AirStrike:ReiMu","TightArray:ReiMu"],"picked":"Mountainwind:ReiMu","floor":10.0},{"not_picked":["AirStrike:ReiMu","DoubleButterfly:ReiMu"],"picked":"OrbThrow:ReiMu","floor":11.0},{"not_picked":["YinYangSign:ReiMu","SubcavityInstant:ReiMu"],"picked":"SubAcupoint:ReiMu","floor":12.0},{"not_picked":["TightArray:ReiMu","Intuition:ReiMu"],"picked":"MikOfLucky:ReiMu","floor":12.0},{"not_picked":["LearningPray:ReiMu","CollectionFlower2:ReiMu"],"picked":"FantasyMoon:ReiMu","floor":13.0},{"not_picked":["SubAcupoint:ReiMu","NineCharacters:ReiMu"],"picked":"FantasyBorder:ReiMu","floor":13.0},{"not_picked":["WonderfulDomain:ReiMu","FantasyBorder:ReiMu"],"picked":"FineLineFantasy:ReiMu","floor":14.0},{"not_picked":["ManaGlint:ReiMu","Intuition:ReiMu"],"picked":"SpiritualOutbreak2:ReiMu","floor":14.0},{"not_picked":["RunawayExorcism:ReiMu","SubcavityFantasy:ReiMu"],"picked":"DependentForm:ReiMu","floor":16.0},{"not_picked":["SpringWay:ReiMu","CareerPray:ReiMu"],"picked":"AirManeuver:ReiMu","floor":18.0},{"not_picked":["Meditation:ReiMu","Enchanting:ReiMu"],"picked":"Amulet:ReiMu+1","floor":18.0},{"not_picked":["AirStrike:ReiMu","Amulet:ReiMu"],"picked":"AirManeuver:ReiMu+1","floor":19.0},{"not_picked":["AirStrike:ReiMu","RunawayExorcism:ReiMu"],"picked":"TakeOff:ReiMu","floor":19.0},{"not_picked":["RainPray2:ReiMu","InherentArray:ReiMu"],"picked":"YinYangSange:ReiMu+1","floor":22.0},{"not_picked":["Meditation:ReiMu","SubcavityInstant:ReiMu+1"],"picked":"AirManeuver:ReiMu","floor":22.0},{"not_picked":["Enchanting:ReiMu+1","SpreadBorder2:ReiMu+1"],"picked":"RainPray2:ReiMu+1","floor":23.0},{"not_picked":["AlertArray:ReiMu+1","OrbThrow:ReiMu"],"picked":"SpreadBorder2:ReiMu","floor":23.0},{"not_picked":["SealNeedle:ReiMu+1","CareerPray:ReiMu"],"picked":"SubcavityFantasy:ReiMu","floor":25.0},{"not_picked":["Conquer:ReiMu+1","Amulet:ReiMu+1"],"picked":"YinYangSange:ReiMu","floor":25.0},{"not_picked":["InherentArray:ReiMu","OrbThrow:ReiMu"],"picked":"WonderfulDomain:ReiMu","floor":28.0},{"not_picked":["Enchanting:ReiMu","DoubleButterfly:ReiMu","Meditation:ReiMu"],"picked":"SKIP","floor":28.0},{"not_picked":["Meditation:ReiMu","YinYangSign:ReiMu+1"],"picked":"KamiRite:ReiMu","floor":29.0},{"not_picked":["PrayRite:ReiMu","CardOfSanctity:ReiMu"],"picked":"CleanRite:ReiMu","floor":33.0},{"not_picked":["CareerPray:ReiMu+1","PayForSelf:ReiMu+1","SafetyPray:ReiMu"],"picked":"SKIP","floor":35.0},{"not_picked":["CareerPray:ReiMu+1","EmergencyTakeOff:ReiMu+1","SafetyPray:ReiMu"],"picked":"SKIP","floor":35.0},{"not_picked":["Dreaming2:ReiMu+1","Conquer:ReiMu+1","Crusade:ReiMu+1"],"picked":"SKIP","floor":40.0},{"not_picked":["Crusade:ReiMu","ShadowOfCrow2:ReiMu+1"],"picked":"WonderfulDomain:ReiMu","floor":41.0},{"not_picked":["TightArray:ReiMu+1","SafetyPray:ReiMu+1","BlastKick2:ReiMu"],"picked":"SKIP","floor":41.0},{"not_picked":["Gensokyo:Dawn+1","Gensokyo:RisingWorld+1"],"picked":"Gensokyo:MorningStar+1","floor":44.0},{"not_picked":["WonderfulDomain:ReiMu","SubAcupoint:ReiMu","Amulet:ReiMu+1"],"picked":"SKIP","floor":46.0},{"not_picked":["Meditation:ReiMu","EmergencyTakeOff:ReiMu+1","SubcavityInstant:ReiMu"],"picked":"SKIP","floor":48.0},{"not_picked":["Dreaming:ReiMu","Conquer:ReiMu","SpringWay:ReiMu"],"picked":"SKIP","floor":54.0}],"player_experience":503997,"relics_obtained":[{"floor":6.0,"key":"Bronze Scales"},{"floor":9.0,"key":"Mummified Hand"},{"floor":10.0,"key":"Bottled Lightning"},{"floor":11.0,"key":"reliquary:WeakTea"},{"floor":23.0,"key":"Mastiff:ReiMu"},{"floor":27.0,"key":"reliquary:PurpleTingedLeaf"},{"floor":29.0,"key":"Salt:ReiMu"},{"floor":40.0,"key":"Dream Catcher"},{"floor":43.0,"key":"reliquary:ExpiredCoupon"},{"floor":46.0,"key":"reliquary:OuijaBoard"},{"floor":48.0,"key":"Calipers"},{"floor":54.0,"key":"Pantograph"}],"event_choices":[],"is_beta":false,"boss_relics":[{"not_picked":["REME_DuelDisc","reliquary:Craggleroot"],"picked":"Astrolabe"},{"not_picked":["Cursed Key","Busted Crown"],"picked":"reliquary:KinkedSpring"}],"items_purged_floors":[53],"is_endless":false,"potions_floor_spawned":[1,6,12,16,19,23,25,35,48],"ascension_level":0}}