{"host":"9n6i2vl93jt4o42q","time":1612431144,"event":{"mods":["BaseMod","Minty Spire (QoL Compilation)","Relic Stats"],"gold_per_floor":[112,127,127,137,412,412,431,443,443,471,471,489,41,41,41,117,117,128,144,156,156,19,51,51,78,78,78,128,453,453,470,470,547,547,566,586,150,166,166,166],"floor_reached":39,"language":"ENG","playtime":3197,"items_purged":["Regret","Shame"],"score":932,"play_id":"bb60390c-9377-43c0-9aa7-40958f3913bb","local_time":"20210204103224","is_ascension_mode":true,"campfire_choices":[{"data":"Anger","floor":6.0,"key":"SMITH"},{"data":"True Grit","floor":11.0,"key":"SMITH"},{"data":"Seeing Red","floor":15.0,"key":"SMITH"},{"floor":27.0,"key":"RECALL"},{"floor":30,"key":"REST"},{"floor":32,"key":"REST"}],"circlet_count":0,"master_deck":["AscendersBane","Strike_R","Strike_R+1","Strike_R","Strike_R+1","Strike_R","Defend_R","Defend_R","Defend_R","Defend_R","Bash","Wild Strike","Anger+1","Seeing Red+1","True Grit+1","Carnage","Spot Weakness","Sword Boomerang","Metallicize","Whirlwind","Shockwave","Reaper","Metallicize+1","Shrug It Off","Intimidate","Armaments","Inflame","Burning Pact","Feel No Pain+1","Limit Break","Shrug It Off","Juggernaut+1","Sentinel","Bloodletting","Feel No Pain+1","Battle Trance","Headbutt"],"relics":["Burning Blood","Whetstone","MealTicket","Pen Nib","Akabeko","Fusion Hammer","Eternal Feather","Unceasing Top","Bronze Scales","Frozen Egg 2","Old Coin","Cursed Key","Bag of Preparation"],"acts_visited":["Exordium","TheCity","TheBeyond"],"potions_floor_usage":[38,38],"damage_taken":[{"damage":11.0,"enemies":"2 Louse","floor":1.0,"turns":2.0},{"damage":6.0,"enemies":"Cultist","floor":2.0,"turns":4.0},{"damage":7.0,"enemies":"Jaw Worm","floor":4.0,"turns":3.0},{"damage":18.0,"enemies":"Blue Slaver","floor":7.0,"turns":3.0},{"damage":13.0,"enemies":"Large Slime","floor":8.0,"turns":6.0},{"damage":22.0,"enemies":"3 Sentries","floor":10.0,"turns":6.0},{"damage":8.0,"enemies":"Looter","floor":12.0,"turns":2.0},{"damage":28.0,"enemies":"Slime Boss","floor":16.0,"turns":6.0},{"damage":16.0,"enemies":"Shell Parasite","floor":18.0,"turns":3.0},{"damage":12.0,"enemies":"Chosen","floor":19.0,"turns":4.0},{"damage":26.0,"enemies":"Shelled Parasite and Fungi","floor":20.0,"turns":4.0},{"damage":41.0,"enemies":"Gremlin Leader","floor":23.0,"turns":8.0},{"damage":7.0,"enemies":"Slavers","floor":25.0,"turns":2.0},{"damage":34,"enemies":"Book of Stabbing","floor":29,"turns":5},{"damage":9,"enemies":"Cultist and Chosen","floor":31,"turns":5},{"damage":74,"enemies":"Champ","floor":33,"turns":11},{"damage":35,"enemies":"3 Darklings","floor":35,"turns":4},{"damage":18,"enemies":"Orb Walker","floor":36,"turns":3},{"damage":47,"enemies":"Spire Growth","floor":38,"turns":5},{"damage":26,"enemies":"3 Darklings","floor":39,"turns":3}],"seed_played":"5745637061189553105","potions_obtained":[{"floor":4.0,"key":"DuplicationPotion"},{"floor":7.0,"key":"Regen Potion"},{"floor":16.0,"key":"Strength Potion"},{"floor":18.0,"key":"SteroidPotion"},{"floor":20.0,"key":"FairyPotion"},{"floor":23.0,"key":"EntropicBrew"},{"floor":38,"key":"SteroidPotion"}],"is_trial":false,"path_per_floor":["M","M","?","M","?","R","M","M","T","E","R","M","$","?","R","B",null,"M","M","M","?","$","E","?","E","T","R","?","E","R","M","R","B",null,"M","M","$","M","M"],"character_chosen":"IRONCLAD","items_purchased":["Metallicize","Whirlwind","Akabeko","Shockwave","Armaments","Inflame","Bag of Preparation","Feel No Pain+1","Battle Trance"],"campfire_rested":2,"item_purchase_floors":[13,13,13,13,22,22,37,37,37],"current_hp_per_floor":[63,63,68,67,67,67,55,48,48,47,47,45,60,60,60,38,70,60,54,44,44,59,54,54,53,53,71,63,42,80,77,80,22,66,37,25,40,25,0,0],"gold":166,"neow_bonus":"RANDOM_COMMON_RELIC","is_daily":false,"chose_seed":false,"campfire_upgraded":3,"win_rate":0.0,"timestamp":1612431144,"path_taken":["M","M","?","M","?","R","M","?","T","E","R","M","$","?","R","BOSS","M","M","M","?","$","E","?","E","T","R","?","E","R","M","R","BOSS","M","M","$","M","?"],"items_purchased_type":["Card","Card","Relic","Card","Card","Card","Relic","Card","Card"],"build_version":"2020-12-22","purchased_purges":2,"victory":false,"max_hp_per_floor":[75,75,80,80,80,80,80,80,80,80,80,80,80,80,80,80,80,80,80,80,80,80,80,80,80,80,80,80,80,80,80,80,80,80,80,80,80,80,80,80],"relic_stats":{"counters":[20,89],"Bronze Scales":[111],"MealTicket":45,"Eternal Feather":39,"Pen Nib":[11],"Bag of Preparation":[4],"Whetstone":["Strike_R","Strike_R"],"Cursed Key":0,"obtain_stats":[{"Eternal Feather":23,"Pen Nib":10,"Bag of Preparation":37,"Whetstone":0,"Frozen Egg 2":26,"Cursed Key":34,"Burning Blood":0,"Akabeko":13,"Old Coin":29,"Bronze Scales":25,"MealTicket":9,"Fusion Hammer":17,"Unceasing Top":24},{"Eternal Feather":12,"Pen Nib":6,"Bag of Preparation":18,"Whetstone":0,"Frozen Egg 2":13,"Cursed Key":16,"Burning Blood":0,"Akabeko":7,"Old Coin":14,"Bronze Scales":13,"MealTicket":5,"Fusion Hammer":8,"Unceasing Top":12},{"Eternal Feather":51,"Pen Nib":24,"Bag of Preparation":81,"Whetstone":0,"Frozen Egg 2":53,"Cursed Key":74,"Burning Blood":0,"Akabeko":26,"Old Coin":58,"Bronze Scales":53,"MealTicket":18,"Fusion Hammer":32,"Unceasing Top":51}],"Burning Blood":114,"Unceasing Top":[3]},"card_choices":[{"not_picked":["Thunderclap","Ghostly Armor"],"picked":"Wild Strike","floor":1.0},{"not_picked":["Wild Strike","Thunderclap"],"picked":"Anger","floor":2.0},{"not_picked":["Clothesline","Headbutt"],"picked":"Seeing Red","floor":4.0},{"not_picked":["Thunderclap","Rage"],"picked":"True Grit","floor":7.0},{"not_picked":["Rupture","Havoc"],"picked":"Carnage","floor":8.0},{"not_picked":["Sever Soul","Carnage"],"picked":"Spot Weakness","floor":10.0},{"not_picked":["Power Through","Anger"],"picked":"Sword Boomerang","floor":12.0},{"not_picked":["Bludgeon","Exhume"],"picked":"Reaper","floor":16.0},{"not_picked":["Twin Strike","Anger"],"picked":"Metallicize+1","floor":18.0},{"not_picked":["Wild Strike","Pommel Strike"],"picked":"Shrug It Off","floor":19.0},{"not_picked":["Cleave","Sever Soul"],"picked":"Intimidate","floor":20.0},{"not_picked":["Flame Barrier","Second Wind"],"picked":"Burning Pact","floor":23.0},{"not_picked":["Dark Embrace","Clothesline"],"picked":"Feel No Pain+1","floor":25.0},{"not_picked":["Thunderclap","Body Slam"],"picked":"Limit Break","floor":29},{"not_picked":["Cleave","Iron Wave"],"picked":"Shrug It Off","floor":31},{"not_picked":["Impervious","Brutality+1"],"picked":"Juggernaut+1","floor":33},{"not_picked":["Pommel Strike","Clash"],"picked":"Sentinel","floor":35},{"not_picked":["Heavy Blade","Shockwave"],"picked":"Bloodletting","floor":36},{"not_picked":["Sentinel","Warcry"],"picked":"Headbutt","floor":38}],"player_experience":2421370,"relics_obtained":[{"floor":9.0,"key":"MealTicket"},{"floor":10.0,"key":"Pen Nib"},{"floor":23.0,"key":"Eternal Feather"},{"floor":25.0,"key":"Bronze Scales"},{"floor":26.0,"key":"Frozen Egg 2"},{"floor":29,"key":"Old Coin"}],"event_choices":[{"damage_healed":0.0,"max_hp_gain":5.0,"max_hp_loss":0.0,"gold_gain":0.0,"event_name":"Big Fish","player_choice":"Donut","floor":3.0,"gold_loss":0.0,"damage_taken":0.0},{"damage_healed":0.0,"max_hp_gain":0.0,"max_hp_loss":0.0,"gold_gain":275.0,"event_name":"Golden Shrine","player_choice":"Desecrate","floor":5.0,"gold_loss":0.0,"damage_taken":0.0,"cards_obtained":["Regret"]},{"damage_healed":0.0,"max_hp_gain":0.0,"max_hp_loss":0.0,"gold_gain":0.0,"event_name":"Liars Game","player_choice":"Ignored","floor":14.0,"gold_loss":0.0,"damage_taken":0.0},{"damage_healed":0.0,"max_hp_gain":0.0,"max_hp_loss":0.0,"gold_gain":0.0,"event_name":"Ghosts","player_choice":"Ignored","floor":21.0,"gold_loss":0.0,"damage_taken":0.0},{"damage_healed":0.0,"max_hp_gain":0.0,"max_hp_loss":0.0,"gold_gain":0.0,"event_name":"Addict","player_choice":"Stole Relic","floor":24.0,"gold_loss":0.0,"damage_taken":0.0,"relics_obtained":["Unceasing Top"],"cards_obtained":["Shame"]},{"damage_healed":0,"gold_gain":50,"player_choice":"Touch","damage_taken":8,"max_hp_gain":0,"max_hp_loss":0,"event_name":"FaceTrader","floor":28,"gold_loss":0}],"is_beta":false,"boss_relics":[{"not_picked":["Black Star","Velvet Choker"],"picked":"Fusion Hammer"},{"not_picked":["Busted Crown","Runic Dome"],"picked":"Cursed Key"}],"items_purged_floors":[13,37],"is_endless":false,"potions_floor_spawned":[4,7,16,18,20,23,29,36,38],"killed_by":"3 Darklings","ascension_level":20}}