{"host":"r1loscbh0is2dydg","time":1612472689,"event":{"mods":["AchievementEnabler","BaseMod","Colored Map","Colored Powertips","Hermit","Minty Spire (QoL Compilation)","Quick Restart","Rare Cards Sparkle","StSLib","SuperFastMode","The Cursed","egg"],"gold_per_floor":[118,118,118,131,151,151,162,162,162,237,237,265,78,92,92,187,187,203,203,124,141,141,141],"floor_reached":22,"language":"FRA","playtime":2397,"items_purged":[],"score":227,"play_id":"a467fea8-579f-4a56-aab7-fb62b8eb949e","local_time":"20210204220449","is_ascension_mode":true,"campfire_choices":[{"floor":6.0,"key":"REST"},{"data":"Double Tap","floor":8.0,"key":"SMITH"},{"data":"Blood for Blood","floor":11.0,"key":"SMITH"},{"data":"Chrysalis","floor":15.0,"key":"SMITH"}],"circlet_count":0,"master_deck":["Strike_R","Strike_R","Strike_R","Strike_R","Strike_R","Defend_R","Defend_R","Defend_R","Defend_R","Bash","Flame Barrier","Blood for Blood+1","Thunderclap","Double Tap+1","Sword Boomerang","Chrysalis+1","Berserk","Cleave","Inflame","Cleave"],"relics":["Burning Blood","Magic Flower","Pear","Sozu","Nilry\u0027s Codex"],"acts_visited":["Exordium","TheCity"],"potions_floor_usage":[21,22],"damage_taken":[{"damage":19.0,"enemies":"Small Slimes","floor":1.0,"turns":3.0},{"damage":7.0,"enemies":"2 Louse","floor":4.0,"turns":2.0},{"damage":0.0,"enemies":"Jaw Worm","floor":5.0,"turns":5.0},{"damage":17.0,"enemies":"3 Louse","floor":7.0,"turns":3.0},{"damage":8.0,"enemies":"3 Sentries","floor":12.0,"turns":6.0},{"damage":16.0,"enemies":"Large Slime","floor":14.0,"turns":7.0},{"damage":44.0,"enemies":"Slime Boss","floor":16.0,"turns":11.0},{"damage":49.0,"enemies":"Shell Parasite","floor":18.0,"turns":4.0},{"damage":0,"enemies":"Chosen","floor":21,"turns":3},{"damage":35,"enemies":"Sentry and Sphere","floor":22,"turns":4}],"seed_played":"-2584592434973936632","potions_obtained":[{"floor":0.0,"key":"Ancient Potion"},{"floor":0.0,"key":"DistilledChaos"},{"floor":0.0,"key":"Weak Potion"},{"floor":1.0,"key":"SkillPotion"},{"floor":5.0,"key":"BlessingOfTheForge"},{"floor":12.0,"key":"BlessingOfTheForge"},{"floor":14.0,"key":"CultistPotion"}],"is_trial":false,"path_per_floor":["M","?","?","M","M","R","M","R","T","?","R","E","$","M","R","B",null,"M","?","$","M","M"],"character_chosen":"IRONCLAD","items_purchased":["Chrysalis","Inflame"],"campfire_rested":1,"item_purchase_floors":[13,20],"current_hp_per_floor":[67,60,65,67,76,85,77,77,77,66,66,77,77,70,70,35,95,55,39,39,48,13,13],"gold":141,"neow_bonus":"THREE_SMALL_POTIONS","is_daily":false,"chose_seed":false,"campfire_upgraded":3,"win_rate":0.0,"timestamp":1612472689,"path_taken":["M","?","?","?","M","R","M","R","T","?","R","E","$","M","R","BOSS","M","?","$","M","M"],"items_purchased_type":["Card","Card"],"build_version":"2020-12-22","purchased_purges":0,"victory":false,"max_hp_per_floor":[80,80,85,85,85,85,85,85,85,85,85,95,95,95,95,95,95,95,95,95,95,95,95],"card_choices":[{"not_picked":["Perfected Strike","Seeing Red"],"picked":"Flame Barrier","floor":1.0},{"not_picked":["Wild Strike","Shrug It Off"],"picked":"Blood for Blood","floor":4.0},{"not_picked":["Second Wind","Bloodletting"],"picked":"Thunderclap","floor":5.0},{"not_picked":["Heavy Blade","Wild Strike"],"picked":"Double Tap","floor":7.0},{"not_picked":["Iron Wave","Evolve"],"picked":"Sword Boomerang","floor":12.0},{"not_picked":["Perfected Strike","Warcry","Evolve"],"picked":"SKIP","floor":14.0},{"not_picked":["Fiend Fire","Juggernaut"],"picked":"Berserk","floor":16.0},{"not_picked":["Perfected Strike","Clash"],"picked":"Cleave","floor":18.0},{"not_picked":["Clash","Burning Pact+1"],"picked":"Cleave","floor":21}],"player_experience":472663,"relics_obtained":[{"floor":12.0,"key":"Pear"},{"floor":19.0,"key":"Nilry\u0027s Codex"}],"event_choices":[{"damage_healed":0.0,"max_hp_gain":0.0,"max_hp_loss":0.0,"gold_gain":0.0,"event_name":"Scrap Ooze","player_choice":"Success","floor":2.0,"gold_loss":0.0,"damage_taken":7.0,"relics_obtained":["Magic Flower"]},{"damage_healed":0.0,"max_hp_gain":5.0,"max_hp_loss":0.0,"gold_gain":0.0,"event_name":"Big Fish","player_choice":"Donut","floor":3.0,"gold_loss":0.0,"damage_taken":0.0},{"damage_healed":0.0,"max_hp_gain":0.0,"max_hp_loss":0.0,"gold_gain":75.0,"event_name":"World of Goop","player_choice":"Gather Gold","floor":10.0,"gold_loss":0.0,"damage_taken":11.0},{"damage_healed":0.0,"max_hp_gain":0.0,"max_hp_loss":0.0,"gold_gain":0.0,"event_name":"Cursed Tome","player_choice":"Obtained Book","floor":19.0,"gold_loss":0.0,"damage_taken":16.0}],"is_beta":false,"boss_relics":[{"not_picked":["Velvet Choker","Runic Dome"],"picked":"Sozu"}],"items_purged_floors":[],"is_endless":false,"potions_floor_spawned":[1,5,12,14],"killed_by":"Sentry and Sphere","ascension_level":2}}