{"host":"uhnh33uh34qot0et","time":1612482092,"event":{"mods":["BaseMod","Colored Map","Downfall","Hermit","Marisa????????","Minty Spire (QoL Compilation)","StSLib","The Bug Knight","The Cursed","The Servant 0.9.4"],"gold_per_floor":[99,118,118,133,233,265,265,165,182,198,198,216,216,6,26,128,128,128,142,227,227,240,266,266,266,266,266],"floor_reached":25,"language":"ENG","playtime":1624,"items_purged":[],"score":246,"play_id":"4c608c15-c560-4575-b2af-a5923e1ce97c","local_time":"20210205004132","is_ascension_mode":false,"campfire_choices":[{"floor":1,"key":"RECALL"},{"data":"Guardian:TwinSlam","floor":8,"key":"SMITH"},{"data":"Guardian:TimeBomb","floor":11,"key":"SMITH"},{"floor":13,"key":"REST"},{"data":"Guardian:BaubleBeam","floor":18,"key":"SMITH"}],"circlet_count":0,"master_deck":["Guardian:Strike_Guardian","Guardian:Strike_Guardian","Guardian:Strike_Guardian","Guardian:Defend_Guardian","Guardian:Defend_Guardian","Guardian:Defend_Guardian","Guardian:Defend_Guardian","Guardian:CurlUp","Guardian:TwinSlam+1","Guardian:SentryBeam","Guardian:Repulse","Guardian:TimeBomb+1","Guardian:PrimingBeam","Guardian:BaubleBeam+1","Guardian:CrystalBeam","Guardian:StasisField","Guardian:Gem_Red","Guardian:Gem_Fragmented","Guardian:RollAttack+1"],"relics":["Guardian:ModeShifter","Pear","Kunai","downfall:HeartBlessingRed","SlaversCollar","Nilry\u0027s Codex","HornCleat"],"acts_visited":["Exordium","TheCity"],"potions_floor_usage":[6,14,16,16,23,23,23],"damage_taken":[{"damage":1,"enemies":"Jaw Worm","floor":2,"turns":5},{"damage":0,"enemies":"2 Louse","floor":4,"turns":3},{"damage":45,"enemies":"HollowMod:MossKnight","floor":6,"turns":26},{"damage":0,"enemies":"Cultist","floor":9,"turns":4},{"damage":0,"enemies":"Lots of Slimes","floor":10,"turns":4},{"damage":4,"enemies":"Large Slime","floor":12,"turns":5},{"damage":0,"enemies":"downfall:FleeingMerchant","floor":14,"turns":4},{"damage":9,"enemies":"Exordium Wildlife","floor":15,"turns":5},{"damage":11,"enemies":"DF_ARCHETYPE_STREAMLINE","floor":16,"turns":8},{"damage":10,"enemies":"Spheric Guardian","floor":19,"turns":4},{"damage":18,"enemies":"Snake Plant","floor":22,"turns":5},{"damage":15,"enemies":"Slavers","floor":23,"turns":4},{"damage":24,"enemies":"Gremlin Leader","floor":25,"turns":6}],"seed_played":"-1389045260330945612","potions_obtained":[{"floor":4,"key":"Fire Potion"},{"floor":10,"key":"BlessingOfTheForge"},{"floor":12,"key":"DuplicationPotion"},{"floor":15,"key":"BlessingOfTheForge"},{"floor":19,"key":"ColorlessPotion"},{"floor":22,"key":"bronze:BurnAndBuffPotion"}],"is_trial":false,"path_per_floor":["R","M","?","M","?","E","T","R","M","M","R","M","R","$","M","B",null,"R","M","?","?","M","E","T","E"],"character_chosen":"GUARDIAN","items_purchased":["Guardian:BaubleBeam","champ:CounterPotion"],"campfire_rested":1,"item_purchase_floors":[14,14],"current_hp_per_floor":[88,87,87,87,87,52,52,52,52,52,52,48,77,77,68,57,98,98,88,72,56,38,23,23,0,0,0],"gold":266,"neow_bonus":"TEN_PERCENT_HP_BONUS","is_daily":false,"chose_seed":false,"campfire_upgraded":3,"win_rate":0.0,"timestamp":1612482092,"path_taken":["R","M","?","M","?","E","T","R","M","M","R","M","R","?","M","BOSS","R","M","?","?","M","E","T","E"],"items_purchased_type":["Card","Potion"],"build_version":"2020-12-22","purchased_purges":0,"victory":false,"max_hp_per_floor":[88,88,88,88,88,98,98,98,98,98,98,98,98,98,98,98,98,98,98,98,98,98,98,98,98,98,98],"card_choices":[{"not_picked":["Guardian:PrimingBeam","Guardian:ShieldCharger"],"picked":"Guardian:Gem_Purple","floor":2},{"not_picked":["Guardian:Gem_Lightblue","Guardian:Reroute"],"picked":"Guardian:SentryBeam","floor":4},{"not_picked":["Guardian:ChargeCore","Guardian:PrimingBeam"],"picked":"Guardian:Repulse","floor":6},{"not_picked":["Guardian:Gem_White","Guardian:ShieldSpikes"],"picked":"Guardian:Gem_Yellow","floor":9},{"not_picked":["Guardian:ShieldSpikes","Guardian:Gem_Red"],"picked":"Guardian:TimeBomb","floor":10},{"not_picked":["Guardian:TemporalShield","Guardian:Gem_Lightblue"],"picked":"Guardian:PrimingBeam","floor":12},{"not_picked":["Guardian:Gem_Green","Guardian:Clone"],"picked":"Guardian:Gem_Orange","floor":14},{"not_picked":["Guardian:Clone","Guardian:Reroute"],"picked":"Guardian:CrystalBeam","floor":15},{"not_picked":["Guardian:HyperBeam_Guardian","Guardian:ConstructionForm"],"picked":"Guardian:StasisField","floor":16},{"not_picked":["Guardian:Gem_Blue","Guardian:Recover"],"picked":"Guardian:Gem_Red","floor":19},{"not_picked":["Guardian:Gem_Cyan","Guardian:TemporalStrike"],"picked":"Guardian:Gem_Fragmented","floor":22},{"not_picked":["Guardian:FastForward","Guardian:WalkerClaw"],"picked":"Guardian:RollAttack+1","floor":23}],"player_experience":1561,"relics_obtained":[{"floor":6,"key":"Pear"},{"floor":7,"key":"Kunai"},{"floor":21,"key":"Nilry\u0027s Codex"},{"floor":23,"key":"HornCleat"}],"event_choices":[],"is_beta":false,"boss_relics":[{"not_picked":["Guardian:StasisSlotReductionRelic","Sozu"],"picked":"SlaversCollar"}],"items_purged_floors":[],"is_endless":false,"potions_floor_spawned":[4,10,12,15,19,22],"killed_by":"Gremlin Leader","ascension_level":0}}