{"host":"ceheqh86fk4eo7wc","time":1612461207,"event":{"mods":["Aspiration","BaseMod","BetterRewards","Conspire","Downfall","Hermit","Hubris","Infinite Spire","Marisa????????","Minty Spire (QoL Compilation)","READ ME - Snecko Mod","Replay The Spire","StSLib","The Administrix","The Animator","The Cursed","The Poker Player","The Servant 0.9.4","slay the spire mod where everything is the same but ironclad has a cowboy hat"],"gold_per_floor":[114,114,114,131,141,141,141,92,145,179,215,180,180,180],"floor_reached":13,"language":"ENG","playtime":347,"items_purged":[],"score":81,"play_id":"023612bd-caf1-4316-a418-a25bdaff2152","local_time":"20210204095327","is_ascension_mode":false,"campfire_choices":[{"data":"Perfected Strike","floor":6,"key":"SMITH"}],"circlet_count":0,"master_deck":["Strike_R+1","Strike_R","Strike_R","Strike_R","Defend_R","Defend_R","Defend_R","Defend_R","Bash+1","Perfected Strike+1","Replay:Undeath\u0027s Touch+1","Clothesline+1","ReplayTheSpireMod:Corrosion Curse","hubris:ReadiedAction","Rampage","Clothesline"],"relics":["Burning Blood","aspiration:Nostalgia","hermit:Momento","Juzu Bracelet","Bag of Preparation","Whetstone","Centennial Puzzle"],"acts_visited":["Exordium"],"potions_floor_usage":[5,10],"damage_taken":[{"damage":8,"enemies":"Small Slimes","floor":1,"turns":4},{"damage":1,"enemies":"Jaw Worm","floor":4,"turns":3},{"damage":0,"enemies":"2 Louse","floor":5,"turns":3},{"damage":37,"enemies":"3 Sentries","floor":10,"turns":9},{"damage":34,"enemies":"conspire:MimicChest","floor":11,"turns":5},{"damage":0,"enemies":"Lagavulin","floor":13,"turns":1}],"seed_played":"-7665174052173869728","potions_obtained":[{"floor":1,"key":"Weak Potion"},{"floor":5,"key":"champ:CounterPotion"}],"is_trial":false,"path_per_floor":["M","?","?","M","M","R","?","$","T","E","?","?","E"],"character_chosen":"IRONCLAD","items_purchased":["hubris:ReadiedAction"],"campfire_rested":0,"item_purchase_floors":[8],"current_hp_per_floor":[78,78,71,76,80,80,80,80,80,49,21,41,41,41],"gold":180,"neow_bonus":"NOSTALGIA","is_daily":false,"chose_seed":false,"campfire_upgraded":1,"win_rate":0.0,"timestamp":1612461207,"path_taken":["M","?","?","M","M","R","?","?","T","E","?","?","E"],"items_purchased_type":["Card"],"build_version":"2020-12-22","purchased_purges":0,"victory":false,"max_hp_per_floor":[80,80,80,80,80,80,80,80,80,80,80,80,80,80],"card_choices":[{"not_picked":["Dark Embrace","Infernal Blade"],"picked":"Perfected Strike","floor":1},{"not_picked":["Evolve","True Grit"],"picked":"Clothesline","floor":4},{"not_picked":["True Grit","Rampage"],"picked":"ReplayTheSpireMod:Corrosion Curse","floor":5},{"not_picked":["Rupture","Body Slam"],"picked":"Rampage","floor":10},{"not_picked":["ReplayTheSpireMod:Stacked","Thunderclap"],"picked":"Clothesline","floor":11}],"player_experience":60626,"relics_obtained":[{"floor":9,"key":"Bag of Preparation"},{"floor":10,"key":"Whetstone"},{"floor":11,"key":"Centennial Puzzle"}],"event_choices":[{"damage_healed":0,"gold_gain":0,"player_choice":"Success","damage_taken":7,"relics_obtained":["Juzu Bracelet"],"max_hp_gain":0,"max_hp_loss":0,"event_name":"Scrap Ooze","floor":3,"gold_loss":0},{"damage_healed":20,"gold_gain":0,"player_choice":"Healed","damage_taken":0,"max_hp_gain":0,"max_hp_loss":0,"event_name":"The Cleric","floor":12,"gold_loss":35}],"is_beta":false,"boss_relics":[],"items_purged_floors":[],"is_endless":false,"potions_floor_spawned":[1,5],"killed_by":"Lagavulin","ascension_level":0}}