{"host":"l5zfpd2l2htson6l","time":1612469275,"event":{"mods":["AchievementEnabler","BaseMod","Colored Map","Colored Powertips","Minty Spire (QoL Compilation)","Permanent Neow","Quick Restart","Rare Cards Sparkle","Relic Stats","SuperFastMode"],"gold_per_floor":[115,125,125,144,144,144,173,173,173,183,196,213,213,238,250,262,262],"floor_reached":16,"language":"ENG","playtime":688,"items_purged":[],"score":224,"play_id":"745228ee-9bf0-4f54-bf40-5870080f0df3","local_time":"20210204120755","is_ascension_mode":true,"campfire_choices":[{"data":"Uppercut","floor":6.0,"key":"SMITH"},{"floor":8.0,"key":"REST"},{"floor":13.0,"key":"REST"},{"data":"Carnage","floor":15.0,"key":"SMITH"}],"circlet_count":0,"master_deck":["AscendersBane","Strike_R","Strike_R","Strike_R","Strike_R","Defend_R","Defend_R","Defend_R","Defend_R","Bash","Offering","Carnage+1","Ghostly Armor","Uppercut+1","Pain","Seeing Red","Battle Trance","Intimidate","Havoc","Warcry"],"relics":["Burning Blood","WarpedTongs","Unceasing Top","Champion Belt","MawBank"],"acts_visited":["Exordium"],"potions_floor_usage":[],"damage_taken":[{"damage":6.0,"enemies":"Cultist","floor":1.0,"turns":2.0},{"damage":7.0,"enemies":"2 Louse","floor":2.0,"turns":2.0},{"damage":8.0,"enemies":"Small Slimes","floor":4.0,"turns":3.0},{"damage":17.0,"enemies":"Gremlin Nob","floor":7.0,"turns":3.0},{"damage":13.0,"enemies":"Blue Slaver","floor":10.0,"turns":5.0},{"damage":22.0,"enemies":"Gremlin Gang","floor":11.0,"turns":6.0},{"damage":8.0,"enemies":"Large Slime","floor":12.0,"turns":4.0},{"damage":17.0,"enemies":"3 Sentries","floor":14.0,"turns":7.0},{"damage":53,"enemies":"Slime Boss","floor":16,"turns":4}],"seed_played":"-8251831852720484202","potions_obtained":[{"floor":1.0,"key":"Swift Potion"},{"floor":2.0,"key":"Block Potion"},{"floor":4.0,"key":"BlessingOfTheForge"}],"is_trial":false,"path_per_floor":["M","M","?","M","?","R","E","R","T","M","M","M","R","E","R","B"],"character_chosen":"IRONCLAD","items_purchased":[],"campfire_rested":2,"item_purchase_floors":[],"current_hp_per_floor":[50,49,42,40,40,40,29,51,51,44,28,26,48,37,37,0,0],"gold":262,"neow_bonus":"THREE_RARE_CARDS","is_daily":false,"chose_seed":false,"campfire_upgraded":2,"win_rate":0.0,"timestamp":1612469275,"path_taken":["M","M","?","M","?","R","E","R","T","M","M","?","R","E","R","BOSS"],"items_purchased_type":[],"build_version":"2020-12-22","purchased_purges":0,"victory":false,"max_hp_per_floor":[75,75,75,75,75,75,75,75,75,75,75,75,75,75,75,75,75],"relic_stats":{"counters":[9,36],"Champion Belt":[10],"MawBank":24,"obtain_stats":[{"Champion Belt":9,"MawBank":14,"Burning Blood":0,"Unceasing Top":7,"WarpedTongs":5},{"Champion Belt":4,"MawBank":8,"Burning Blood":0,"Unceasing Top":4,"WarpedTongs":3},{"Champion Belt":10,"MawBank":32,"Burning Blood":0,"Unceasing Top":10,"WarpedTongs":7}],"Burning Blood":48,"Unceasing Top":[0],"WarpedTongs":[29]},"card_choices":[{"not_picked":["Impervious","Limit Break"],"picked":"Offering","floor":0.0},{"not_picked":["Sentinel","Body Slam"],"picked":"Carnage","floor":1.0},{"not_picked":["Entrench","Perfected Strike"],"picked":"Ghostly Armor","floor":2.0},{"not_picked":["Clash","True Grit"],"picked":"Uppercut","floor":4.0},{"not_picked":["Pummel","Body Slam"],"picked":"Seeing Red","floor":7.0},{"not_picked":["Dual Wield","Evolve"],"picked":"Battle Trance","floor":10.0},{"not_picked":["Armaments","Wild Strike"],"picked":"Intimidate","floor":11.0},{"not_picked":["Flex","Pommel Strike"],"picked":"Havoc","floor":12.0},{"not_picked":["Sword Boomerang","Cleave"],"picked":"Warcry","floor":14.0}],"player_experience":885934,"relics_obtained":[{"floor":7.0,"key":"Unceasing Top"},{"floor":9.0,"key":"Champion Belt"},{"floor":14.0,"key":"MawBank"}],"event_choices":[{"cards_removed":["Strike_R"],"damage_healed":0.0,"max_hp_gain":0.0,"max_hp_loss":0.0,"gold_gain":0.0,"event_name":"Golden Wing","player_choice":"Card Removal","floor":3.0,"gold_loss":0.0,"damage_taken":7.0},{"damage_healed":0.0,"max_hp_gain":0.0,"max_hp_loss":0.0,"gold_gain":0.0,"event_name":"Accursed Blacksmith","player_choice":"Rummage","floor":5.0,"gold_loss":0.0,"damage_taken":0.0,"relics_obtained":["WarpedTongs"],"cards_obtained":["Pain"]}],"is_beta":false,"boss_relics":[],"items_purged_floors":[],"is_endless":false,"potions_floor_spawned":[1,2,4,7],"killed_by":"Slime Boss","ascension_level":20}}