{"host":"h51tltv0izczgxti","time":1612462271,"event":{"mods":["2.2 Compatiblity","AchievementEnabler","Act Like it!","Aspiration","BaseMod","Beaked The Cultist","Better Altar","Better Match","Better Note","Better Sensory Stone","Better Skull","Better Third Choice","Better Vampires","BetterRewards","Clockwork Mod","Gensokyo","Halation","Hallownest","Hermit","HololiveMod","Hubris","Infinite Spire","Koishi","Mad Scientist","Magitek Elite","Marisa????????","Melee Mod","Minty Spire (QoL Compilation)","Pale of the Ancients","Poor People Problems","Prisma Mod","Random Character Button","Relic Filter Mod","Reliquary","Remilia??????","Replay The Spire","Retaliation","Robot Space Explorer","Shade Mod","Spicy Shops","Spire Arcade","StS++","StSLib","Strawberry Spire","The Animator","The Bug Knight","The Gatherer","The Kombatant","The Poker Player","The Servant 0.9.4","The Wild Card","TheBandit","WarShipGirlsR/????R mod","Yuyuko"],"gold_per_floor":[112,112,124,142,154,154,182,41,41,41,59,71,96,114,114,713,713,730,91,91,91,91,91,126,138,138,171,31,95,123,123,123,328,328,346,359,359,359,377,377,388,388,461,386,40,72,86,7,7,7],"floor_reached":51,"language":"ENG","playtime":2888,"items_purged":["Strike_S","Defend_S","Injury"],"score":1034,"play_id":"20085221-7978-438e-8e85-c5ae698268ec","local_time":"20210204121111","is_ascension_mode":true,"campfire_choices":[{"data":"KidneyShot","floor":6,"key":"SMITH"},{"data":"Exchange","floor":15,"key":"SMITH"},{"data":"TheWorld","floor":23,"key":"SMITH"},{"data":"Starlight","floor":32,"key":"SMITH"},{"data":"Cloak And Dagger","floor":40,"key":"SMITH"}],"circlet_count":0,"master_deck":["Strike_S+1","Defend_S","Defend_S","KidneyShot+1","Exchange+1","Rearm","SurpressingFire","Rearm","Starlight","Die Die Die","Cloak And Dagger+1","Riddle With Holes","Luminosity","Rewind","Dilation","TheWorld+1","Moonlight+1","Dilation","ShatteredReality","Ricochet","GearUp","infinitespire:Collect","SurpressingFire","KillingDoll+1","FastForward","Luminosity","Luminosity","Luminosity","Luminosity","Luminosity","SurpressingFire","Starlight","Starlight+1","FloweringNight+1","Deny","MoonPhase+1","Rearm","Rewind+1","hubris:DuctTapeCard","Replace","BottledTime+1","ReplayTheSpireMod:IOU"],"relics":["Uniform","aspiration:Nostalgia","beaked:MendingPlumage","halation:EternalFortune","hubris:TinFlute","infinitespire:Lucky Rock","Bag of Marbles","The Courier","strawberrySpire:SolarisEssence","Strange Spoon","Whetstone","halation:PrussianBluePaint","aspiration:DSix","hubris:Towel","reliquary:TatteredRug","Philosopher\u0027s Stone","Strawberry","hubris:GlazedTorus","aspiration:SeaSaltIceCream","meleeMod_LosersMang0","Replay:Wax Seal","strawberrySpire:BrokenPrinter","infinitespire:Satchel","ReplayTheSpireMod:Ring of Challenge","strawberrySpire:Dictionifier","hubris:CuriousFeather","infinitespire:BottledMercury","StSpp:JackpotMachine","reliquary:Bookmark","hubris:DuctTape","Chemical X","Omamori","aspiration:Lifesprig"],"acts_visited":["Gensokyo:Gensokyo","Gensokyo:Gensokyoer","Gensokyo:Gensokyoest"],"potions_floor_usage":[5,16,24,30,33,46,50,50],"damage_taken":[{"damage":7,"enemies":"Gensokyo:Gryphon","floor":1,"turns":4},{"damage":3,"enemies":"Gensokyo:Python","floor":3,"turns":4},{"damage":3,"enemies":"Gensokyo:2_Kodama","floor":4,"turns":8},{"damage":26,"enemies":"Gensokyo:2_Rabbits","floor":5,"turns":8},{"damage":17,"enemies":"Gensokyo:Mamizou","floor":7,"turns":9},{"damage":0,"enemies":"Gensokyo:3_Kodama","floor":11,"turns":2},{"damage":0,"enemies":"Gensokyo:VengefulSpirit","floor":12,"turns":3},{"damage":31,"enemies":"Gensokyo:Aya","floor":13,"turns":8},{"damage":12,"enemies":"Gensokyo:Gryphon_and_Rabbit","floor":14,"turns":3},{"damage":12,"enemies":"Gensokyo:Kokoro","floor":16,"turns":12},{"damage":0,"enemies":"Gensokyo:2_Gloops","floor":18,"turns":3},{"damage":0,"enemies":"Gensokyo:Koishi","floor":24,"turns":4},{"damage":0,"enemies":"Gensokyo:3_Dogs","floor":25,"turns":1},{"damage":18,"enemies":"Gensokyo:Tenshi","floor":27,"turns":2},{"damage":14,"enemies":"Gensokyo:Koishi","floor":30,"turns":4},{"damage":18,"enemies":"Gensokyo:Kaguya","floor":33,"turns":8},{"damage":0,"enemies":"Gensokyo:3_Bats","floor":35,"turns":2},{"damage":0,"enemies":"Gensokyo:AncientGuardian","floor":36,"turns":1},{"damage":0,"enemies":"Gensokyo:Sharpion","floor":39,"turns":2},{"damage":6,"enemies":"Gensokyo:4_Bats","floor":41,"turns":2},{"damage":1,"enemies":"Gensokyo:Marisa","floor":46,"turns":3},{"damage":0,"enemies":"Gensokyo:Rafflesia","floor":47,"turns":2},{"damage":0,"enemies":"Gensokyo:Yuyuko","floor":50,"turns":2}],"seed_played":"2520438090069170987","potions_obtained":[{"floor":3,"key":"EssenceOfSteel"},{"floor":5,"key":"ColorlessPotion"},{"floor":11,"key":"PowerPotion"},{"floor":12,"key":"SpeedPotion"},{"floor":14,"key":"Swift Potion"},{"floor":16,"key":"LiquidBronze"},{"floor":18,"key":"EntropicBrew"},{"floor":25,"key":"GamblersBrew"},{"floor":35,"key":"EssenceOfSteel"},{"floor":46,"key":"Fire Potion"}],"is_trial":false,"path_per_floor":["M","?","M","M","M","R","E","COS","T","?","M","M","E","M","R","B",null,"M","$","?","?","AVR","R","E","M","T","E","COS","$","E","?","R","B",null,"M","M","?","?","M","R","M","?","T","?","COS","E","M","$","R","B",null],"character_chosen":"THE_SERVANT","items_purchased":["Strange Spoon","Ricochet","Whetstone","halation:PrussianBluePaint","aspiration:DSix","Replay:Wax Seal","strawberrySpire:BrokenPrinter","SurpressingFire","Starlight","Chemical X","Omamori","aspiration:Lifesprig"],"campfire_rested":0,"item_purchase_floors":[19,19,19,19,19,29,29,29,29,48,48,48],"current_hp_per_floor":[62,65,68,71,63,63,70,70,70,70,71,71,60,60,60,74,74,74,74,74,74,74,74,81,81,81,71,71,71,76,76,76,81,81,81,84,72,80,84,84,86,86,86,86,86,87,87,87,87,87],"gold":7,"neow_bonus":"NOSTALGIA","is_daily":false,"chose_seed":false,"campfire_upgraded":5,"win_rate":0.0,"timestamp":1612462271,"path_taken":["M","?","M","M","M","R","E","COS","T","?","?","?","E","M","R","BOSS","M","$","?","?","AVR","R","E","M","T","E","COS","?","E","?","R","BOSS","M","M","?","?","M","R","?","?","T","?","COS","E","M","?","R","BOSS"],"items_purchased_type":["Relic","Card","Relic","Relic","Relic","Relic","Relic","Card","Card","Relic","Relic","Relic"],"build_version":"2020-12-22","purchased_purges":3,"victory":true,"max_hp_per_floor":[65,68,68,71,71,71,71,71,71,71,71,71,71,71,71,74,74,74,74,74,74,74,74,81,81,81,81,81,81,81,81,81,81,81,81,84,84,84,84,84,87,87,87,87,87,87,87,87,87,87],"card_choices":[{"not_picked":["Rewind","Potential"],"picked":"Rearm","floor":1},{"not_picked":["Replace","FastForward"],"picked":"SurpressingFire","floor":3},{"not_picked":["Defy","TimeTheft"],"picked":"Rearm","floor":4},{"not_picked":["DoubleEdge","Sabotage"],"picked":"Starlight","floor":5},{"not_picked":["Rewind","Defy"],"picked":"InstantArmor","floor":7},{"not_picked":["TimeWarp","ShatteredReality"],"picked":"Luminosity","floor":11},{"not_picked":["Contraction","Unruled"],"picked":"Rewind","floor":12},{"not_picked":["ForgedInTime","TrueSight"],"picked":"Dilation","floor":13},{"not_picked":["Moonlight","Moondial"],"picked":"TheWorld","floor":13},{"not_picked":["TimeWarp","DoubleEdge"],"picked":"Moonlight","floor":14},{"not_picked":["Initiator","PendulumOfEternity"],"picked":"Dilation","floor":16},{"not_picked":["TimeWarp","Shuttle"],"picked":"ShatteredReality","floor":18},{"not_picked":["Alleviate","Starlight"],"picked":"SurpressingFire","floor":24},{"not_picked":["Defy","FastForward"],"picked":"KillingDoll","floor":25},{"not_picked":["Shuttle","FanOfKnives"],"picked":"FastForward","floor":27},{"not_picked":["Manipulate+1","Potential"],"picked":"Starlight","floor":30},{"not_picked":["Dilation+1","Sunlight+1"],"picked":"FloweringNight+1","floor":33},{"not_picked":["PendulumOfEternity","LightFlow"],"picked":"Deny","floor":33},{"not_picked":["Potential+1","Defy+1","Read"],"picked":"SKIP","floor":35},{"not_picked":["Spin+1","Dilation","Rewind"],"picked":"SKIP","floor":36},{"not_picked":["Shuttle","FastForward+1"],"picked":"SilverBlades+1","floor":39},{"not_picked":["TimeWarp","FanOfKnives+1"],"picked":"MoonPhase+1","floor":41},{"not_picked":["TimeWarp+1","Ricochet+1"],"picked":"Rewind+1","floor":44},{"not_picked":["Revamp","Unruled"],"picked":"Replace","floor":46},{"not_picked":["InstantArmor+1","Alleviate+1"],"picked":"BottledTime+1","floor":47},{"not_picked":["DoubleEdge+1","Misdirection","Spin+1"],"picked":"SKIP","floor":47}],"player_experience":927532,"relics_obtained":[{"floor":4,"key":"halation:EternalFortune"},{"floor":7,"key":"hubris:TinFlute"},{"floor":9,"key":"infinitespire:Lucky Rock"},{"floor":13,"key":"The Courier"},{"floor":16,"key":"halation:EternalFortune"},{"floor":24,"key":"Strawberry"},{"floor":26,"key":"hubris:GlazedTorus"},{"floor":27,"key":"aspiration:SeaSaltIceCream"},{"floor":30,"key":"infinitespire:Satchel"},{"floor":31,"key":"ReplayTheSpireMod:Ring of Challenge"},{"floor":36,"key":"halation:EternalFortune"},{"floor":41,"key":"halation:EternalFortune"},{"floor":43,"key":"infinitespire:BottledMercury"},{"floor":46,"key":"hubris:DuctTape"}],"event_choices":[{"damage_healed":0,"gold_gain":0,"player_choice":"2","damage_taken":0,"max_hp_gain":0,"max_hp_loss":0,"event_name":"betterMatch:BetterMatch","floor":44,"gold_loss":0,"cards_obtained":["betterMatch:CommonCard"]}],"is_beta":false,"boss_relics":[{"not_picked":["Astrolabe","hubris:HollowSoul"],"picked":"strawberrySpire:SolarisEssence"},{"not_picked":["Calling Bell","ReplayTheSpireMod:SealedPack"],"picked":"strawberrySpire:Dictionifier"}],"items_purged_floors":[19,22,48],"is_endless":false,"potions_floor_spawned":[3,5,11,12,14,16,18,25,27,35,39,41,46],"ascension_level":2}}