{"host":"0s8kyghz8ihx2r41","time":1612467300,"event":{"mods":["2.2 Compatiblity","Act Like it!","Bard","BaseMod","CapriCore","Chen","Conspire","Downfall","Friendly Minions","GungeonMod","Hermit","HololiveMod","Hubris","Koishi","Lobotomy","LobotomyExtend","Marisa（霧雨　魔理沙）","Minty Spire (QoL Compilation)","Morshu Shopkeeper - ENHANCED","Onozuka Komachi Mod","Prisma Mod","READ ME - Snecko Mod","Reimu（博??梦）","Replay The Spire","Spire Birthday Party","StSLib","The Administrix","The Alterego","The Clintock","The Construct","The Cursed","The Disciple","The Druid","The Gatherer","The Immortal","The Marked","The Mystic","The Servant 0.9.4","TheVacant","Waifu the Spire","Yakumo Yukari mod","Yuyuko","everything is the same but u backflip on backflip","slay the spire mod where everything is the same but ironclad has a cowboy hat"],"gold_per_floor":[111,111,127,137,147,147,174,174,200,7,7,18,28,44,44,144,144,163,13,13,13,13,13,25,25,25],"floor_reached":25,"language":"ENG","playtime":1899,"items_purged":[],"score":203,"play_id":"b22775c7-11f0-468a-baf2-9f44eef9de03","local_time":"20210204143500","is_ascension_mode":false,"campfire_choices":[{"floor":6,"key":"REST"},{"floor":11,"key":"REST"},{"floor":15,"key":"REST"},{"floor":23,"key":"REST"}],"circlet_count":0,"master_deck":["alterego_mod:Strike","alterego_mod:Strike","alterego_mod:Strike","alterego_mod:Strike","alterego_mod:Defend","alterego_mod:Defend","alterego_mod:Defend","alterego_mod:Defend","alterego_mod:Impale","alterego_mod:BigMeatyClaws","alterego_mod:BrynhildrsRune","alterego_mod:GoddessCore","alterego_mod:Bounce","alterego_mod:Complex","alterego_mod:SideboobHour","alterego_mod:PurpleHair","alterego_mod:Bunnysuit","alterego_mod:Skirt","alterego_mod:GoddessCore","alterego_mod:Smother","alterego_mod:Jiggle","alterego_mod:BiFurious","alterego_mod:TrashNCrash","alterego_mod:Weigh","alterego_mod:DeftHands"],"relics":["alterego_mod:MasochisticConstitution","Potion Belt","LetterFromLob","Tiny Chest","Blood Vial","Sling","bronze:MakeshiftBattery","HandDrill","Pantograph"],"acts_visited":["Exordium","TheCity"],"potions_floor_usage":[13,16,16,25],"damage_taken":[{"damage":12,"enemies":"Small Slimes","floor":1,"turns":5},{"damage":4,"enemies":"2 Louse","floor":3,"turns":3},{"damage":0,"enemies":"Cultist","floor":4,"turns":4},{"damage":21,"enemies":"Exordium Wildlife","floor":5,"turns":6},{"damage":54,"enemies":"Lagavulin","floor":7,"turns":14},{"damage":31,"enemies":"3 Louse","floor":12,"turns":6},{"damage":15,"enemies":"conspire:2 RoseBushes","floor":13,"turns":8},{"damage":14,"enemies":"Red Slaver","floor":14,"turns":4},{"damage":29,"enemies":"Slime Boss","floor":16,"turns":10},{"damage":54,"enemies":"2 Thieves","floor":18,"turns":5},{"damage":34,"enemies":"Shell Parasite","floor":24,"turns":5},{"damage":35,"enemies":"Centurion and Healer","floor":25,"turns":5}],"seed_played":"-6391886238955391423","potions_obtained":[{"floor":1,"key":"DemoMod:LeadSkinPotion"},{"floor":3,"key":"Regen Potion"},{"floor":7,"key":"sneckomod:MuddlingPotion"},{"floor":14,"key":"SpeedPotion"},{"floor":24,"key":"PowerPotion"}],"is_trial":false,"path_per_floor":["M","?","M","M","M","R","E","?","T","$","R","M","M","M","R","B",null,"M","$","?","?","T","R","M","M"],"character_chosen":"The_Alterego","items_purchased":["Sling","alterego_mod:Jiggle","HandDrill"],"campfire_rested":4,"item_purchase_floors":[10,10,19],"current_hp_per_floor":[59,59,56,63,43,64,18,18,18,18,40,26,43,39,62,36,78,32,32,32,32,32,55,31,0,0],"gold":25,"neow_bonus":"RANDOM_COMMON_RELIC","is_daily":false,"chose_seed":false,"campfire_upgraded":0,"win_rate":0.0,"timestamp":1612467300,"path_taken":["M","?","M","M","M","R","E","?","T","$","R","M","M","M","R","BOSS","M","$","?","?","?","R","M","M"],"items_purchased_type":["Relic","Card","Relic"],"build_version":"2020-12-22","purchased_purges":0,"victory":false,"max_hp_per_floor":[71,71,72,72,73,73,74,74,74,74,74,75,76,77,77,78,78,79,79,79,79,79,79,80,80,80],"card_choices":[{"not_picked":["alterego_mod:PerceptionDisorder","alterego_mod:Clap"],"picked":"alterego_mod:GoddessCore","floor":1},{"not_picked":["alterego_mod:Rip","alterego_mod:HighServant"],"picked":"alterego_mod:Bounce","floor":3},{"not_picked":["alterego_mod:Clap","alterego_mod:GoddessCore"],"picked":"alterego_mod:Complex","floor":4},{"not_picked":["alterego_mod:Bounce","alterego_mod:Schoolgirl"],"picked":"alterego_mod:GachaTicket","floor":5},{"not_picked":["alterego_mod:Bounce","alterego_mod:Complex"],"picked":"alterego_mod:SideboobHour","floor":7},{"not_picked":["alterego_mod:Collar","alterego_mod:Bounce","alterego_mod:Exercise"],"picked":"SKIP","floor":12},{"not_picked":["alterego_mod:Maid","alterego_mod:Rip"],"picked":"alterego_mod:BiFurious","floor":13},{"not_picked":["alterego_mod:Complex","alterego_mod:Venus"],"picked":"alterego_mod:TrashNCrash","floor":14},{"not_picked":["alterego_mod:VirginLaserPalladion","alterego_mod:Rake"],"picked":"alterego_mod:Weigh","floor":16},{"not_picked":["alterego_mod:Birthday","alterego_mod:GoddessCore"],"picked":"alterego_mod:DeftHands","floor":18},{"not_picked":["alterego_mod:PerceptionDisorder+1","alterego_mod:BoobPocket+1","alterego_mod:GachaTicket"],"picked":"SKIP","floor":24}],"player_experience":327669,"relics_obtained":[{"floor":3,"key":"LetterFromLob"},{"floor":7,"key":"Tiny Chest"},{"floor":9,"key":"Blood Vial"},{"floor":22,"key":"Pantograph"}],"event_choices":[{"cards_removed":["alterego_mod:GachaTicket"],"damage_healed":0,"gold_gain":0,"player_choice":"Elegance","damage_taken":0,"max_hp_gain":0,"max_hp_loss":0,"event_name":"Back to Basics","floor":20,"gold_loss":0},{"damage_healed":0,"gold_gain":0,"player_choice":"Leave","damage_taken":0,"max_hp_gain":0,"max_hp_loss":0,"event_name":"conspire:Investor","floor":21,"gold_loss":0}],"is_beta":false,"boss_relics":[{"not_picked":["Sozu","conspire:RunicOctahedron"],"picked":"bronze:MakeshiftBattery"}],"items_purged_floors":[],"is_endless":false,"potions_floor_spawned":[1,3,7,14,24],"killed_by":"Centurion and Healer","ascension_level":0}}