{"host":"2tgyrzvaa7l04o2e","time":1612456746,"event":{"mods":["BaseMod","Highlight Path","Minty Spire (QoL Compilation)","Permanent Neow","Relic Stats"],"gold_per_floor":[114,131,149,167,167,195,195,225,225,242,254,279,279,310,310,406,406,424,438,456,71,84,114,114,146,172,272,272,286,44,56,56,157,157,169,189,189,289,308,337,163,179,179,194,194,244,244,274,274,274,274,274,47,78,78,78],"floor_reached":55,"language":"ENG","playtime":3511,"items_purged":["Strike_R","Strike_R","Rampage"],"score":1503,"play_id":"f60c69de-da9e-4539-98d8-8ea031c089d6","local_time":"20210204173906","is_ascension_mode":true,"campfire_choices":[{"data":"Bash","floor":7,"key":"SMITH"},{"data":"Immolate","floor":13,"key":"SMITH"},{"data":"Body Slam","floor":15,"key":"SMITH"},{"data":"Barricade","floor":24,"key":"SMITH"},{"data":"Strike_R","floor":28,"key":"PURGE"},{"data":"Strike_R","floor":32,"key":"PURGE"},{"data":"Injury","floor":45,"key":"PURGE"},{"floor":47,"key":"RECALL"},{"data":"Strike_R","floor":49,"key":"PURGE"},{"data":"Dark Embrace","floor":52,"key":"SMITH"}],"circlet_count":0,"master_deck":["AscendersBane","Defend_R","Defend_R","Defend_R","Defend_R","Bash+1","Dramatic Entrance+1","Body Slam+1","Shockwave","Battle Trance","Shrug It Off","Immolate+1","Shockwave","Barricade+1","Disarm+1","True Grit+1","Offering","Body Slam+1","Flame Barrier+1","Fiend Fire","Shrug It Off+1","Panacea","Inflame+1","Dark Embrace+1","Warcry+1","Inflame","Havoc"],"relics":["Black Blood","PreservedInsect","Bottled Lightning","White Beast Statue","Kunai","Toy Ornithopter","Gambling Chip","Orichalcum","Thread and Needle","Anchor","Peace Pipe","Meat on the Bone","HornCleat","Cursed Key","Dead Branch","Turnip","Ancient Tea Set","War Paint"],"acts_visited":["Exordium","TheCity","TheBeyond","TheEnding"],"potions_floor_usage":[6,11,14,14,20,22,23,27,31,33,33,35,40,46,55,55,55,55],"damage_taken":[{"damage":1,"enemies":"Cultist","floor":1,"turns":3},{"damage":1,"enemies":"2 Louse","floor":2,"turns":2},{"damage":0,"enemies":"Small Slimes","floor":3,"turns":3},{"damage":5,"enemies":"3 Louse","floor":4,"turns":4},{"damage":20,"enemies":"3 Sentries","floor":6,"turns":7},{"damage":17,"enemies":"Lagavulin","floor":8,"turns":5},{"damage":0,"enemies":"Gremlin Gang","floor":10,"turns":1},{"damage":0,"enemies":"Large Slime","floor":11,"turns":3},{"damage":13,"enemies":"Gremlin Nob","floor":12,"turns":3},{"damage":17,"enemies":"Lagavulin","floor":14,"turns":6},{"damage":24,"enemies":"The Guardian","floor":16,"turns":11},{"damage":13,"enemies":"3 Byrds","floor":18,"turns":5},{"damage":33,"enemies":"Shell Parasite","floor":19,"turns":7},{"damage":0,"enemies":"Chosen and Byrds","floor":20,"turns":4},{"damage":4,"enemies":"3 Cultists","floor":22,"turns":3},{"damage":2,"enemies":"Gremlin Leader","floor":23,"turns":4},{"damage":0,"enemies":"Slavers","floor":25,"turns":1},{"damage":0,"enemies":"Colosseum Slavers","floor":27,"turns":3},{"damage":6,"enemies":"Colosseum Nobs","floor":27,"turns":1},{"damage":0,"enemies":"Centurion and Healer","floor":29,"turns":3},{"damage":6,"enemies":"Snecko","floor":31,"turns":3},{"damage":22,"enemies":"Collector","floor":33,"turns":12},{"damage":6,"enemies":"3 Shapes","floor":35,"turns":4},{"damage":0,"enemies":"Orb Walker","floor":36,"turns":2},{"damage":6,"enemies":"Spire Growth","floor":39,"turns":4},{"damage":6,"enemies":"Reptomancer","floor":40,"turns":4},{"damage":6,"enemies":"Transient","floor":42,"turns":5},{"damage":6,"enemies":"4 Shapes","floor":44,"turns":5},{"damage":6,"enemies":"Mind Bloom Boss Battle","floor":46,"turns":4},{"damage":12,"enemies":"Giant Head","floor":48,"turns":3},{"damage":12,"enemies":"Awakened One","floor":50,"turns":13},{"damage":6,"enemies":"Shield and Spear","floor":54,"turns":5},{"damage":113,"enemies":"The Heart","floor":55,"turns":8}],"seed_played":"-5757126083337129955","potions_obtained":[{"floor":1,"key":"GamblersBrew"},{"floor":3,"key":"Strength Potion"},{"floor":8,"key":"Energy Potion"},{"floor":10,"key":"Swift Potion"},{"floor":11,"key":"ColorlessPotion"},{"floor":14,"key":"HeartOfIron"},{"floor":16,"key":"LiquidBronze"},{"floor":18,"key":"Block Potion"},{"floor":20,"key":"SkillPotion"},{"floor":22,"key":"FearPotion"},{"floor":23,"key":"Explosive Potion"},{"floor":25,"key":"Energy Potion"},{"floor":27,"key":"Swift Potion"},{"floor":31,"key":"Weak Potion"},{"floor":33,"key":"Fire Potion"},{"floor":35,"key":"LiquidBronze"},{"floor":36,"key":"EntropicBrew"},{"floor":40,"key":"Explosive Potion"},{"floor":44,"key":"DistilledChaos"},{"floor":46,"key":"Ancient Potion"}],"is_trial":false,"path_per_floor":["M","M","M","M","?","E","R","E","T","M","M","E","R","E","R","B",null,"M","M","M","$","M","E","R","E","T","?","R","M","$","M","R","B",null,"M","M","?","?","M","E","$","M","T","M","R","?","R","E","R","B",null,"R","$","E","B"],"character_chosen":"IRONCLAD","items_purchased":["Gambling Chip","HornCleat","Dark Embrace","Inflame","Havoc"],"campfire_rested":0,"item_purchase_floors":[21,30,41,53,53],"current_hp_per_floor":[77,80,80,80,80,66,66,55,55,61,67,60,60,49,49,31,68,67,46,63,63,76,80,80,80,80,80,80,80,80,80,80,76,79,80,80,70,70,76,80,80,80,80,80,80,80,80,80,80,80,80,80,80,80,0,0],"gold":78,"neow_bonus":"RANDOM_COLORLESS","is_daily":false,"chose_seed":false,"campfire_upgraded":5,"win_rate":0.0,"timestamp":1612456746,"path_taken":["M","M","M","M","?","E","R","E","T","M","M","E","R","E","R","BOSS","M","M","M","$","M","E","R","E","T","?","R","M","$","M","R","BOSS","M","M","?","?","M","E","$","M","T","?","R","?","R","E","R","BOSS","R","$","E","BOSS"],"items_purchased_type":["Relic","Relic","Card","Card","Card"],"build_version":"2020-12-22","purchased_purges":3,"victory":false,"max_hp_per_floor":[80,80,80,80,80,80,80,80,80,80,80,80,80,80,80,80,80,80,80,80,80,80,80,80,80,80,80,80,80,80,80,80,80,80,80,80,80,80,80,80,80,80,80,80,80,80,80,80,80,80,80,80,80,80,80,80],"relic_stats":{"counters":[33,151],"Dead Branch":[98],"Black Blood":188,"PreservedInsect":477,"Orichalcum":[6],"War Paint":["Flame Barrier","Disarm"],"Cursed Key":1,"Peace Pipe":5,"Gambling Chip":[39],"Turnip":[2],"Kunai":[26],"obtain_stats":[{"Dead Branch":40,"Black Blood":17,"Thread and Needle":25,"PreservedInsect":6,"Orichalcum":23,"War Paint":54,"Cursed Key":34,"Ancient Tea Set":48,"Burning Blood":0,"White Beast Statue":9,"Peace Pipe":27,"Anchor":26,"HornCleat":30,"Gambling Chip":21,"Turnip":46,"Bottled Lightning":8,"Kunai":12,"Toy Ornithopter":14,"Meat on the Bone":27},{"Dead Branch":26,"Black Blood":11,"Thread and Needle":17,"PreservedInsect":5,"Orichalcum":16,"War Paint":32,"Cursed Key":22,"Ancient Tea Set":30,"Burning Blood":0,"White Beast Statue":6,"Peace Pipe":19,"Anchor":17,"HornCleat":20,"Gambling Chip":14,"Turnip":29,"Bottled Lightning":6,"Kunai":9,"Toy Ornithopter":10,"Meat on the Bone":19},{"Dead Branch":108,"Black Blood":48,"Thread and Needle":72,"PreservedInsect":19,"Orichalcum":71,"War Paint":143,"Cursed Key":94,"Ancient Tea Set":125,"Burning Blood":0,"White Beast Statue":24,"Peace Pipe":76,"Anchor":72,"HornCleat":79,"Gambling Chip":64,"Turnip":122,"Bottled Lightning":24,"Kunai":31,"Toy Ornithopter":37,"Meat on the Bone":76}],"Toy Ornithopter":46,"Meat on the Bone":0},"card_choices":[{"not_picked":["Purity","Good Instincts"],"picked":"Dramatic Entrance","floor":0},{"not_picked":["Anger","Flex"],"picked":"Body Slam","floor":1},{"not_picked":["Thunderclap","Iron Wave"],"picked":"Shockwave","floor":2},{"not_picked":["Perfected Strike","Sword Boomerang"],"picked":"Rampage","floor":3},{"not_picked":["Anger","Wild Strike"],"picked":"Battle Trance","floor":4},{"not_picked":["Havoc","Anger"],"picked":"Shrug It Off","floor":6},{"not_picked":["Inflame","Iron Wave"],"picked":"Immolate","floor":8},{"not_picked":["Battle Trance","Warcry"],"picked":"Shockwave","floor":10},{"not_picked":["Pommel Strike","Clash","Heavy Blade"],"picked":"SKIP","floor":11},{"not_picked":["Body Slam","Anger","Combust"],"picked":"SKIP","floor":12},{"not_picked":["Hemokinesis","Clothesline","Iron Wave"],"picked":"SKIP","floor":14},{"not_picked":["Impervious","Exhume"],"picked":"Barricade","floor":16},{"not_picked":["True Grit","Pommel Strike","Headbutt"],"picked":"SKIP","floor":18},{"not_picked":["Cleave","Uppercut"],"picked":"Disarm","floor":19},{"not_picked":["Iron Wave","Power Through+1","Flex"],"picked":"SKIP","floor":20},{"not_picked":["Cleave","Infernal Blade","Rage+1"],"picked":"SKIP","floor":22},{"not_picked":["Clothesline","Reckless Charge"],"picked":"True Grit+1","floor":23},{"not_picked":["Fire Breathing","Heavy Blade"],"picked":"Offering","floor":25},{"not_picked":["Perfected Strike","True Grit"],"picked":"Body Slam+1","floor":27},{"not_picked":["Heavy Blade+1","Battle Trance","Clash+1"],"picked":"SKIP","floor":29},{"not_picked":["Bloodletting","Sword Boomerang"],"picked":"Flame Barrier","floor":31},{"not_picked":["Immolate","Exhume"],"picked":"Fiend Fire","floor":33},{"not_picked":["Flex","Armaments"],"picked":"Shrug It Off+1","floor":35},{"not_picked":["Sentinel","Uppercut","Body Slam"],"picked":"SKIP","floor":36},{"not_picked":["Sadistic Nature","Mind Blast"],"picked":"Panacea","floor":37},{"not_picked":["Cleave","Anger","Rampage+1"],"picked":"SKIP","floor":39},{"not_picked":["Wild Strike","Berserk"],"picked":"Inflame+1","floor":40},{"not_picked":["Shrug It Off+1","Wild Strike","Flex"],"picked":"SKIP","floor":42},{"not_picked":["Clash","Fire Breathing","Whirlwind+1"],"picked":"SKIP","floor":44},{"not_picked":["Wild Strike+1","Body Slam"],"picked":"Warcry+1","floor":46},{"not_picked":["Shockwave","Seeing Red","Second Wind"],"picked":"SKIP","floor":48},{"not_picked":["Clash+1","Bludgeon","Headbutt"],"picked":"SKIP","floor":54}],"player_experience":693394,"relics_obtained":[{"floor":6,"key":"PreservedInsect"},{"floor":8,"key":"Bottled Lightning"},{"floor":9,"key":"White Beast Statue"},{"floor":12,"key":"Kunai"},{"floor":14,"key":"Toy Ornithopter"},{"floor":23,"key":"Orichalcum"},{"floor":25,"key":"Thread and Needle"},{"floor":26,"key":"Anchor"},{"floor":27,"key":"Peace Pipe"},{"floor":27,"key":"Meat on the Bone"},{"floor":40,"key":"Dead Branch"},{"floor":46,"key":"Turnip"},{"floor":48,"key":"Ancient Tea Set"},{"floor":54,"key":"War Paint"}],"event_choices":[{"damage_healed":0,"gold_gain":0,"player_choice":"Grow","damage_taken":0,"max_hp_gain":0,"max_hp_loss":0,"event_name":"Living Wall","floor":5,"gold_loss":0,"cards_upgraded":["Dramatic Entrance"]},{"damage_healed":0,"gold_gain":0,"player_choice":"Fight","damage_taken":0,"max_hp_gain":0,"max_hp_loss":0,"event_name":"Colosseum","floor":27,"gold_loss":0},{"damage_healed":0,"gold_gain":0,"player_choice":"Fought Nobs","damage_taken":0,"max_hp_gain":0,"max_hp_loss":0,"event_name":"Colosseum","floor":27,"gold_loss":0},{"damage_healed":0,"gold_gain":0,"player_choice":"Memory 3","damage_taken":10,"max_hp_gain":0,"max_hp_loss":0,"event_name":"SensoryStone","floor":37,"gold_loss":0},{"damage_healed":0,"gold_gain":100,"player_choice":"Pray","damage_taken":0,"max_hp_gain":0,"max_hp_loss":0,"event_name":"Golden Shrine","floor":38,"gold_loss":0},{"damage_healed":0,"gold_gain":0,"player_choice":"Fight","damage_taken":0,"max_hp_gain":0,"max_hp_loss":0,"event_name":"MindBloom","floor":46,"gold_loss":0}],"is_beta":false,"boss_relics":[{"not_picked":["Velvet Choker","Fusion Hammer"],"picked":"Black Blood"},{"not_picked":["Tiny House","Snecko Eye"],"picked":"Cursed Key"}],"items_purged_floors":[21,41,53],"is_endless":false,"potions_floor_spawned":[1,3,8,10,11,12,14,16,18,19,20,22,23,25,27,27,29,31,33,35,36,39,40,42,44,46,48,54],"killed_by":"The Heart","ascension_level":12}}