{"host":"neeznpvpgo0qgfkd","time":1612426112,"event":{"mods":["AchievementEnabler","BaseMod","BetterRewards","Colored Map","Colored Powertips","Exacting","Minty Spire (QoL Compilation)","Permanent Neow","Quick Restart","Shop Mod"],"gold_per_floor":[117,117,135,155,185,253,253,267,292,331,395,454,469,494,494,615,615,629,554,579,603,603,637,637,678,678,701,765,765,61,90,90,210,210,244,262,262,222,222,262,287,287,334,334,354,398,417,458,458,458,458,458,35,78,78],"floor_reached":56,"language":"ENG","playtime":3381,"items_purged":["Injury"],"score":1969,"play_id":"6c6ccdd1-96d6-4c5e-b052-4cab653daec9","local_time":"20210204030832","is_ascension_mode":true,"campfire_choices":[{"floor":15,"key":"REST"},{"floor":24,"key":"REST"},{"floor":29,"key":"REST"},{"floor":32,"key":"REST"},{"floor":42,"key":"RECALL"},{"data":"Apotheosis","floor":44,"key":"SMITH"},{"floor":49,"key":"REST"},{"data":"Envenom","floor":52,"key":"SMITH"}],"circlet_count":0,"master_deck":["Strike_G","Strike_G","Strike_G+1","Strike_G+1","Strike_G","Defend_G","Defend_G","Defend_G+1","Defend_G+1","Defend_G+1","Survivor","Neutralize","Dagger Spray","Quick Slash+1","Bane","Cloak And Dagger","Footwork","Poisoned Stab","Poisoned Stab","Dagger Throw","Masterful Stab","Dagger Spray","Flying Knee","Choke","Envenom+1","Infinite Blades","Cloak And Dagger+1","Slice+1","Choke","Apotheosis+1","Dagger Spray","Envenom","CurseOfTheBell","Slice","Poisoned Stab+1","Dagger Spray+1","Parasite","Finisher","Cloak And Dagger+1","Accuracy","Flying Knee","Envenom"],"relics":["Ring of the Serpent","The Specimen","ClockworkSouvenir","Unceasing Top","Meat on the Bone","PreservedInsect","HornCleat","Golden Idol","War Paint","Incense Burner","Vajra","Bottled Tornado","Pen Nib","Darkstone Periapt","Mango","Tiny Chest","TwistedFunnel","Ninja Scroll","Calling Bell","Toy Ornithopter","Mummified Hand","Thread and Needle","Bronze Scales","Question Card","Bottled Lightning","Whetstone","Kunai","Nunchaku","Bag of Marbles","Strawberry","Blood Vial"],"acts_visited":["Exordium","TheCity","TheBeyond","TheEnding"],"potions_floor_usage":[10,13,13,16,18,23,28,33,33,41,45,55],"damage_taken":[{"damage":7.0,"enemies":"Jaw Worm","floor":1.0,"turns":4.0},{"damage":0.0,"enemies":"Cultist","floor":3.0,"turns":4.0},{"damage":0.0,"enemies":"2 Louse","floor":4.0,"turns":2.0},{"damage":5.0,"enemies":"Exordium Wildlife","floor":5.0,"turns":7.0},{"damage":23.0,"enemies":"3 Sentries","floor":6.0,"turns":6.0},{"damage":0.0,"enemies":"Looter","floor":8.0,"turns":4.0},{"damage":0,"enemies":"Gremlin Nob","floor":10,"turns":3},{"damage":10,"enemies":"Lots of Slimes","floor":11,"turns":3},{"damage":5,"enemies":"3 Sentries","floor":12,"turns":5},{"damage":0,"enemies":"Large Slime","floor":13,"turns":5},{"damage":1,"enemies":"Blue Slaver","floor":14,"turns":3},{"damage":8,"enemies":"The Guardian","floor":16,"turns":11},{"damage":0,"enemies":"Chosen","floor":18,"turns":4},{"damage":16,"enemies":"Shell Parasite","floor":20,"turns":5},{"damage":3,"enemies":"Snecko","floor":21,"turns":4},{"damage":34,"enemies":"Slavers","floor":23,"turns":4},{"damage":31,"enemies":"Book of Stabbing","floor":25,"turns":4},{"damage":0,"enemies":"Snake Plant","floor":27,"turns":4},{"damage":40,"enemies":"Gremlin Leader","floor":28,"turns":4},{"damage":12,"enemies":"Chosen and Byrds","floor":31,"turns":4},{"damage":52,"enemies":"Champ","floor":33,"turns":9},{"damage":13,"enemies":"3 Darklings","floor":35,"turns":3},{"damage":0,"enemies":"3 Shapes","floor":36,"turns":2},{"damage":17,"enemies":"Reptomancer","floor":40,"turns":3},{"damage":0,"enemies":"Transient","floor":41,"turns":5},{"damage":8,"enemies":"Writhing Mass","floor":45,"turns":4},{"damage":0,"enemies":"Giant Head","floor":46,"turns":4},{"damage":0,"enemies":"Maw","floor":47,"turns":4},{"damage":0,"enemies":"Reptomancer","floor":48,"turns":3},{"damage":106,"enemies":"Awakened One","floor":50,"turns":13},{"damage":8,"enemies":"Shield and Spear","floor":54,"turns":2},{"damage":79,"enemies":"The Heart","floor":55,"turns":8}],"seed_played":"7688142286194066176","potions_obtained":[{"floor":1.0,"key":"EssenceOfSteel"},{"floor":4.0,"key":"Dexterity Potion"},{"floor":5.0,"key":"BlessingOfTheForge"},{"floor":8.0,"key":"SpeedPotion"},{"floor":11,"key":"Block Potion"},{"floor":12,"key":"SpeedPotion"},{"floor":14,"key":"SneckoOil"},{"floor":20,"key":"LiquidBronze"},{"floor":21,"key":"LiquidBronze"},{"floor":23,"key":"SteroidPotion"},{"floor":27,"key":"BlessingOfTheForge"},{"floor":28,"key":"Weak Potion"},{"floor":36,"key":"FairyPotion"},{"floor":40,"key":"Energy Potion"},{"floor":41,"key":"Weak Potion"}],"is_trial":false,"path_per_floor":["M","?","M","M","M","E","?","M","T","E","M","E","M","M","R","B",null,"M","$","M","M","?","E","R","E","T","M","E","R","$","M","R","B",null,"M","M","T","?","T","E","M","R","T","R","M","E","M","E","R","B",null,"R","$","E","B",null],"character_chosen":"THE_SILENT","items_purchased":["The Specimen","ClockworkSouvenir","Meat on the Bone","PreservedInsect","Fire Potion","Infinite Blades","Apotheosis","Tiny Chest","TwistedFunnel","Ninja Scroll","Bag of Marbles","Strawberry","Flying Knee"],"campfire_rested":5,"item_purchase_floors":[0,0,0,0,0,19,30,30,30,30,53,53,53],"current_hp_per_floor":[63,63,63,63,58,47,47,47,47,47,47,42,42,41,62,54,70,70,70,54,51,51,29,50,31,31,43,29,54,54,54,79,51,90,77,77,77,77,77,60,65,65,65,65,68,68,68,68,96,40,96,96,103,95,35],"gold":78,"neow_bonus":"","is_daily":false,"chose_seed":false,"campfire_upgraded":2,"win_rate":0.0,"timestamp":1612426112,"path_taken":["M","?","M","?","M","E","?","M","T","E","M","E","M","M","R","BOSS","M","$","M","M","?","E","R","E","T","?","E","R","?","?","R","BOSS","M","M","?","?","?","E","M","R","T","R","M","E","M","E","R","BOSS","R","$","E","BOSS"],"items_purchased_type":["Relic","Relic","Relic","Relic","Potion","Card","Card","Relic","Relic","Relic","Relic","Relic","Card"],"build_version":"2020-12-22","purchased_purges":1,"victory":true,"max_hp_per_floor":[70,70,70,70,70,70,70,70,70,70,70,70,70,70,70,70,70,70,70,70,70,70,70,70,70,70,70,84,84,84,84,84,84,90,90,90,90,90,90,90,90,90,90,90,96,96,96,96,96,96,96,96,103,103,103],"card_choices":[{"not_picked":["Poisoned Stab","Bouncing Flask"],"picked":"Dagger Spray","floor":1.0},{"not_picked":["Flechettes","Setup"],"picked":"Quick Slash","floor":3.0},{"not_picked":["Dagger Throw","Poisoned Stab"],"picked":"Bane","floor":4.0},{"not_picked":["Backflip","Well Laid Plans"],"picked":"Cloak And Dagger","floor":5.0},{"not_picked":["Underhanded Strike","Well Laid Plans"],"picked":"Footwork","floor":6.0},{"not_picked":["Prepared","Dagger Throw"],"picked":"Poisoned Stab","floor":8.0},{"not_picked":["Unload","Dodge and Roll"],"picked":"Poisoned Stab","floor":10},{"not_picked":["Poisoned Stab","Sucker Punch"],"picked":"Dagger Throw","floor":11},{"not_picked":["Leg Sweep","Dagger Throw"],"picked":"Masterful Stab","floor":12},{"not_picked":["Setup","Acrobatics"],"picked":"Dagger Spray","floor":13},{"not_picked":["Cloak And Dagger","Distraction"],"picked":"Flying Knee","floor":13},{"not_picked":["Predator","Setup"],"picked":"Choke","floor":14},{"not_picked":["Corpse Explosion","Bullet Time"],"picked":"Envenom","floor":16},{"not_picked":["Poisoned Stab","Endless Agony+1","Masterful Stab+1"],"picked":"SKIP","floor":18},{"not_picked":["Underhanded Strike","Outmaneuver","Quick Slash"],"picked":"SKIP","floor":20},{"not_picked":["Terror","Bane"],"picked":"Cloak And Dagger+1","floor":21},{"not_picked":["Dodge and Roll+1","Choke","Backflip"],"picked":"SKIP","floor":23},{"not_picked":["Acrobatics","Reflex"],"picked":"Slice+1","floor":25},{"not_picked":["Calculated Gamble","Bouncing Flask"],"picked":"Choke","floor":27},{"not_picked":["Glass Knife","Deadly Poison","Underhanded Strike"],"picked":"SKIP","floor":28},{"not_picked":["Concentrate","Endless Agony+1"],"picked":"Dagger Spray","floor":31},{"not_picked":["Wraith Form v2","Phantasmal Killer"],"picked":"Envenom","floor":33},{"not_picked":["Dodge and Roll+1","Prepared"],"picked":"Slice","floor":35},{"not_picked":["Underhanded Strike","Deflect"],"picked":"Poisoned Stab+1","floor":36},{"not_picked":["Backflip+1","Phantasmal Killer","Bane+1"],"picked":"Dagger Spray+1","floor":40},{"not_picked":["Dagger Spray+1","Sucker Punch+1","Prepared","Bane+1"],"picked":"SKIP","floor":41},{"not_picked":["Cloak And Dagger","Expertise+1","Bouncing Flask","Acrobatics"],"picked":"SKIP","floor":45},{"not_picked":["Deadly Poison","Flying Knee","Doppelganger"],"picked":"Finisher","floor":46},{"not_picked":["Outmaneuver+1","Bouncing Flask","Skewer+1"],"picked":"Cloak And Dagger+1","floor":47},{"not_picked":["Slice","All Out Attack","Deflect+1"],"picked":"Accuracy","floor":48},{"not_picked":["Blade Dance","Riddle With Holes","Infinite Blades"],"picked":"Envenom","floor":54}],"player_experience":1293307,"relics_obtained":[{"floor":6.0,"key":"HornCleat"},{"floor":10,"key":"War Paint"},{"floor":12,"key":"Incense Burner"},{"floor":12,"key":"Vajra"},{"floor":23,"key":"Bottled Tornado"},{"floor":25,"key":"Pen Nib"},{"floor":26,"key":"Darkstone Periapt"},{"floor":28,"key":"Mango"},{"floor":34,"key":"Toy Ornithopter"},{"floor":34,"key":"Mummified Hand"},{"floor":34,"key":"Thread and Needle"},{"floor":37,"key":"Bronze Scales"},{"floor":39,"key":"Question Card"},{"floor":40,"key":"Bottled Lightning"},{"floor":43,"key":"Whetstone"},{"floor":46,"key":"Kunai"},{"floor":48,"key":"Nunchaku"},{"floor":54,"key":"Blood Vial"}],"event_choices":[{"damage_healed":0.0,"max_hp_gain":0.0,"max_hp_loss":0.0,"gold_gain":0.0,"event_name":"The Woman in Blue","player_choice":"Bought 0 Potions","floor":2.0,"gold_loss":0.0,"damage_taken":0.0},{"damage_healed":0.0,"max_hp_gain":0.0,"max_hp_loss":0.0,"gold_gain":0.0,"event_name":"Golden Idol","player_choice":"Take Wound","floor":7.0,"gold_loss":0.0,"damage_taken":0.0,"relics_obtained":["Golden Idol"],"cards_obtained":["Injury"]},{"damage_healed":0,"gold_gain":0,"player_choice":"Ignored","damage_taken":0,"max_hp_gain":0,"max_hp_loss":0,"event_name":"NoteForYourself","floor":22,"gold_loss":0},{"damage_healed":0,"gold_gain":0,"player_choice":"Upgraded Two","damage_taken":0,"max_hp_gain":0,"max_hp_loss":0,"event_name":"Designer","floor":38,"gold_loss":40,"cards_upgraded":["Quick Slash","Defend_G"]}],"is_beta":false,"boss_relics":[{"not_picked":["Sozu","Busted Crown"],"picked":"Ring of the Serpent"},{"not_picked":["SlaversCollar","Velvet Choker"],"picked":"Calling Bell"}],"items_purged_floors":[53],"is_endless":false,"potions_floor_spawned":[1,4,8,11,12,14,20,21,27,28,36,40,41],"ascension_level":3}}