{"host":"prxrhpgaxnj4om9r","time":1612443853,"event":{"mods":["AchievementEnabler","BaseMod","Minty Spire (QoL Compilation)"],"gold_per_floor":[114,114,189,2,14,40,40,84,166,166,186,195,195,220,220,324,324,353,268,302,47,56,56,83,122,122,122,122,47,59,87,96,202,202,237,8,30,46,64,73,111,161,161,161,170,392,401,401,401,401],"floor_reached":51,"language":"KOR","playtime":3060,"items_purged":[],"score":797,"play_id":"ed3c765a-1834-4500-b4df-dca70ed1ee20","local_time":"20210204220413","is_ascension_mode":false,"campfire_choices":[{"data":"Adaptation","floor":7.0,"key":"SMITH"},{"floor":12.0,"key":"REST"},{"data":"Eruption","floor":15.0,"key":"SMITH"},{"floor":23.0,"key":"REST"},{"floor":27,"key":"REST"},{"floor":32,"key":"REST"},{"floor":40,"key":"REST"},{"data":"Madness","floor":44,"key":"SMITH"},{"floor":47,"key":"REST"},{"data":"Madness","floor":49,"key":"SMITH"}],"circlet_count":0,"master_deck":["Strike_P","Strike_P","Strike_P","Strike_P","Defend_P","Defend_P","Defend_P","Eruption+1","Vigilance","EmptyFist","Adaptation+1","Halt","CutThroughFate","Conclude","SignatureMove","Consecrate","Pray","DeusExMachina","Study+1","FollowUp","WindmillStrike","Halt+1","Tantrum","DeceiveReality","FlurryOfBlows","Wish","Halt+1","Madness+1","Madness+1","PathToVictory+1","Crescendo+1","Master of Strategy","LikeWater"],"relics":["PureWater","NeowsBlessing","Dream Catcher","MealTicket","CeramicFish","Blue Candle","Pantograph","Busted Crown","Pen Nib","Red Mask","Omamori","Damaru","InkBottle","SlaversCollar","Anchor","Akabeko","Torii","Dead Branch","Vajra"],"acts_visited":["Exordium","TheCity","TheBeyond"],"potions_floor_usage":[24,25,25,25,33,33,37,37,41,41,50],"damage_taken":[{"damage":0.0,"enemies":"Jaw Worm","floor":1.0,"turns":1.0},{"damage":0.0,"enemies":"2 Louse","floor":5.0,"turns":1.0},{"damage":0.0,"enemies":"Gremlin Nob","floor":6.0,"turns":1.0},{"damage":31.0,"enemies":"3 Sentries","floor":8.0,"turns":11.0},{"damage":0.0,"enemies":"Small Slimes","floor":11.0,"turns":2.0},{"damage":5.0,"enemies":"3 Louse","floor":14.0,"turns":2.0},{"damage":0.0,"enemies":"Slime Boss","floor":16.0,"turns":4.0},{"damage":3.0,"enemies":"Chosen","floor":18.0,"turns":3.0},{"damage":43.0,"enemies":"Masked Bandits","floor":20.0,"turns":4.0},{"damage":9,"enemies":"3 Byrds","floor":24,"turns":5},{"damage":54,"enemies":"Gremlin Leader","floor":25,"turns":7},{"damage":31,"enemies":"Snake Plant","floor":30,"turns":4},{"damage":7,"enemies":"Shelled Parasite and Fungi","floor":31,"turns":3},{"damage":29,"enemies":"Automaton","floor":33,"turns":6},{"damage":15,"enemies":"Orb Walker","floor":35,"turns":3},{"damage":15,"enemies":"3 Darklings","floor":37,"turns":4},{"damage":54,"enemies":"4 Shapes","floor":38,"turns":5},{"damage":22,"enemies":"Reptomancer","floor":41,"turns":6},{"damage":14,"enemies":"Mind Bloom Boss Battle","floor":42,"turns":5},{"damage":43,"enemies":"Donu and Deca","floor":50,"turns":7}],"seed_played":"-6959551629077329825","potions_obtained":[{"floor":5.0,"key":"Energy Potion"},{"floor":6.0,"key":"DuplicationPotion"},{"floor":8.0,"key":"LiquidMemories"},{"floor":16.0,"key":"BlessingOfTheForge"},{"floor":20.0,"key":"BottledMiracle"},{"floor":31,"key":"SkillPotion"},{"floor":35,"key":"StancePotion"},{"floor":38,"key":"GamblersBrew"},{"floor":41,"key":"Fruit Juice"},{"floor":42,"key":"Energy Potion"}],"is_trial":false,"path_per_floor":["M","?","?","$","M","E","R","E","T","?","M","R","?","M","R","B",null,"M","?","?","$","?","R","M","E","T","R","$","?","M","M","R","B",null,"M","$","M","M","?","R","E","?","T","R","?","?","R","T","R","B",null],"character_chosen":"WATCHER","items_purchased":["Adaptation","Dream Catcher","Omamori","EntropicBrew","Anchor","DuplicationPotion"],"campfire_rested":6,"item_purchase_floors":[4,4,21,21,36,36],"current_hp_per_floor":[72,72,61,61,61,61,61,30,30,27,27,48,53,48,48,73,77,74,74,31,46,46,69,60,6,6,29,44,44,13,6,29,25,77,62,77,62,8,23,46,29,40,40,40,40,40,64,64,64,39],"gold":401,"neow_bonus":"THREE_ENEMY_KILL","is_daily":false,"chose_seed":false,"campfire_upgraded":4,"win_rate":0.0,"timestamp":1612443853,"path_taken":["M","?","?","?","M","E","R","E","T","?","M","R","?","M","R","BOSS","M","?","?","$","?","R","M","E","T","R","$","?","?","M","R","BOSS","M","$","M","M","?","R","E","?","T","R","?","?","R","?","R","BOSS"],"items_purchased_type":["Card","Relic","Relic","Potion","Relic","Potion"],"build_version":"2020-12-22","purchased_purges":0,"victory":true,"max_hp_per_floor":[72,72,72,72,72,72,72,72,72,72,72,72,77,77,77,77,77,77,77,77,77,77,77,77,77,77,77,77,77,77,77,77,77,77,77,77,77,77,77,77,82,82,82,82,82,82,82,82,82,82],"card_choices":[{"not_picked":["Halt","FollowUp"],"picked":"EmptyFist","floor":1.0},{"not_picked":["EmptyFist","PathToVictory"],"picked":"Halt","floor":5.0},{"not_picked":["Swivel","ThirdEye"],"picked":"CutThroughFate","floor":6.0},{"not_picked":["CutThroughFate","Protect"],"picked":"Conclude","floor":8.0},{"not_picked":["Omniscience","JustLucky"],"picked":"SignatureMove","floor":11.0},{"not_picked":["ForeignInfluence","Protect"],"picked":"Consecrate","floor":12.0},{"not_picked":["EmptyBody","Swivel"],"picked":"Pray","floor":14.0},{"not_picked":["Devotion","Blasphemy"],"picked":"DeusExMachina","floor":16.0},{"not_picked":[],"picked":"Study+1","floor":18.0},{"not_picked":[],"picked":"FollowUp","floor":20.0},{"not_picked":[],"picked":"Halt+1","floor":24},{"not_picked":[],"picked":"Tantrum","floor":25},{"not_picked":["Conclude"],"picked":"SKIP","floor":30},{"not_picked":[],"picked":"DeceiveReality","floor":31},{"not_picked":[],"picked":"FlurryOfBlows","floor":32},{"not_picked":[],"picked":"Wish","floor":33},{"not_picked":["CutThroughFate"],"picked":"SKIP","floor":35},{"not_picked":[],"picked":"Halt+1","floor":37},{"not_picked":["Nirvana+1"],"picked":"SKIP","floor":38},{"not_picked":[],"picked":"PathToVictory+1","floor":40},{"not_picked":[],"picked":"Crescendo+1","floor":41},{"not_picked":[],"picked":"Master of Strategy","floor":45},{"not_picked":[],"picked":"LikeWater","floor":47}],"player_experience":257225,"relics_obtained":[{"floor":6.0,"key":"MealTicket"},{"floor":8.0,"key":"CeramicFish"},{"floor":9.0,"key":"Blue Candle"},{"floor":20.0,"key":"Red Mask"},{"floor":25,"key":"Damaru"},{"floor":26,"key":"InkBottle"},{"floor":41,"key":"Akabeko"},{"floor":42,"key":"Torii"},{"floor":43,"key":"Dead Branch"},{"floor":48,"key":"Vajra"}],"event_choices":[{"damage_healed":0.0,"max_hp_gain":0.0,"max_hp_loss":0.0,"gold_gain":0.0,"event_name":"Liars Game","player_choice":"Ignored","floor":2.0,"gold_loss":0.0,"damage_taken":0.0},{"damage_healed":0.0,"max_hp_gain":0.0,"max_hp_loss":0.0,"gold_gain":75.0,"event_name":"World of Goop","player_choice":"Gather Gold","floor":3.0,"gold_loss":0.0,"damage_taken":11.0},{"damage_healed":0.0,"max_hp_gain":0.0,"max_hp_loss":0.0,"gold_gain":0.0,"event_name":"Scrap Ooze","player_choice":"Success","floor":10.0,"gold_loss":0.0,"damage_taken":3.0,"relics_obtained":["Pantograph"]},{"damage_healed":0.0,"max_hp_gain":5.0,"max_hp_loss":0.0,"gold_gain":0.0,"event_name":"Big Fish","player_choice":"Donut","floor":13.0,"gold_loss":0.0,"damage_taken":0.0},{"damage_healed":0.0,"max_hp_gain":0.0,"max_hp_loss":0.0,"gold_gain":0.0,"event_name":"Addict","player_choice":"Obtained Relic","floor":19.0,"gold_loss":85.0,"damage_taken":0.0,"relics_obtained":["Pen Nib"]},{"damage_healed":0.0,"max_hp_gain":0.0,"max_hp_loss":0.0,"gold_gain":0.0,"event_name":"Masked Bandits","player_choice":"Fought Bandits","floor":20.0,"gold_loss":0.0,"damage_taken":0.0},{"damage_healed":0.0,"max_hp_gain":0.0,"max_hp_loss":0.0,"gold_gain":0.0,"event_name":"The Library","player_choice":"Read","floor":22.0,"gold_loss":0.0,"damage_taken":0.0,"cards_obtained":["WindmillStrike"]},{"cards_removed":["Defend_P"],"damage_healed":0,"gold_gain":0,"player_choice":"Gave Gold","damage_taken":0,"max_hp_gain":0,"max_hp_loss":0,"event_name":"Beggar","floor":29,"gold_loss":75},{"damage_healed":0,"gold_gain":0,"player_choice":"Embrace Madness","damage_taken":10,"max_hp_gain":0,"max_hp_loss":0,"event_name":"Winding Halls","floor":39,"gold_loss":0,"cards_obtained":["Madness","Madness"]},{"damage_healed":0,"gold_gain":0,"player_choice":"Fight","damage_taken":0,"max_hp_gain":0,"max_hp_loss":0,"event_name":"MindBloom","floor":42,"gold_loss":0},{"damage_healed":0,"gold_gain":0,"player_choice":"Memory 1","damage_taken":0,"max_hp_gain":0,"max_hp_loss":0,"event_name":"SensoryStone","floor":45,"gold_loss":0},{"damage_healed":0,"gold_gain":222,"player_choice":"Wore Mask","damage_taken":0,"max_hp_gain":0,"max_hp_loss":0,"event_name":"Tomb of Lord Red Mask","floor":46,"gold_loss":0}],"is_beta":false,"boss_relics":[{"not_picked":["Ectoplasm","Runic Dome"],"picked":"Busted Crown"},{"not_picked":["Fusion Hammer","SacredBark"],"picked":"SlaversCollar"}],"items_purged_floors":[],"is_endless":false,"potions_floor_spawned":[5,6,8,16,20,31,35,38,41,42],"ascension_level":0}}