{"host":"j4tm1fhkymdbe3p9","time":1612480506,"event":{"mods":["A Magickal Journey","BaseMod","Better Third Choice","BetterRewards","Chen","Downfall","Hermit","Hubris","Infinite Spire","Koishi","Luminous","Marisa????????","Mimic Mod","Minty Spire (QoL Compilation)","Reimu??????","Remilia??????","Replay The Spire","Shade Mod","Shop Mod","StSLib","The Administrix","The Animator","The Blackbeard","The Bladedancer","The Construct","The Cursed","The Disciple","The Druid","The Exalted","The Gatherer","The Hierophant","The Mystic","The Necromancer","The Runesmith","The Servant 0.9.4","The Spell Scribe","TheSwordswoman","??????REMEMod"],"gold_per_floor":[115,115,127,137,115,145,78,78,102,135,100,114,114,134,134,134,134],"floor_reached":16,"language":"ENG","playtime":700,"items_purged":[],"score":110,"play_id":"919636ad-9879-46ec-8832-229a989d4c2f","local_time":"20210204181506","is_ascension_mode":false,"campfire_choices":[{"floor":8,"key":"REST"},{"floor":15,"key":"REST"}],"circlet_count":0,"master_deck":["hermit:Strike_Hermit","hermit:Strike_Hermit","hermit:Strike_Hermit","hermit:Strike_Hermit","hermit:Defend_Hermit","hermit:Defend_Hermit","hermit:Defend_Hermit","hermit:Defend_Hermit","hermit:Snapshot","hermit:Covet","hermit:HeroicBravado","hermit:TakeAim","ReplayTheSpireMod:Scrap Shanks","hermit:Roulette","hermit:GoldenBullet","hermit:LoneWolf","hermit:Dissolve"],"relics":["hermit:Momento","REME_ComplimentaryCards","hubris:BundleOfHerbs","infinitespire:Satchel","Omamori","hubris:Icosahedron"],"acts_visited":["Exordium"],"potions_floor_usage":[],"damage_taken":[{"damage":1,"enemies":"Cultist","floor":1,"turns":4},{"damage":14,"enemies":"Jaw Worm","floor":3,"turns":5},{"damage":5,"enemies":"2 Louse","floor":4,"turns":4},{"damage":32,"enemies":"3 Sentries","floor":6,"turns":6},{"damage":28,"enemies":"Lagavulin","floor":10,"turns":6},{"damage":1,"enemies":"Exordium Wildlife","floor":12,"turns":3},{"damage":17,"enemies":"Red Slaver","floor":14,"turns":5},{"damage":42,"enemies":"Hexaghost","floor":16,"turns":9}],"seed_played":"3839939817326226140","potions_obtained":[{"floor":10,"key":"AttackPotion"}],"is_trial":false,"path_per_floor":["M","?","M","M","$","E","$","R","T","E","?","M","?","M","R","B"],"character_chosen":"HERMIT","items_purchased":["hermit:Roulette","hermit:GoldenBullet"],"campfire_rested":2,"item_purchase_floors":[5,7],"current_hp_per_floor":[74,74,60,55,55,23,23,45,45,17,35,34,34,17,39,0,0],"gold":134,"neow_bonus":"ONE_RANDOM_RARE_CARD","is_daily":false,"chose_seed":false,"campfire_upgraded":0,"win_rate":0.0,"timestamp":1612480506,"path_taken":["M","?","M","?","$","E","?","R","T","E","?","M","?","?","R","BOSS"],"items_purchased_type":["Card","Card"],"build_version":"2020-12-22","purchased_purges":0,"victory":false,"max_hp_per_floor":[75,75,75,75,75,75,75,75,75,75,75,75,75,75,75,75,75],"card_choices":[{"not_picked":["hermit:Snipe","hermit:LuckOfTheDraw"],"picked":"hermit:TakeAim","floor":1},{"not_picked":["hermit:Brawl","hermit:TakeCover","hermit:Shortfuse"],"picked":"SKIP","floor":3},{"not_picked":["hermit:ItchyTrigger","hermit:HoleUp","hermit:TakeAim"],"picked":"SKIP","floor":4},{"not_picked":["hermit:BigShot","hermit:BodyArmor","hermit:Virtue"],"picked":"SKIP","floor":6},{"not_picked":["hermit:TrackingShot","hermit:Desperado"],"picked":"hermit:LoneWolf","floor":10},{"not_picked":["hermit:Virtue","hermit:GoldenBullet"],"picked":"hermit:Dissolve","floor":12},{"not_picked":["hermit:Desperado","hermit:Quickdraw","hermit:HoleUp"],"picked":"SKIP","floor":14}],"player_experience":609440,"relics_obtained":[{"floor":6,"key":"hubris:BundleOfHerbs"},{"floor":9,"key":"infinitespire:Satchel"},{"floor":10,"key":"Omamori"}],"event_choices":[{"damage_healed":0,"gold_gain":0,"player_choice":"Bought 0 Potions","damage_taken":0,"max_hp_gain":0,"max_hp_loss":0,"event_name":"The Woman in Blue","floor":2,"gold_loss":0},{"damage_healed":18,"gold_gain":0,"player_choice":"Healed","damage_taken":0,"max_hp_gain":0,"max_hp_loss":0,"event_name":"The Cleric","floor":11,"gold_loss":35}],"is_beta":false,"boss_relics":[],"items_purged_floors":[],"is_endless":false,"potions_floor_spawned":[1,10],"killed_by":"Hexaghost","ascension_level":0}}