{"host":"aaqofma31c3gm2hj","time":1612400852,"event":{"mods":["BaseMod","GungeonMod","Minty Spire (QoL Compilation)","Replay The Spire","Spicy Shops","StSLib"],"gold_per_floor":[117,117,117,130,110,110,146,146,167,167,167,202,202,202,27,27,58,81,81,81,177,177,197,197,197,197,240,240,284,284,302,302,323,323,323,323,32,32,32,32,32,109,109,128,148,202,52,52,274,274,302,312,312,364,381,381,406,425,445,445,445,445,445],"floor_reached":62,"language":"ZHS","playtime":1462,"items_purged":["Strike_R","Strike_R","Strike_R","Strike_R"],"score":1817,"play_id":"cb781a01-c4fe-480b-80e0-d415373aba14","local_time":"20210204090732","is_ascension_mode":true,"campfire_choices":[{"data":"Whirlwind","floor":6.0,"key":"SMITH"},{"data":"Armaments","floor":8.0,"key":"SMITH"},{"data":"Searing Blow","floor":10.0,"key":"SMITH"},{"data":"Searing Blow+1","floor":16.0,"key":"SMITH"},{"data":"Searing Blow+2","floor":19.0,"key":"SMITH"},{"floor":20.0,"key":"DIG"},{"data":"Searing Blow+3","floor":28.0,"key":"SMITH"},{"data":"Searing Blow+4","floor":30.0,"key":"SMITH"},{"data":"Searing Blow+5","floor":32.0,"key":"SMITH"},{"data":"Searing Blow+6","floor":38.0,"key":"SMITH"},{"data":"Searing Blow+7","floor":41.0,"key":"SMITH"},{"data":"Searing Blow+8","floor":50,"key":"SMITH"},{"floor":60,"key":"RECALL"}],"circlet_count":0,"master_deck":["AscendersBane","Defend_R","Defend_R","Defend_R","Bash","Whirlwind+1","Armaments+1","Searing Blow+9","Fiend Fire","Reaper","Second Wind","Feel No Pain","Necronomicurse","Rupture","Pain","Feed","Body Slam+1","Barricade"],"relics":["Black Blood","NeowsBlessing","Bloody Idol","DemoMod:JetPack","TungstenRod","Another Sword","Juzu Bracelet","CaptainsWheel","Replay:WaspNest","Necronomicon","Red Mask","Bronze Scales","Sundial","HornCleat","Bag of Preparation","WarpedTongs","Philosopher\u0027s Stone","Calipers","Replay:Bottled Eggs","Red Skull","DemoMod:Relodestone"],"acts_visited":["Exordium","TheCity","TheBeyond"],"potions_floor_usage":[],"damage_taken":[{"damage":0.0,"enemies":"2 Louse","floor":1.0,"turns":1.0},{"damage":0.0,"enemies":"Cultist","floor":4.0,"turns":1.0},{"damage":0.0,"enemies":"Gremlin Nob","floor":7.0,"turns":1.0},{"damage":0.0,"enemies":"Jaw Worm","floor":9.0,"turns":3.0},{"damage":19.0,"enemies":"Replay:BlueRogue","floor":12.0,"turns":4.0},{"damage":7.0,"enemies":"Gremlin Nob","floor":17.0,"turns":3.0},{"damage":2.0,"enemies":"Large Slime","floor":18.0,"turns":4.0},{"damage":29.0,"enemies":"Hexaghost","floor":21.0,"turns":8.0},{"damage":3.0,"enemies":"3 Byrds","floor":23.0,"turns":4.0},{"damage":19.0,"enemies":"Masked Bandits","floor":27.0,"turns":3.0},{"damage":18.0,"enemies":"Replay:Snechameleon","floor":29.0,"turns":6.0},{"damage":0.0,"enemies":"Spheric Guardian","floor":31.0,"turns":1.0},{"damage":0.0,"enemies":"Snake Plant","floor":33.0,"turns":2.0},{"damage":3.0,"enemies":"Pondfish","floor":42.0,"turns":5.0},{"damage":0.0,"enemies":"Orb Walker","floor":44.0,"turns":2.0},{"damage":25.0,"enemies":"3 Shapes","floor":45.0,"turns":9.0},{"damage":20.0,"enemies":"2 Orb Walkers","floor":46.0,"turns":6.0},{"damage":20,"enemies":"R_Hoarder","floor":51,"turns":5},{"damage":0,"enemies":"3 Darklings","floor":52,"turns":2},{"damage":0,"enemies":"Sphere and 2 Shapes","floor":55,"turns":3},{"damage":22,"enemies":"Giant Head","floor":57,"turns":6},{"damage":78,"enemies":"4 Shapes","floor":58,"turns":1},{"damage":0,"enemies":"Maw","floor":59,"turns":5},{"damage":37,"enemies":"Replay:Hell Engine","floor":61,"turns":7},{"damage":51,"enemies":"Donu and Deca","floor":62,"turns":4}],"seed_played":"-2886661542094573328","potions_obtained":[{"floor":4.0,"key":"Weak Potion"},{"floor":5.0,"key":"BloodPotion"},{"floor":9.0,"key":"AttackPotion"},{"floor":21.0,"key":"EssenceOfSteel"},{"floor":31.0,"key":"Milkshake"},{"floor":42.0,"key":"LiquidBronze"},{"floor":44.0,"key":"Elixir"},{"floor":57,"key":"Regen Potion"},{"floor":59,"key":"DemoMod:LeadSkinPotion"}],"is_trial":false,"path_per_floor":["M","?","?","M","?","R","E","R","M","R","T","E","?","?","$","R","E","M","R","R","B",null,"M","?","?","?","?","R","E","R","M","R","M","T","T","?","$","R","?","?","R","B",null,"M","M","?","$","?","?","R","E","M","T","T","M","?","E","M","M","R","B","B"],"character_chosen":"IRONCLAD","items_purchased":["Bag of Preparation"],"campfire_rested":0,"item_purchase_floors":[37],"current_hp_per_floor":[74,48,53,59,59,59,65,65,71,71,71,58,58,52,52,52,51,55,55,55,32,68,77,77,60,60,53,53,55,55,67,67,79,79,79,79,79,79,79,79,79,80,80,80,83,80,80,80,83,83,80,83,83,83,86,82,79,18,49,49,50,0,0],"gold":445,"neow_bonus":"THREE_ENEMY_KILL","is_daily":false,"chose_seed":false,"campfire_upgraded":11,"win_rate":0.0,"timestamp":1612400852,"path_taken":["M","?","?","M","?","R","E","R","?","R","T","E","?","?","$","R","E","M","R","R","BOSS","M","?","?","?","?","R","E","R","M","R","M","T","T","?","?","R","?","?","R","BOSS","M","M","?","$","?","?","R","E","M","T","T","M","?","E","M","M","R","BOSS","BOSS"],"items_purchased_type":["Relic"],"build_version":"2020-12-22","purchased_purges":4,"victory":false,"max_hp_per_floor":[75,75,80,80,80,80,80,80,80,80,80,80,80,80,80,80,80,80,80,80,80,80,80,80,80,80,80,80,80,80,80,80,80,80,80,80,80,80,80,80,80,80,80,80,83,83,83,83,83,83,83,83,83,83,86,82,82,82,82,82,82,82,82],"card_choices":[{"not_picked":["Clash","Reckless Charge","Heavy Blade"],"picked":"SKIP","floor":1.0},{"not_picked":["Cleave","Twin Strike"],"picked":"Whirlwind","floor":4.0},{"not_picked":["Iron Wave","Twin Strike"],"picked":"Armaments","floor":7.0},{"not_picked":["Whirlwind","Battle Trance"],"picked":"Searing Blow","floor":9.0},{"not_picked":["Iron Wave","Combust","Cleave"],"picked":"SKIP","floor":12.0},{"not_picked":["Defy Death","ReplayTheSpireMod:Stacked"],"picked":"Fiend Fire","floor":17.0},{"not_picked":["Pummel","Thunderclap","Anger"],"picked":"SKIP","floor":18.0},{"not_picked":["Barricade","Immolate"],"picked":"Reaper","floor":21.0},{"not_picked":["Pommel Strike","Warcry"],"picked":"Second Wind","floor":23.0},{"not_picked":["Flex","Feel No Pain","Eclipse"],"picked":"SKIP","floor":29.0},{"not_picked":["ReplayTheSpireMod:Corrosion Curse+1","Heavy Blade","Whirlwind"],"picked":"SKIP","floor":31.0},{"not_picked":["Armaments","ReplayTheSpireMod:Corrosion Curse"],"picked":"Rupture","floor":33.0},{"not_picked":["Corruption","Replay:Many Hands"],"picked":"Feed","floor":42.0},{"not_picked":["Thunderclap","Run Through","Sever Soul+1"],"picked":"SKIP","floor":44.0},{"not_picked":["Run Through","Clothesline","Heavy Blade+1"],"picked":"SKIP","floor":45.0},{"not_picked":["Abandon","Twin Strike"],"picked":"Body Slam","floor":46.0},{"not_picked":["Body Slam+1","Armaments+1","Barricade"],"picked":"SKIP","floor":51},{"not_picked":["Body Slam+1","Armaments+1"],"picked":"Barricade","floor":51},{"not_picked":["Body Slam","Cleave","Clash"],"picked":"SKIP","floor":52},{"not_picked":["Clash","ReplayTheSpireMod:Limb From Limb","Headbutt"],"picked":"SKIP","floor":55},{"not_picked":["Havoc","Shrug It Off","ReplayTheSpireMod:LeadingStrike"],"picked":"SKIP","floor":57},{"not_picked":["Run Through+1","Armaments","Sentinel+1"],"picked":"SKIP","floor":58},{"not_picked":["Clothesline","Replay:Undeath\u0027s Touch","Clash"],"picked":"SKIP","floor":59}],"player_experience":641180,"relics_obtained":[{"floor":7.0,"key":"DemoMod:JetPack"},{"floor":11.0,"key":"TungstenRod"},{"floor":12.0,"key":"Another Sword"},{"floor":17.0,"key":"CaptainsWheel"},{"floor":20.0,"key":"Replay:WaspNest"},{"floor":25.0,"key":"Necronomicon"},{"floor":27.0,"key":"Red Mask"},{"floor":29.0,"key":"Bronze Scales"},{"floor":34.0,"key":"Sundial"},{"floor":35.0,"key":"HornCleat"},{"floor":46.0,"key":"Calipers"},{"floor":51,"key":"Replay:Bottled Eggs"},{"floor":54,"key":"Red Skull"},{"floor":57,"key":"DemoMod:Relodestone"}],"event_choices":[{"damage_healed":0.0,"max_hp_gain":0.0,"max_hp_loss":0.0,"gold_gain":0.0,"event_name":"Golden Idol","player_choice":"Take Damage","floor":2.0,"gold_loss":0.0,"damage_taken":26.0,"relics_obtained":["Golden Idol"]},{"damage_healed":0.0,"max_hp_gain":5.0,"max_hp_loss":0.0,"gold_gain":0.0,"event_name":"Big Fish","player_choice":"Donut","floor":3.0,"gold_loss":0.0,"damage_taken":0.0},{"damage_healed":0.0,"max_hp_gain":0.0,"max_hp_loss":0.0,"gold_gain":0.0,"event_name":"The Woman in Blue","player_choice":"Bought 1 Potion","floor":5.0,"gold_loss":0.0,"damage_taken":0.0},{"damage_healed":0.0,"max_hp_gain":0.0,"max_hp_loss":0.0,"gold_gain":0.0,"event_name":"WeMeetAgain","player_choice":"Gave Potion","floor":13.0,"gold_loss":0.0,"damage_taken":0.0,"relics_obtained":["Juzu Bracelet"]},{"cards_removed":["Strike_R"],"damage_healed":0.0,"max_hp_gain":0.0,"max_hp_loss":0.0,"gold_gain":0.0,"event_name":"Golden Wing","player_choice":"Card Removal","floor":14.0,"gold_loss":0.0,"damage_taken":7.0},{"damage_healed":0.0,"max_hp_gain":0.0,"max_hp_loss":0.0,"gold_gain":0.0,"event_name":"The Library","player_choice":"Read","floor":24.0,"gold_loss":0.0,"damage_taken":0.0,"cards_obtained":["Feel No Pain"]},{"damage_healed":0.0,"max_hp_gain":0.0,"max_hp_loss":0.0,"gold_gain":0.0,"event_name":"Cursed Tome","player_choice":"Obtained Book","floor":25.0,"gold_loss":0.0,"damage_taken":21.0},{"damage_healed":0.0,"max_hp_gain":0.0,"max_hp_loss":0.0,"gold_gain":0.0,"event_name":"Ghosts","player_choice":"Ignored","floor":26.0,"gold_loss":0.0,"damage_taken":0.0},{"damage_healed":0.0,"max_hp_gain":0.0,"max_hp_loss":0.0,"gold_gain":0.0,"event_name":"Masked Bandits","player_choice":"Fought Bandits","floor":27.0,"gold_loss":0.0,"damage_taken":0.0},{"damage_healed":0.0,"max_hp_gain":0.0,"max_hp_loss":0.0,"gold_gain":0.0,"event_name":"Forgotten Altar","player_choice":"Gave Idol","floor":36.0,"relics_lost":["Golden Idol"],"gold_loss":0.0,"damage_taken":0.0,"relics_obtained":["Bloody Idol"]},{"damage_healed":0.0,"max_hp_gain":0.0,"max_hp_loss":0.0,"gold_gain":0.0,"event_name":"Accursed Blacksmith","player_choice":"Rummage","floor":39.0,"gold_loss":0.0,"damage_taken":0.0,"relics_obtained":["WarpedTongs"],"cards_obtained":["Pain"]},{"damage_healed":0.0,"max_hp_gain":0.0,"max_hp_loss":0.0,"gold_gain":0.0,"event_name":"Mysterious Sphere","player_choice":"Fight","floor":46.0,"gold_loss":0.0,"damage_taken":0.0},{"cards_removed":["Defend_R"],"damage_healed":0,"gold_gain":0,"player_choice":"Removed Skill","damage_taken":0,"max_hp_gain":0,"max_hp_loss":0,"event_name":"Falling","floor":48,"gold_loss":0},{"damage_healed":0,"gold_gain":222,"player_choice":"Wore Mask","damage_taken":0,"max_hp_gain":0,"max_hp_loss":0,"event_name":"Tomb of Lord Red Mask","floor":49,"gold_loss":0},{"damage_healed":0,"gold_gain":0,"player_choice":"Max HP","damage_taken":0,"max_hp_gain":0,"max_hp_loss":4,"event_name":"Winding Halls","floor":56,"gold_loss":0}],"is_beta":false,"boss_relics":[{"not_picked":["SacredBark","Fusion Hammer"],"picked":"Black Blood"},{"not_picked":["Velvet Choker","Ring of Chaos"],"picked":"Philosopher\u0027s Stone"}],"items_purged_floors":[15,15,37,47],"is_endless":false,"potions_floor_spawned":[4,9,21,31,42,44,46,57,59],"killed_by":"Donu and Deca","ascension_level":20}}