{"host":"fff5e1uasnm04x18","time":1612462829,"event":{"mods":["BaseMod","Minty Spire (QoL Compilation)"],"gold_per_floor":[118,132,132,142,161,161,189,189,189,189,114,143,318,318,318,318,318],"floor_reached":16,"language":"ENG","playtime":545,"items_purged":["Strike_B"],"score":113,"play_id":"aaede35e-bc3c-40ff-8523-c3f091a30ece","local_time":"20210204132029","is_ascension_mode":true,"campfire_choices":[{"data":"Reprogram","floor":6,"key":"SMITH"},{"floor":8,"key":"REST"},{"floor":10,"key":"REST"},{"floor":15,"key":"REST"}],"circlet_count":0,"master_deck":["Strike_B","Strike_B","Defend_B","Defend_B","Defend_B","Defend_B","Zap","Dualcast","Melter","Reprogram+1","Creative AI","Lockon","Doubt","Regret"],"relics":["Cracked Core","Orichalcum","Bronze Scales","The Courier","Matryoshka"],"acts_visited":["Exordium"],"potions_floor_usage":[16],"damage_taken":[{"damage":12,"enemies":"Jaw Worm","floor":1,"turns":4},{"damage":0,"enemies":"2 Louse","floor":2,"turns":3},{"damage":0,"enemies":"Cultist","floor":4,"turns":3},{"damage":6,"enemies":"Red Slaver","floor":5,"turns":5},{"damage":53,"enemies":"Gremlin Nob","floor":7,"turns":5},{"damage":37,"enemies":"Lagavulin","floor":12,"turns":8},{"damage":46,"enemies":"The Guardian","floor":16,"turns":7}],"seed_played":"2049484710801251627","potions_obtained":[{"floor":5,"key":"Ancient Potion"},{"floor":7,"key":"Block Potion"}],"is_trial":false,"path_per_floor":["M","M","?","M","M","R","E","R","T","R","$","E","?","?","R","B"],"character_chosen":"DEFECT","items_purchased":[],"campfire_rested":3,"item_purchase_floors":[],"current_hp_per_floor":[70,70,70,70,64,64,11,35,35,59,59,22,22,22,46,0,0],"gold":318,"neow_bonus":"TEN_PERCENT_HP_BONUS","is_daily":false,"chose_seed":false,"campfire_upgraded":1,"win_rate":0.0,"timestamp":1612462829,"path_taken":["M","M","?","M","M","R","E","R","T","R","$","E","?","?","R","BOSS"],"items_purchased_type":[],"build_version":"2020-12-22","purchased_purges":1,"victory":false,"max_hp_per_floor":[82,82,82,82,82,82,82,82,82,82,82,82,82,82,82,82,82],"card_choices":[{"not_picked":["Cold Snap","Go for the Eyes","Heatsinks"],"picked":"SKIP","floor":1},{"not_picked":["Rebound","Double Energy","Stack"],"picked":"SKIP","floor":2},{"not_picked":["Redo","Compile Driver"],"picked":"Reprogram","floor":4},{"not_picked":["Tempest","Reinforced Body","Sunder"],"picked":"SKIP","floor":5},{"not_picked":["Streamline","Ball Lightning"],"picked":"Creative AI","floor":7},{"not_picked":["Aggregate","Hologram"],"picked":"Lockon","floor":12}],"player_experience":471351,"relics_obtained":[{"floor":7,"key":"Orichalcum"},{"floor":9,"key":"Bronze Scales"},{"floor":12,"key":"The Courier"}],"event_choices":[{"damage_healed":0,"gold_gain":0,"cards_transformed":["Strike_B"],"player_choice":"Change","damage_taken":0,"max_hp_gain":0,"max_hp_loss":0,"event_name":"Living Wall","floor":3,"gold_loss":0,"cards_obtained":["Melter"]},{"damage_healed":0,"gold_gain":175,"player_choice":"AGREE","damage_taken":0,"max_hp_gain":0,"max_hp_loss":0,"event_name":"Liars Game","floor":13,"gold_loss":0,"cards_obtained":["Doubt"]},{"damage_healed":0,"gold_gain":0,"player_choice":"Box","damage_taken":0,"relics_obtained":["Matryoshka"],"max_hp_gain":0,"max_hp_loss":0,"event_name":"Big Fish","floor":14,"gold_loss":0,"cards_obtained":["Regret"]}],"is_beta":false,"boss_relics":[],"items_purged_floors":[11],"is_endless":false,"potions_floor_spawned":[5,7],"killed_by":"The Guardian","ascension_level":1}}