{"host":"jxmsv4d84jcvxth5","time":1612406774,"event":{"mods":["BaseMod","Colored Map","Minty Spire (QoL Compilation)","Relic Stats","StSLib"],"gold_per_floor":[114,133,133,143,154,183,200,200,200],"floor_reached":8,"language":"ENG","playtime":512,"items_purged":[],"score":120,"play_id":"3fe197b6-56fc-4745-9036-3d0b167c2638","local_time":"20210203214614","is_ascension_mode":true,"campfire_choices":[],"circlet_count":0,"master_deck":["AscendersBane","Strike_R","Strike_R","Strike_R","Strike_R","Defend_R","Defend_R","Defend_R","Defend_R","Bash","Clothesline","Clash","Flame Barrier","Carnage","Anger","Spot Weakness"],"relics":["Velvet Choker","Sundial"],"acts_visited":["Exordium"],"potions_floor_usage":[7,8,8],"damage_taken":[{"damage":0,"enemies":"2 Louse","floor":1,"turns":3},{"damage":0,"enemies":"Cultist","floor":2,"turns":3},{"damage":7,"enemies":"Jaw Worm","floor":4,"turns":3},{"damage":0,"enemies":"Exordium Wildlife","floor":5,"turns":4},{"damage":30,"enemies":"3 Sentries","floor":6,"turns":9},{"damage":24,"enemies":"Exordium Thugs","floor":7,"turns":5},{"damage":11,"enemies":"Lagavulin","floor":8,"turns":4}],"seed_played":"169133415963424353","potions_obtained":[{"floor":2,"key":"EssenceOfSteel"},{"floor":6,"key":"Fire Potion"},{"floor":7,"key":"Fire Potion"}],"is_trial":false,"path_per_floor":["M","M","?","M","M","E","M","E"],"character_chosen":"IRONCLAD","items_purchased":[],"campfire_rested":0,"item_purchase_floors":[],"current_hp_per_floor":[68,68,68,61,61,31,7,0,0],"gold":200,"neow_bonus":"BOSS_RELIC","is_daily":false,"chose_seed":false,"campfire_upgraded":0,"win_rate":0.0,"timestamp":1612406774,"path_taken":["M","M","?","M","M","E","?","E"],"items_purchased_type":[],"build_version":"2020-12-22","purchased_purges":0,"victory":false,"max_hp_per_floor":[75,75,75,75,75,75,75,75,75],"relic_stats":{"counters":[7,31],"Sundial":[0],"obtain_stats":[{"Sundial":6,"Velvet Choker":0,"Burning Blood":0},{"Sundial":5,"Velvet Choker":0,"Burning Blood":0},{"Sundial":22,"Velvet Choker":0,"Burning Blood":0}]},"card_choices":[{"not_picked":["Perfected Strike","Wild Strike"],"picked":"Clothesline","floor":1},{"not_picked":["Burning Pact","Seeing Red"],"picked":"Clash","floor":2},{"not_picked":["Armaments","Searing Blow"],"picked":"Flame Barrier","floor":4},{"not_picked":["Dual Wield","Evolve"],"picked":"Carnage","floor":5},{"not_picked":["Wild Strike","Corruption"],"picked":"Anger","floor":6},{"not_picked":["Heavy Blade","Iron Wave"],"picked":"Spot Weakness","floor":7}],"player_experience":1548145,"relics_obtained":[{"floor":6,"key":"Sundial"}],"event_choices":[{"cards_removed":["Strike_R"],"damage_healed":0,"gold_gain":0,"player_choice":"Purged","damage_taken":0,"max_hp_gain":0,"max_hp_loss":0,"event_name":"Purifier","floor":3,"gold_loss":0}],"is_beta":false,"boss_relics":[],"items_purged_floors":[],"is_endless":false,"potions_floor_spawned":[2,6,7],"killed_by":"Lagavulin","ascension_level":20}}