{"host":"gzk4gkgy3zij1c51","time":1612468335,"event":{"mods":["BaseMod","Colored Map","Downfall","Highlight Path","Marked Mod","Minty Spire (QoL Compilation)","Relic Stats","StSLib","everything is the same but u backflip on backflip"],"gold_per_floor":[110,33,44,44,44,71,71,104,127,302,302,337,337,35,35,133,133,148,148,159,175,31,31,50,76,140,186,198,226,238,282,294,406,418,441,466,478,478],"floor_reached":37,"language":"ENG","playtime":2153,"items_purged":["Strike_G"],"score":532,"play_id":"90131f9b-3871-43f3-b39b-9f84d8c8d925","local_time":"20210204195215","is_ascension_mode":true,"campfire_choices":[{"data":"Footwork","floor":7.0,"key":"SMITH"},{"data":"Blur","floor":11.0,"key":"SMITH"},{"data":"Burst","floor":15.0,"key":"SMITH"},{"data":"Infinite Blades","floor":23.0,"key":"SMITH"},{"data":"Catalyst","floor":30.0,"key":"SMITH"},{"floor":32.0,"key":"REST"}],"circlet_count":0,"master_deck":["Strike_G","Strike_G","Strike_G","Defend_G","Defend_G","Defend_G","Defend_G","Defend_G","Survivor","Neutralize","Dodge and Roll","Noxious Fumes+1","Footwork+1","Unload","Blur+1","Endless Agony","Burst+1","Die Die Die","Choke+1","Infinite Blades+1","Catalyst+1","Endless Agony+1","Deflect","Backflip","Bane","Underhanded Strike+1","Glass Knife","Tactician+1","Deadly Poison","Corpse Explosion","Poisoned Stab","Skewer+1"],"relics":["Ring of the Snake","NeowsBlessing","Orichalcum","Potion Belt","Omamori","Ice Cream","champ:DeflectingBracers","TwistedFunnel","Cursed Key","MawBank","sneckomod:BlankCard","MealTicket","sneckomod:SneckoTalon"],"acts_visited":["Exordium","TheCity","TheBeyond"],"potions_floor_usage":[],"damage_taken":[{"damage":0.0,"enemies":"2 Louse","floor":1.0,"turns":1.0},{"damage":0.0,"enemies":"Jaw Worm","floor":3.0,"turns":1.0},{"damage":4.0,"enemies":"3 Sentries","floor":6.0,"turns":2.0},{"damage":17.0,"enemies":"Gremlin Nob","floor":8.0,"turns":5.0},{"damage":3.0,"enemies":"3 Sentries","floor":12.0,"turns":9.0},{"damage":24.0,"enemies":"The Guardian","floor":16.0,"turns":10.0},{"damage":14.0,"enemies":"Spheric Guardian","floor":18.0,"turns":4.0},{"damage":7.0,"enemies":"Shell Parasite","floor":20.0,"turns":6.0},{"damage":1.0,"enemies":"Cultist and Chosen","floor":21.0,"turns":4.0},{"damage":0.0,"enemies":"Centurion and Healer","floor":24.0,"turns":5.0},{"damage":8.0,"enemies":"Book of Stabbing","floor":25.0,"turns":4.0},{"damage":19.0,"enemies":"Gremlin Leader","floor":27.0,"turns":7.0},{"damage":0.0,"enemies":"Snake Plant","floor":29.0,"turns":3.0},{"damage":20.0,"enemies":"Book of Stabbing","floor":31.0,"turns":4.0},{"damage":4.0,"enemies":"Champ","floor":33.0,"turns":10.0},{"damage":22.0,"enemies":"3 Darklings","floor":35.0,"turns":3.0},{"damage":8.0,"enemies":"3 Shapes","floor":36.0,"turns":5.0},{"damage":50,"enemies":"Writhing Mass","floor":37,"turns":4}],"seed_played":"1084161857520671874","potions_obtained":[{"floor":8.0,"key":"Block Potion"},{"floor":12.0,"key":"Dexterity Potion"},{"floor":16.0,"key":"sneckomod:MuddlingPotion"},{"floor":18.0,"key":"ColorlessPotion"},{"floor":25.0,"key":"AttackPotion"},{"floor":29.0,"key":"Swift Potion"},{"floor":33.0,"key":"Fire Potion"}],"is_trial":false,"path_per_floor":["M","$","M","?","?","E","R","E","T","?","R","E","?","$","R","B",null,"M","?","M","M","$","R","M","E","T","E","$","M","R","E","R","B",null,"M","M","M"],"character_chosen":"THE_SILENT","items_purchased":["Noxious Fumes","TwistedFunnel","Burst","Deflect","Backflip"],"campfire_rested":1,"item_purchase_floors":[2,14,14,22,22],"current_hp_per_floor":[70,70,70,63,63,59,59,42,42,42,42,39,27,27,27,3,70,56,56,49,48,48,48,48,40,40,21,21,21,21,1,22,18,70,48,40,0,0],"gold":478,"neow_bonus":"THREE_ENEMY_KILL","is_daily":false,"chose_seed":false,"campfire_upgraded":5,"win_rate":0.0,"timestamp":1612468335,"path_taken":["M","$","M","?","?","E","R","E","T","?","R","E","?","$","R","BOSS","M","?","M","M","$","R","M","E","T","E","?","M","R","E","R","BOSS","M","?","M"],"items_purchased_type":["Card","Relic","Card","Card","Card"],"build_version":"2020-12-22","purchased_purges":1,"victory":false,"max_hp_per_floor":[70,70,70,70,70,70,70,70,70,70,70,70,70,70,70,70,70,70,70,70,70,70,70,70,70,70,70,70,70,70,70,70,70,70,70,70,70,70],"relic_stats":{"counters":[18,87],"MealTicket":0,"Orichalcum":[54],"Cursed Key":1,"MawBank":144,"obtain_stats":[{"Potion Belt":8,"Ice Cream":12,"TwistedFunnel":14,"NeowsBlessing":0,"sneckomod:BlankCard":27,"champ:DeflectingBracers":13,"Omamori":9,"Orichalcum":6,"Cursed Key":17,"MawBank":25,"sneckomod:SneckoTalon":34,"MealTicket":31,"Ring of the Snake":0},{"Potion Belt":4,"Ice Cream":5,"TwistedFunnel":5,"NeowsBlessing":0,"sneckomod:BlankCard":12,"champ:DeflectingBracers":5,"Omamori":4,"Orichalcum":3,"Cursed Key":6,"MawBank":11,"sneckomod:SneckoTalon":15,"MealTicket":14,"Ring of the Snake":0},{"Potion Belt":9,"Ice Cream":18,"TwistedFunnel":18,"NeowsBlessing":0,"sneckomod:BlankCard":58,"champ:DeflectingBracers":18,"Omamori":9,"Orichalcum":4,"Cursed Key":28,"MawBank":51,"sneckomod:SneckoTalon":75,"MealTicket":65,"Ring of the Snake":0}],"Ring of the Snake":[39]},"card_choices":[{"not_picked":["PiercingWail","Deflect"],"picked":"Dodge and Roll","floor":1.0},{"not_picked":["Expertise","Flying Knee"],"picked":"Footwork","floor":3.0},{"not_picked":["Doppelganger","Deflect"],"picked":"Unload","floor":6.0},{"not_picked":["Sucker Punch","Blade Dance"],"picked":"Blur","floor":8.0},{"not_picked":["Flying Knee","Distraction"],"picked":"Endless Agony","floor":12.0},{"not_picked":["Unload","Burst"],"picked":"Die Die Die","floor":16.0},{"not_picked":["Skewer+1","Outmaneuver+1"],"picked":"Choke+1","floor":18.0},{"not_picked":["Setup","Caltrops"],"picked":"Catalyst","floor":20.0},{"not_picked":["Outmaneuver","Flying Knee"],"picked":"Endless Agony+1","floor":21.0},{"not_picked":["Distraction","Sucker Punch"],"picked":"Bane","floor":24.0},{"not_picked":["Riddle With Holes","Dodge and Roll+1"],"picked":"Underhanded Strike+1","floor":25.0},{"not_picked":["Deflect","Flying Knee"],"picked":"Glass Knife","floor":27.0},{"not_picked":["Prepared","Concentrate"],"picked":"Tactician+1","floor":29.0},{"not_picked":["Masterful Stab","Backflip"],"picked":"Deadly Poison","floor":31.0},{"not_picked":["Glass Knife","Wraith Form v2"],"picked":"Corpse Explosion","floor":33.0},{"not_picked":["Flying Knee","Blade Dance"],"picked":"Poisoned Stab","floor":35.0},{"not_picked":["Underhanded Strike+1","Outmaneuver"],"picked":"Skewer+1","floor":36.0}],"player_experience":1142772,"relics_obtained":[{"floor":6.0,"key":"Orichalcum"},{"floor":8.0,"key":"Potion Belt"},{"floor":9.0,"key":"Omamori"},{"floor":12.0,"key":"Ice Cream"},{"floor":25.0,"key":"MawBank"},{"floor":27.0,"key":"sneckomod:BlankCard"},{"floor":31.0,"key":"MealTicket"}],"event_choices":[{"cards_removed":["Strike_G"],"damage_healed":0.0,"max_hp_gain":0.0,"max_hp_loss":0.0,"gold_gain":0.0,"event_name":"Golden Wing","player_choice":"Card Removal","floor":4.0,"gold_loss":0.0,"damage_taken":7.0},{"damage_healed":0.0,"max_hp_gain":0.0,"max_hp_loss":0.0,"gold_gain":0.0,"event_name":"Living Wall","player_choice":"Grow","floor":5.0,"gold_loss":0.0,"damage_taken":0.0,"cards_upgraded":["Noxious Fumes"]},{"damage_healed":0.0,"max_hp_gain":0.0,"max_hp_loss":0.0,"gold_gain":175.0,"event_name":"Liars Game","player_choice":"AGREE","floor":10.0,"gold_loss":0.0,"damage_taken":0.0,"cards_obtained":["Doubt"]},{"damage_healed":0.0,"max_hp_gain":0.0,"max_hp_loss":0.0,"gold_gain":0.0,"event_name":"Scrap Ooze","player_choice":"Success","floor":13.0,"gold_loss":0.0,"damage_taken":12.0,"relics_obtained":["champ:DeflectingBracers"]},{"damage_healed":0.0,"max_hp_gain":0.0,"max_hp_loss":0.0,"gold_gain":0.0,"event_name":"The Library","player_choice":"Read","floor":19.0,"gold_loss":0.0,"damage_taken":0.0,"cards_obtained":["Infinite Blades"]}],"is_beta":false,"boss_relics":[{"not_picked":["bronze:MakeshiftBattery","Velvet Choker"],"picked":"Cursed Key"},{"not_picked":["Sozu","Fusion Hammer"],"picked":"sneckomod:SneckoTalon"}],"items_purged_floors":[22],"is_endless":false,"potions_floor_spawned":[8,12,16,18,25,29,33],"killed_by":"Writhing Mass","ascension_level":4}}