{"host":"ke6y67jksn1m64jb","time":1612464120,"event":{"mods":["BaseMod","Downfall","Lobotomy","LobotomyExtend","Minty Spire (QoL Compilation)","Replay The Spire","StSLib"],"gold_per_floor":[99,118,131,151,112,212,212,212,212,112,122,122,150,161,175,274,274,274,274,294,314,332,348,248,248,261,261,275,275,289,304,304,322,427,427,427,427,727,746,796,796,796,696,713,748,748,780,780,138,155,155,155,155,190,43,43,57,93,93,93],"floor_reached":58,"language":"ZHS","playtime":5776,"items_purged":["Guardian:Defend_Guardian"],"score":748,"play_id":"2dd72c16-8937-45fc-9246-deda325793ef","local_time":"20210205024200","is_ascension_mode":false,"campfire_choices":[{"floor":1.0,"key":"RECALL"},{"data":"Guardian:ChargeCore","floor":10.0,"key":"SMITH"},{"data":"Guardian:TimeSifter","floor":24,"key":"SMITH"},{"data":"downfall:Malfunctioning","floor":27,"key":"PURGE"},{"data":"Guardian:FloatingOrbs","floor":36,"key":"SMITH"},{"data":"Guardian:SentryBeam","floor":41,"key":"SMITH"},{"data":"Guardian:TwinSlam","floor":43,"key":"SMITH"},{"data":"Guardian:StasisStrike","floor":46,"key":"SMITH"},{"floor":48,"key":"REST"},{"floor":56,"key":"REST"}],"circlet_count":0,"master_deck":["Guardian:Strike_Guardian","Guardian:Strike_Guardian","Guardian:Strike_Guardian+1","Guardian:Defend_Guardian","Guardian:CurlUp","Guardian:TwinSlam+1","Guardian:WalkerClaw","Guardian:TemporalStrike+1","Guardian:SentryBeam+1","Guardian:DonusPower+1","Guardian:ChargeCore+1","Guardian:StasisField+1","Guardian:PiercingHide+1","Guardian:StasisStrike+1","Guardian:TimeSifter+1","CurseOfTheBell","Guardian:TemporalStrike+1","Guardian:Incinerate+1","Guardian:BronzeArmor","Guardian:FloatingOrbs+1","Guardian:FloatingOrbs","Guardian:TemporalStrike+1","Guardian:PrimingBeam+1","Guardian:SpikerProtocol","Guardian:Preprogram","Replay:SS_hec_1","expansioncontent:StudyTheSpire","Guardian:Incinerate+1","Guardian:ChargeCore+1","Guardian:CrystalBeam"],"relics":["Guardian:ModeShifter","LetterFromLob","Replay:Bottled Steam","downfall:HeartBlessingRed","Replay:Mystery Machine","Calling Bell","Dream Catcher","Chameleon Ring","Peace Pipe","downfall:HeartBlessingGreen","StrikeDummy","Philosopher\u0027s Stone","WingedGreaves","downfall:HeartBlessingBlue","Onion Ring","Pet Ghost","Replay:Wax Seal","Mummified Hand","Frozen Eye","Replay:Bandana"],"acts_visited":["Exordium","TheCity","TheBeyond","TheEnding"],"potions_floor_usage":[23,30,30,33,37,40,45,49,51,51,51,57,57,57],"damage_taken":[{"damage":0.0,"enemies":"Cultist","floor":2.0,"turns":4.0},{"damage":3.0,"enemies":"Jaw Worm","floor":3.0,"turns":4.0},{"damage":2.0,"enemies":"2 Louse","floor":4.0,"turns":3.0},{"damage":0.0,"enemies":"downfall:FleeingMerchant","floor":5.0,"turns":4.0},{"damage":10.0,"enemies":"downfall:Heads","floor":6.0,"turns":4.0},{"damage":6.0,"enemies":"3 Louse","floor":11.0,"turns":3.0},{"damage":14.0,"enemies":"Gremlin Nob","floor":13.0,"turns":3.0},{"damage":7.0,"enemies":"Blue Slaver","floor":14.0,"turns":2.0},{"damage":0.0,"enemies":"Large Slime","floor":15.0,"turns":4.0},{"damage":16.0,"enemies":"SI_SHIV_ARCHETYPE","floor":16.0,"turns":10.0},{"damage":11,"enemies":"Chosen","floor":20,"turns":4},{"damage":8,"enemies":"Shell Parasite","floor":21,"turns":4},{"damage":18,"enemies":"Sentry and Sphere","floor":22,"turns":8},{"damage":21,"enemies":"Snake Plant","floor":23,"turns":3},{"damage":0,"enemies":"Cultist and Chosen","floor":26,"turns":4},{"damage":11,"enemies":"Shelled Parasite and Fungi","floor":28,"turns":4},{"damage":21,"enemies":"Snake Plant","floor":30,"turns":5},{"damage":0,"enemies":"Snecko","floor":31,"turns":4},{"damage":16,"enemies":"Centurion and Healer","floor":33,"turns":3},{"damage":18,"enemies":"WA_ARCHETYPE_CALM","floor":34,"turns":11},{"damage":0,"enemies":"3 Darklings","floor":37,"turns":2},{"damage":0,"enemies":"3 Shapes","floor":39,"turns":4},{"damage":0,"enemies":"3 Shapes","floor":40,"turns":5},{"damage":0,"enemies":"Transient","floor":44,"turns":5},{"damage":19,"enemies":"Reptomancer","floor":45,"turns":5},{"damage":15,"enemies":"R_Hoarder","floor":47,"turns":7},{"damage":10,"enemies":"downfall:FleeingMerchant","floor":49,"turns":4},{"damage":2,"enemies":"4 Shapes","floor":50,"turns":3},{"damage":54,"enemies":"IC_BLOCK_ARCHETYPE","floor":51,"turns":12},{"damage":69,"enemies":"downfall:CharBossMerchant","floor":54,"turns":9},{"damage":1,"enemies":"downfall:NeowBoss","floor":57,"turns":16},{"damage":64,"enemies":"downfall:NeowBossFinal","floor":58,"turns":8}],"seed_played":"4576223317437570923","potions_obtained":[{"floor":4.0,"key":"SkillPotion"},{"floor":11.0,"key":"Milkshake"},{"floor":13.0,"key":"Explosive Potion"},{"floor":14.0,"key":"SmokeBomb"},{"floor":15.0,"key":"Cursed Concoction"},{"floor":21,"key":"Reflective Coating"},{"floor":28,"key":"Regen Potion"},{"floor":31,"key":"Swift Potion"},{"floor":33,"key":"SmokeBomb"},{"floor":34,"key":"Strength Potion"},{"floor":39,"key":"Elixir"},{"floor":45,"key":"LiquidMemories"},{"floor":54,"key":"Strength Potion"}],"is_trial":false,"path_per_floor":["R","M","M","M","$","?","T","?","?","R","M","?","E","M","M","B",null,"PTL","PTL","M","M","M","M","R","T","M","R","M","E","M","M","?","M","B",null,"R","M","?","M","?","R","T","R","M","E","R","E","R","$","M","B",null,null,"E","$","R","B","B"],"character_chosen":"GUARDIAN","items_purchased":["Guardian:ChargeCore","Replay:Wax Seal","Mummified Hand","Frozen Eye","Guardian:SpikerProtocol","Guardian:Preprogram","Replay:SS_hec_1","expansioncontent:StudyTheSpire","Fire Potion","Weak Potion","Milkshake","EssenceOfSteel"],"campfire_rested":2,"item_purchase_floors":[5,49,49,49,49,49,49,49,49,49,55,55],"current_hp_per_floor":[88,88,85,83,83,73,73,73,73,73,67,67,53,46,46,30,88,88,88,77,69,51,30,30,30,30,30,19,19,20,20,36,20,2,88,88,88,88,88,88,88,88,98,98,79,79,64,93,83,81,27,27,98,29,29,58,57,0,0,0],"gold":93,"neow_bonus":"TEN_PERCENT_HP_BONUS","is_daily":false,"chose_seed":false,"campfire_upgraded":6,"win_rate":0.0,"timestamp":1612464120,"path_taken":["R","M","?","M","$","?","T","?","?","R","M","?","E","?","M","BOSS","PTL","PTL","M","M","M","M","R","T","M","R","M","E","M","M","?","M","BOSS","R","M","?","?","?","R","T","R","M","E","R","E","R","$","M","BOSS","E","$","R","BOSS","BOSS"],"items_purchased_type":["Card","Relic","Relic","Relic","Card","Card","Card","Card","Potion","Potion","Potion","Potion"],"build_version":"2020-12-22","purchased_purges":1,"victory":false,"max_hp_per_floor":[88,88,88,88,88,88,88,88,88,88,88,88,88,88,88,88,88,88,88,88,88,88,88,88,88,88,88,88,88,88,88,88,88,88,88,88,88,88,88,88,88,88,98,98,98,98,98,98,98,98,98,98,98,98,98,98,98,98,98,98],"card_choices":[{"not_picked":["Guardian:Gem_Cyan","Guardian:Gem_Red"],"picked":"Guardian:WalkerClaw","floor":2.0},{"not_picked":["Guardian:Repulse","Guardian:Harden"],"picked":"Guardian:TemporalStrike","floor":3.0},{"not_picked":["Guardian:PrismaticBeam","Guardian:Gem_White"],"picked":"Guardian:SentryBeam","floor":4.0},{"not_picked":["Guardian:Gem_Cyan","Guardian:PrismaticBeam"],"picked":"Guardian:DonusPower","floor":5.0},{"not_picked":["Guardian:Recover","Guardian:Emergency"],"picked":"Guardian:ChargeCore","floor":6.0},{"not_picked":["Guardian:Reroute","Guardian:TemporalShield"],"picked":"Guardian:Preprogram","floor":11.0},{"not_picked":["Guardian:Gem_Cyan","Guardian:ShieldSpikes"],"picked":"Guardian:Gem_Blue","floor":13.0},{"not_picked":["Guardian:Suspension","Guardian:Gem_Cyan"],"picked":"Guardian:StasisStrike","floor":14.0},{"not_picked":["Guardian:MultiBeam","Guardian:Gem_Green","Guardian:CrystalBeam"],"picked":"SKIP","floor":15.0},{"not_picked":["Guardian:Gem_Orange","Guardian:StasisStrike"],"picked":"Guardian:TimeSifter","floor":16.0},{"not_picked":["Guardian:CrystalBeam+1","Guardian:Gem_Red"],"picked":"Guardian:Gem_Crimson","floor":20},{"not_picked":["Guardian:Gem_Green","Guardian:WalkerClaw"],"picked":"Guardian:Gem_Orange","floor":21},{"not_picked":["Guardian:Gem_Red","Guardian:ChargeCore"],"picked":"Guardian:TemporalStrike+1","floor":22},{"not_picked":["Guardian:RollAttack+1","Guardian:ShieldCharger"],"picked":"Guardian:Incinerate+1","floor":23},{"not_picked":["Guardian:BronzeOrb","Guardian:Gem_Lightblue"],"picked":"Guardian:Gem_Crimson","floor":26},{"not_picked":["Guardian:BodySlam","Guardian:CrystalBeam"],"picked":"Guardian:TimeCapacitor","floor":28},{"not_picked":["Guardian:StasisStrike","Guardian:Suspension"],"picked":"Guardian:BronzeArmor","floor":30},{"not_picked":["Guardian:SpikerProtocol+1","Guardian:Harden"],"picked":"Guardian:Gem_Purple","floor":31},{"not_picked":["Guardian:TemporalShield+1","Guardian:Gem_Blue"],"picked":"Guardian:FloatingOrbs","floor":33},{"not_picked":["Guardian:BaubleBeam","Guardian:RevengeProtocol"],"picked":"Guardian:Gem_Synthetic","floor":34},{"not_picked":["Guardian:Gem_Cyan","Guardian:PiercingHide","Guardian:PrismaticBarrier"],"picked":"SKIP","floor":39},{"not_picked":["Guardian:Gem_Green","Guardian:DonusPower+1"],"picked":"Guardian:FloatingOrbs","floor":44},{"not_picked":["Guardian:WalkerClaw","Guardian:Recover"],"picked":"Guardian:TemporalStrike+1","floor":45},{"not_picked":["Guardian:PiercingHide+1","Guardian:TimeSifter"],"picked":"Guardian:PrimingBeam+1","floor":47},{"not_picked":["Guardian:Reroute+1","Guardian:WalkerClaw+1"],"picked":"Guardian:Gem_Red","floor":49},{"not_picked":["Guardian:ShieldCharger","Guardian:Gem_Red"],"picked":"Guardian:Incinerate+1","floor":50},{"not_picked":["Guardian:WalkerClaw","Guardian:Gem_Lightblue"],"picked":"Guardian:ChargeCore+1","floor":54},{"not_picked":["Guardian:MultiBeam+1","Guardian:PiercingHide+1"],"picked":"Guardian:CrystalBeam","floor":56}],"player_experience":257773,"relics_obtained":[{"floor":2.0,"key":"LetterFromLob"},{"floor":7.0,"key":"Replay:Bottled Steam"},{"floor":13.0,"key":"Replay:Mystery Machine"},{"floor":17,"key":"Dream Catcher"},{"floor":17,"key":"Chameleon Ring"},{"floor":17,"key":"Peace Pipe"},{"floor":25,"key":"StrikeDummy"},{"floor":40,"key":"WingedGreaves"},{"floor":45,"key":"Onion Ring"},{"floor":47,"key":"Pet Ghost"},{"floor":54,"key":"Replay:Bandana"}],"event_choices":[{"damage_healed":0,"gold_gain":300,"player_choice":"Gold","damage_taken":0,"max_hp_gain":0,"max_hp_loss":0,"event_name":"Wheel of Change","floor":38,"gold_loss":0}],"is_beta":false,"boss_relics":[{"not_picked":["Busted Crown","Tiny House"],"picked":"Calling Bell"},{"not_picked":["Velvet Choker","Guardian:StasisSlotReductionRelic"],"picked":"Philosopher\u0027s Stone"}],"items_purged_floors":[49],"is_endless":false,"potions_floor_spawned":[4,11,13,14,15,21,28,31,33,34,37,39,45,54],"killed_by":"downfall:NeowBossFinal","ascension_level":0}}