{"host":"5spr8tig1ba228ju","time":1612407659,"event":{"mods":["BaseMod","Bestiary","Colored Map","Colored Powertips","Curses Come First","Energized Spire","Highlight Path","Hubris","Minty Spire (QoL Compilation)","Quick Restart","Relic Stats","Reliquary","Replay The Spire","Shop Mod","Slay the StarCraft II Mod","Spicy Shops","StSLib","SuperFastMode","The Jungle","¡¾ÒÅÎï¿¨ÅÆ¡¿REMEMod"],"gold_per_floor":[114,127,143,143,143,143,163,195,195,205,225,225,241,254,254,333,333,352,329,329,329],"floor_reached":20,"language":"ZHS","playtime":1092,"items_purged":[],"score":342,"play_id":"a03cafe6-0e06-403c-8e4e-f1780a8207fc","local_time":"20210204110059","is_ascension_mode":true,"campfire_choices":[{"data":"Defend_R","floor":6.0,"key":"SMITH"},{"data":"SlaytheStarCraft2Mod:CONSECRATEME!","floor":12.0,"key":"SMITH"},{"data":"Armaments","floor":15.0,"key":"SMITH"}],"circlet_count":0,"master_deck":["AscendersBane","Bash","SlaytheStarCraft2Mod:CONSECRATEME!+1","Shrug It Off","Bludgeon","Sickly","Shockwave","Combust","Flame Barrier","Warcry","Armaments+1","Corruption","ReplayTheSpireMod:Stacked","Fire Breathing","Hemokinesis","REME_Fury","Limit Break","REME_Fury","Sever Soul","Massacre","Spot Weakness"],"relics":["Burning Blood","REME_ComplimentaryCards","Ring of Misfortune","Ring of Hypnosis","Pen Nib","Matryoshka","Pandora\u0027s Box"],"acts_visited":["Exordium","TheCity"],"potions_floor_usage":[],"damage_taken":[{"damage":6.0,"enemies":"2 Louse","floor":1.0,"turns":3.0},{"damage":16.0,"enemies":"Small Slimes","floor":2.0,"turns":4.0},{"damage":4.0,"enemies":"Jaw Worm","floor":3.0,"turns":7.0},{"damage":4.0,"enemies":"Blue Slaver","floor":7.0,"turns":6.0},{"damage":26.0,"enemies":"3 Sentries","floor":8.0,"turns":9.0},{"damage":29.0,"enemies":"Red Slaver","floor":10.0,"turns":8.0},{"damage":6.0,"enemies":"Looter","floor":11.0,"turns":4.0},{"damage":7.0,"enemies":"Exordium Thugs","floor":13.0,"turns":4.0},{"damage":31.0,"enemies":"Large Slime","floor":14.0,"turns":6.0},{"damage":16.0,"enemies":"Hexaghost","floor":16.0,"turns":16.0},{"damage":37.0,"enemies":"Shell Parasite","floor":18.0,"turns":3.0},{"damage":22,"enemies":"2 Thieves","floor":19,"turns":4},{"damage":25,"enemies":"Sentry and Sphere","floor":20,"turns":3}],"seed_played":"-343278563696138725","potions_obtained":[{"floor":2.0,"key":"LiquidMemories"},{"floor":3.0,"key":"Regen Potion"},{"floor":18.0,"key":"Explosive Potion"},{"floor":19,"key":"Reflective Coating"}],"is_trial":false,"path_per_floor":["M","M","M","?","$","R","M","E","T","M","M","R","M","M","R","B",null,"M","M","M"],"character_chosen":"IRONCLAD","items_purchased":[],"campfire_rested":0,"item_purchase_floors":[],"current_hp_per_floor":[75,65,67,67,67,67,69,49,49,38,41,41,40,24,24,35,70,39,23,0,0],"gold":329,"neow_bonus":"TEN_PERCENT_HP_BONUS","is_daily":false,"chose_seed":false,"campfire_upgraded":3,"win_rate":0.0,"timestamp":1612407659,"path_taken":["M","M","M","?","$","R","M","E","T","M","M","R","M","M","R","BOSS","M","M","M"],"items_purchased_type":[],"build_version":"2020-12-22","purchased_purges":0,"victory":false,"max_hp_per_floor":[82,82,82,82,82,82,82,82,82,82,82,82,82,82,82,82,82,82,82,82,82],"relic_stats":{"counters":[13,77],"Pandora\u0027s Box":["ReplayTheSpireMod:Stacked","Fire Breathing","Hemokinesis","REME_Fury","Limit Break","REME_Fury","Sever Soul","Massacre","Spot Weakness"],"Pen Nib":[3],"obtain_stats":[{"Matryoshka":9,"Ring of Hypnosis":4,"Ring of Misfortune":4,"Pandora\u0027s Box":17,"Pen Nib":8,"Burning Blood":0,"REME_ComplimentaryCards":0},{"Matryoshka":5,"Ring of Hypnosis":3,"Ring of Misfortune":3,"Pandora\u0027s Box":10,"Pen Nib":5,"Burning Blood":0,"REME_ComplimentaryCards":0},{"Matryoshka":29,"Ring of Hypnosis":14,"Ring of Misfortune":14,"Pandora\u0027s Box":67,"Pen Nib":29,"Burning Blood":0,"REME_ComplimentaryCards":0}],"Burning Blood":72},"card_choices":[{"not_picked":["hubris:ReadiedAction","Anger"],"picked":"Shrug It Off","floor":1.0},{"not_picked":["Havoc","Perfected Strike","Twin Strike"],"picked":"SKIP","floor":2.0},{"not_picked":["Iron Wave","Battle Trance"],"picked":"Bludgeon","floor":3.0},{"not_picked":["Body Slam","ReplayTheSpireMod:Limb From Limb"],"picked":"Shockwave","floor":7.0},{"not_picked":["Sever Soul","Hemokinesis"],"picked":"Combust","floor":8.0},{"not_picked":["Shrug It Off","REME_FearOfPain"],"picked":"Flame Barrier","floor":10.0},{"not_picked":["Clothesline","Iron Wave"],"picked":"Warcry","floor":11.0},{"not_picked":["Abandon","Heavy Blade","Sever Soul"],"picked":"SKIP","floor":13.0},{"not_picked":["Dark Embrace","Pommel Strike"],"picked":"Armaments","floor":14.0},{"not_picked":["Juggernaut","Bludgeon"],"picked":"Corruption","floor":16.0},{"not_picked":["hubris:CleavingFinish","ReplayTheSpireMod:Strike From Hell","Reckless Charge"],"picked":"SKIP","floor":18.0},{"not_picked":["Headbutt","Uppercut","Flex+1"],"picked":"SKIP","floor":19}],"player_experience":646864,"relics_obtained":[{"floor":4.0,"key":"Ring of Misfortune"},{"floor":4.0,"key":"Ring of Hypnosis"},{"floor":8.0,"key":"Pen Nib"},{"floor":9.0,"key":"Matryoshka"}],"event_choices":[],"is_beta":false,"boss_relics":[{"not_picked":["energizedSpire:NeverEndingSparkler","Philosopher\u0027s Stone"],"picked":"Pandora\u0027s Box"}],"items_purged_floors":[],"is_endless":false,"potions_floor_spawned":[2,3,7,11,14,18,19],"killed_by":"Sentry and Sphere","ascension_level":18}}