{"host":"idjwbq71yrpkph1r","time":1612398043,"event":{"mods":["AchievementEnabler","Alarm Clock","BaseMod","Block Reminder","Colored Map","Colored Powertips","Minty Spire (QoL Compilation)","Morshu Shopkeeper","Rare Cards Sparkle","StSLib","everything is the same but u backflip on backflip"],"gold_per_floor":[116,129,129,145,24,24,52,52,52,52,52,52],"floor_reached":11,"language":"ENG","playtime":267,"items_purged":["Strike_B"],"score":85,"play_id":"d53d3523-3293-4c61-a742-599c53f3a199","local_time":"20210204012043","is_ascension_mode":true,"campfire_choices":[{"data":"Gash","floor":6,"key":"SMITH"},{"floor":8,"key":"REST"}],"circlet_count":0,"master_deck":["Strike_B","Strike_B","Strike_B","Defend_B","Defend_B","Defend_B","Defend_B","Gash+1","Conserve Battery","Skim"],"relics":["Cracked Core","Shovel","White Beast Statue","Dream Catcher"],"acts_visited":["Exordium"],"potions_floor_usage":[11,11,11],"damage_taken":[{"damage":0,"enemies":"2 Louse","floor":1,"turns":2},{"damage":5,"enemies":"Small Slimes","floor":2,"turns":4},{"damage":1,"enemies":"Cultist","floor":4,"turns":3},{"damage":39,"enemies":"Lagavulin","floor":7,"turns":10},{"damage":40,"enemies":"Gremlin Nob","floor":11,"turns":4}],"seed_played":"7256931170708520951","potions_obtained":[{"floor":1,"key":"CultistPotion"},{"floor":2,"key":"EssenceOfSteel"},{"floor":4,"key":"SpeedPotion"}],"is_trial":false,"path_per_floor":["M","M","?","M","$","R","E","R","T","?","E"],"character_chosen":"DEFECT","items_purchased":["Conserve Battery"],"campfire_rested":1,"item_purchase_floors":[5],"current_hp_per_floor":[75,70,70,69,69,69,30,52,52,34,0,0],"gold":52,"neow_bonus":"REMOVE_CARD","is_daily":false,"chose_seed":false,"campfire_upgraded":1,"win_rate":0.0,"timestamp":1612398043,"path_taken":["M","M","?","M","$","R","E","R","T","?","E"],"items_purchased_type":["Card"],"build_version":"2020-12-22","purchased_purges":1,"victory":false,"max_hp_per_floor":[75,75,75,75,75,75,75,75,75,75,75,75],"card_choices":[{"not_picked":["Double Energy","Cold Snap","Coolheaded"],"picked":"SKIP","floor":1},{"not_picked":["Consume","Compile Driver"],"picked":"Gash","floor":2},{"not_picked":["Blizzard","Ball Lightning","Compile Driver"],"picked":"SKIP","floor":4},{"not_picked":["Cold Snap","Turbo"],"picked":"Skim","floor":7}],"player_experience":328958,"relics_obtained":[{"floor":7,"key":"Shovel"},{"floor":9,"key":"White Beast Statue"}],"event_choices":[{"cards_removed":["Dualcast"],"damage_healed":0,"gold_gain":0,"player_choice":"Forget","damage_taken":0,"max_hp_gain":0,"max_hp_loss":0,"event_name":"Living Wall","floor":3,"gold_loss":0},{"damage_healed":0,"gold_gain":0,"player_choice":"Success","damage_taken":18,"relics_obtained":["Dream Catcher"],"max_hp_gain":0,"max_hp_loss":0,"event_name":"Scrap Ooze","floor":10,"gold_loss":0}],"is_beta":false,"boss_relics":[],"items_purged_floors":[5],"is_endless":false,"potions_floor_spawned":[1,2,4],"killed_by":"Gremlin Nob","ascension_level":4}}