{"host":"dpbezu80jg8zk7un","time":1612453814,"event":{"mods":["BaseMod","Colored Map","Colored Powertips","Custom Start","DeckTracker","Minty Spire (QoL Compilation)","Quick Restart","StSLib","SuperFastMode"],"gold_per_floor":[18,18,18,36,54,54,69,69,93,93,132,145,160,176,176,265,265,288,288,288],"floor_reached":19,"language":"KOR","playtime":693,"items_purged":[],"score":392,"play_id":"2c1bc862-f5a3-4b13-8299-01357b2d565f","local_time":"20210205005014","is_ascension_mode":true,"campfire_choices":[{"data":"Eruption","floor":6.0,"key":"SMITH"},{"data":"Blasphemy","floor":8.0,"key":"SMITH"},{"data":"CrushJoints","floor":15.0,"key":"SMITH"}],"circlet_count":0,"master_deck":["AscendersBane","Strike_P","Strike_P","Strike_P","Defend_P","Defend_P+1","Eruption+1","Vigilance","Blasphemy+1","EmptyFist+1","CrushJoints+1","Tantrum","InnerPeace","LessonLearned"],"relics":["PureWater","Golden Idol","Toy Ornithopter","Boot","Runic Pyramid"],"acts_visited":["Exordium","TheCity"],"potions_floor_usage":[],"damage_taken":[{"damage":3.0,"enemies":"2 Louse","floor":1.0,"turns":3.0},{"damage":0.0,"enemies":"Cultist","floor":4.0,"turns":3.0},{"damage":0.0,"enemies":"Jaw Worm","floor":5.0,"turns":3.0},{"damage":0.0,"enemies":"Lots of Slimes","floor":7.0,"turns":4.0},{"damage":0.0,"enemies":"Gremlin Nob","floor":11.0,"turns":2.0},{"damage":12.0,"enemies":"Exordium Wildlife","floor":12.0,"turns":3.0},{"damage":0.0,"enemies":"3 Louse","floor":13.0,"turns":1.0},{"damage":0.0,"enemies":"Blue Slaver","floor":14.0,"turns":2.0},{"damage":57.0,"enemies":"Hexaghost","floor":16.0,"turns":8.0},{"damage":34.0,"enemies":"2 Thieves","floor":18.0,"turns":3.0},{"damage":12,"enemies":"3 Byrds","floor":19,"turns":3}],"seed_played":"-1497129893325281561","potions_obtained":[{"floor":1.0,"key":"ColorlessPotion"},{"floor":5.0,"key":"Fire Potion"},{"floor":12.0,"key":"Regen Potion"}],"is_trial":false,"path_per_floor":["M","?","?","M","M","R","M","R","T","?","E","M","M","M","R","B",null,"M","M"],"character_chosen":"WATCHER","items_purchased":[],"campfire_rested":0,"item_purchase_floors":[],"current_hp_per_floor":[58,58,58,58,58,58,58,58,58,62,62,50,50,50,50,8,49,15,3,3],"gold":288,"neow_bonus":"REMOVE_TWO","is_daily":false,"chose_seed":false,"campfire_upgraded":3,"win_rate":0.0,"timestamp":1612453814,"path_taken":["M","?","?","?","M","R","M","R","T","?","E","M","M","?","R","BOSS","M","M"],"items_purchased_type":[],"build_version":"2020-12-22","purchased_purges":0,"victory":false,"max_hp_per_floor":[68,62,62,62,62,62,62,62,62,62,62,62,62,62,62,62,62,62,62,62],"card_choices":[{"not_picked":["Collect","Prostrate","Wallop"],"picked":"SKIP","floor":1.0},{"not_picked":["LikeWater","PathToVictory"],"picked":"EmptyFist","floor":4.0},{"not_picked":["ClearTheMind","JustLucky"],"picked":"CrushJoints","floor":5.0},{"not_picked":["ThirdEye","Halt","JustLucky"],"picked":"SKIP","floor":7.0},{"not_picked":["Pray","Perseverance"],"picked":"Tantrum","floor":11.0},{"not_picked":["WreathOfFlame","Wireheading","SignatureMove"],"picked":"SKIP","floor":12.0},{"not_picked":["Evaluate","SashWhip","Wish"],"picked":"SKIP","floor":13.0},{"not_picked":["EmptyFist","Vengeance"],"picked":"InnerPeace","floor":14.0},{"not_picked":["Judgement","DeusExMachina"],"picked":"LessonLearned","floor":16.0},{"not_picked":["FlyingSleeves","SandsOfTime","Evaluate"],"picked":"SKIP","floor":18.0}],"player_experience":2949209,"relics_obtained":[{"floor":9.0,"key":"Toy Ornithopter"},{"floor":11.0,"key":"Boot"}],"event_choices":[{"damage_healed":0.0,"max_hp_gain":0.0,"max_hp_loss":6.0,"gold_gain":0.0,"event_name":"Golden Idol","player_choice":"Lose Max HP","floor":2.0,"gold_loss":0.0,"damage_taken":0.0,"relics_obtained":["Golden Idol"]},{"damage_healed":0.0,"max_hp_gain":0.0,"max_hp_loss":0.0,"gold_gain":0.0,"cards_transformed":["Defend_P"],"event_name":"Transmorgrifier","player_choice":"Transformed","floor":3.0,"gold_loss":0.0,"damage_taken":0.0,"cards_obtained":["Blasphemy"]},{"damage_healed":4.0,"max_hp_gain":0.0,"max_hp_loss":0.0,"gold_gain":0.0,"event_name":"Wheel of Change","player_choice":"Full Heal","floor":10.0,"gold_loss":0.0,"damage_taken":0.0}],"is_beta":false,"boss_relics":[{"not_picked":["Astrolabe","SlaversCollar"],"picked":"Runic Pyramid"}],"items_purged_floors":[],"is_endless":false,"potions_floor_spawned":[1,5,12],"killed_by":"3 Byrds","ascension_level":20}}