{"host":"ig9h5mtrygw4gu9r","time":1612418258,"event":{"mods":["2.2 Compatiblity","AchievementEnabler","BaseMod","Bestiary","Infinite Spire","Minty Spire (QoL Compilation)","Relic Stats","Replay The Spire","StSLib","The Servant 0.9.4"],"gold_per_floor":[113,113,129,144,23,23,23],"floor_reached":6,"language":"ENG","playtime":5228,"items_purged":[],"score":36,"play_id":"76941ce2-a2c5-4e1d-8ce1-2f74493c7444","local_time":"20210203215738","is_ascension_mode":false,"campfire_choices":[],"circlet_count":0,"master_deck":["Strike_S","Strike_S","Strike_S","Defend_S","Defend_S","Defend_S","Defend_S","KidneyShot","Exchange","FastForward","Ricochet","FastForward","FastForward","Chrysalis","Finesse","Finesse"],"relics":["Uniform","ReplayTheSpireMod:ShopPack"],"acts_visited":["Exordium"],"potions_floor_usage":[],"damage_taken":[{"damage":6,"enemies":"Cultist","floor":1,"turns":4},{"damage":0,"enemies":"Small Slimes","floor":3,"turns":3},{"damage":0,"enemies":"2 Louse","floor":4,"turns":2},{"damage":0,"enemies":"Lagavulin","floor":6,"turns":9}],"seed_played":"4862555477262282160","potions_obtained":[{"floor":1,"key":"Weak Potion"}],"is_trial":false,"path_per_floor":["M","?","M","M","$","E"],"character_chosen":"THE_SERVANT","items_purchased":["ReplayTheSpireMod:ShopPack"],"campfire_rested":0,"item_purchase_floors":[5],"current_hp_per_floor":[59,59,59,59,59,59,59],"gold":23,"neow_bonus":"TRANSFORM_CARD","is_daily":false,"chose_seed":false,"campfire_upgraded":0,"win_rate":0.0,"timestamp":1612418258,"path_taken":["M","?","M","M","$","E"],"items_purchased_type":["Relic"],"build_version":"2020-12-22","purchased_purges":0,"victory":false,"max_hp_per_floor":[65,65,65,65,65,65,65],"relic_stats":{"counters":[4,18],"obtain_stats":[{"Uniform":0,"ReplayTheSpireMod:ShopPack":5},{"Uniform":0,"ReplayTheSpireMod:ShopPack":3},{"Uniform":0,"ReplayTheSpireMod:ShopPack":9}]},"card_choices":[{"not_picked":["FanOfKnives","Revamp"],"picked":"Ricochet","floor":1},{"not_picked":["Sabotage","Revamp"],"picked":"FastForward","floor":3},{"not_picked":["Alleviate","ShatteredReality"],"picked":"FastForward","floor":4},{"not_picked":["Poisoned Strike","Mayhem"],"picked":"Chrysalis","floor":5},{"not_picked":["ReplayTheSpireMod:Necrogeddon","ReplayTheSpireMod:Trickstab"],"picked":"Finesse","floor":5},{"not_picked":["Good Instincts","Replay:BasicMightCard"],"picked":"Finesse","floor":5}],"player_experience":373516,"relics_obtained":[],"event_choices":[{"damage_healed":0,"gold_gain":0,"player_choice":"Ignored","damage_taken":0,"max_hp_gain":0,"max_hp_loss":0,"event_name":"Liars Game","floor":2,"gold_loss":0}],"is_beta":false,"boss_relics":[],"items_purged_floors":[],"is_endless":false,"potions_floor_spawned":[1],"killed_by":"Lagavulin","ascension_level":0}}