{"host":"whloki2o3dp1b07n","time":1612444986,"event":{"mods":["100% Spire Juice","Abigail Mod","Act Like it!","Arknights","BaseMod","Better Synergies","Block Reminder","Bossed Relics","CapriCore","Colored Map","Colored Powertips","DNKmod","Friendly Minions","GifTheSpireLib","GungeonMod","HexUI Lib","Koishi","Marked Mod","Minty Spire (QoL Compilation)","Poor People Problems","StSLib","Swap Starting Deck Mod","The Bug Knight","The Marked","Transform Curses"],"gold_per_floor":[119,135,135,149,149,149,119,25,25,25,61,9,25,25,25,25,25],"floor_reached":16,"language":"ENG","playtime":949,"items_purged":[],"score":123,"play_id":"99f972fd-cb9a-4277-9666-1b6e2c9621a7","local_time":"20210204082306","is_ascension_mode":false,"campfire_choices":[{"data":"theMarked:Levitate","floor":6,"key":"SMITH"},{"data":"theMarked:Reabsorb","floor":10,"key":"SMITH"},{"floor":15,"key":"REST"}],"circlet_count":3,"master_deck":["theMarked:ElectricStrings","theMarked:ElectricStrings","theMarked:ElectricStrings","theMarked:Strike","theMarked:Strike","theMarked:Defend","theMarked:Defend","theMarked:Defend","theMarked:Defend","theMarked:SoldierOfQuellstein","theMarked:Levitate+1","theMarked:HeightenedSenses","theMarked:WardOff+1","Injury","theMarked:OneWithTheBlade","theMarked:Reabsorb+1","theMarked:ChainLightning","theMarked:MuscleMemory","theMarked:Memento","theMarked:SwordAndMagic+1","theMarked:ElectricStrings+1"],"relics":["theMarked:ArtifactOfAir","Circlet","Golden Idol","Molten Egg 2","HollowMod:StagPassRelic"],"acts_visited":["Exordium"],"potions_floor_usage":[11,16],"damage_taken":[{"damage":7.0,"enemies":"Small Slimes","floor":1.0,"turns":3.0},{"damage":0,"enemies":"2 Louse","floor":2,"turns":4},{"damage":0,"enemies":"Jaw Worm","floor":4,"turns":7},{"damage":0,"enemies":"Looter","floor":7,"turns":4},{"damage":50,"enemies":"Gremlin Nob","floor":11,"turns":7},{"damage":0,"enemies":"Lots of Slimes","floor":13,"turns":2},{"damage":49,"enemies":"Hexaghost","floor":16,"turns":11}],"seed_played":"5464982359919124139","potions_obtained":[{"floor":1,"key":"Weak Potion"},{"floor":11,"key":"Regen Potion"}],"is_trial":false,"path_per_floor":["M","M","?","M","?","R","M","$","T","R","E","$","M","?","R","B"],"character_chosen":"THE_DEFAULT","items_purchased":["theMarked:ChainLightning","theMarked:MuscleMemory","theMarked:SwordAndMagic+1"],"campfire_rested":1,"item_purchase_floors":[8,8,12],"current_hp_per_floor":[63,63,63,63,63,63,63,63,63,63,13,13,13,13,34,0,0],"gold":25,"neow_bonus":"ONE_RANDOM_RARE_CARD","is_daily":false,"chose_seed":false,"campfire_upgraded":2,"win_rate":0.0,"timestamp":1612444986,"path_taken":["M","M","?","M","?","R","M","?","T","R","E","$","M","?","R","BOSS"],"items_purchased_type":["Card","Card","Card"],"build_version":"2020-12-22","purchased_purges":0,"victory":false,"max_hp_per_floor":[70,70,70,70,70,70,70,70,70,70,70,70,70,70,70,70,70],"card_choices":[{"not_picked":["theMarked:TwofoldDefense","theMarked:TunnelVision"],"picked":"theMarked:HeightenedSenses","floor":1},{"not_picked":["theMarked:BanishingStrike","theMarked:TakeCover"],"picked":"theMarked:WardOff","floor":2},{"not_picked":["theMarked:Aftermath","theMarked:WardOff"],"picked":"theMarked:OneWithTheBlade","floor":4},{"not_picked":["theMarked:RepellingDischarge","theMarked:TwofoldDefense"],"picked":"theMarked:Reabsorb","floor":7},{"not_picked":["theMarked:UnarmedFury+1","theMarked:TwofoldDefense"],"picked":"theMarked:Memento","floor":11},{"not_picked":["theMarked:RepellingDischarge","theMarked:HeightenedSenses"],"picked":"theMarked:ElectricStrings+1","floor":13}],"player_experience":1133140,"relics_obtained":[{"floor":9,"key":"Molten Egg 2"},{"floor":11,"key":"HollowMod:StagPassRelic"}],"event_choices":[{"damage_healed":0,"gold_gain":0,"player_choice":"Take Wound","damage_taken":0,"relics_obtained":["Golden Idol"],"max_hp_gain":0,"max_hp_loss":0,"event_name":"Golden Idol","floor":3,"gold_loss":0,"cards_obtained":["Injury"]},{"damage_healed":0,"gold_gain":0,"player_choice":"Grow","damage_taken":0,"max_hp_gain":0,"max_hp_loss":0,"event_name":"Living Wall","floor":5,"gold_loss":0,"cards_upgraded":["theMarked:WardOff"]},{"damage_healed":0,"gold_gain":0,"player_choice":"Ignored","damage_taken":0,"max_hp_gain":0,"max_hp_loss":0,"event_name":"Purifier","floor":14,"gold_loss":0}],"is_beta":false,"boss_relics":[],"items_purged_floors":[],"is_endless":false,"potions_floor_spawned":[1,11],"killed_by":"Hexaghost","ascension_level":0}}