{"host":"iblpanoclcg2giwu","time":1612397900,"event":{"mods":["BaseMod","Better Third Choice","BetterRewards","Colored Map","Downfall","Gold Saver","Googly Eyes","Highlight Path","Minty Spire (QoL Compilation)","Relic Filter Mod","Remove Card Discount Mod","StSLib"],"gold_per_floor":[962,975,989,989,1003,928,928,928,947,972,922,935,953,978,995,1092,1092,1042,1042,1042,1053,1065,1083,1106,1106,1106,1106],"floor_reached":25,"language":"ENG","playtime":2041,"items_purged":[],"score":240,"play_id":"9407eb5c-cb51-4bae-bb68-7b5b1c992807","local_time":"20210203161820","is_ascension_mode":false,"campfire_choices":[{"data":"Slimebound:Split","floor":1,"key":"SMITH"},{"floor":11,"key":"REST"},{"data":"Slimebound:LevelUp","floor":18,"key":"SMITH"}],"circlet_count":0,"master_deck":["Slimebound:Strike_Slimebound+1","Slimebound:Strike_Slimebound","Slimebound:Tackle+1","Slimebound:Defend_Slimebound","Slimebound:Defend_Slimebound","Slimebound:Defend_Slimebound","Slimebound:Defend_Slimebound","Slimebound:Split+1","Slimebound:CorrosiveSpit+1","Slimebound:LevelUp+1","Slimebound:SplitAcid","Slimebound:Repurpose","Slimebound:PressTheAttack","Slimebound:LeadByExample","Slimebound:LeadByExample","Slimebound:Prepare","Slimebound:SlimeBarrage","Slimebound:MassRepurpose+1","CurseOfTheBell","downfall:Bewildered","Slimebound:SlimeTap","Slimebound:Prepare+1"],"relics":["Slimebound:AbsorbEndCombat","HornCleat","Slimebound:GreedOozeRelic","Eternal Feather","Whetstone","Blood Vial","Calling Bell","Orichalcum","Slimebound:MaxSlimesRelic","WingedGreaves","sneckomod:BabySnecko","War Paint"],"acts_visited":["Exordium","TheCity"],"potions_floor_usage":[14,16,25],"damage_taken":[{"damage":8,"enemies":"Small Slimes","floor":2,"turns":4},{"damage":1,"enemies":"2 Louse","floor":3,"turns":4},{"damage":0,"enemies":"Cultist","floor":5,"turns":3},{"damage":11,"enemies":"Blue Slaver","floor":9,"turns":4},{"damage":21,"enemies":"3 Sentries","floor":10,"turns":4},{"damage":13,"enemies":"Lots of Slimes","floor":12,"turns":2},{"damage":13,"enemies":"Exordium Thugs","floor":13,"turns":4},{"damage":0,"enemies":"Gremlin Nob","floor":14,"turns":3},{"damage":0,"enemies":"2 Fungi Beasts","floor":15,"turns":2},{"damage":38,"enemies":"DF_ARCHETYPE_STREAMLINE","floor":16,"turns":8},{"damage":8,"enemies":"Shell Parasite","floor":21,"turns":4},{"damage":5,"enemies":"Cultist and Chosen","floor":22,"turns":4},{"damage":0,"enemies":"Snecko","floor":23,"turns":4},{"damage":51,"enemies":"Slavers","floor":25,"turns":3}],"seed_played":"1084256291688283043","potions_obtained":[{"floor":3,"key":"hexamod:SoulburnPotion"},{"floor":9,"key":"Swift Potion"},{"floor":10,"key":"Regen Potion"},{"floor":22,"key":"hexamod:SoulburnPotion"}],"is_trial":false,"path_per_floor":["R","M","M","?","M","?","T","?","M","E","R","M","M","E","M","B",null,"R","?","?","M","M","M","T","E"],"character_chosen":"SLIMEBOUND","items_purchased":[],"campfire_rested":1,"item_purchase_floors":[],"current_hp_per_floor":[71,69,71,68,70,70,70,70,59,40,67,54,43,47,53,40,71,71,71,50,44,41,47,47,0,0,0],"gold":1106,"neow_bonus":"TEN_PERCENT_HP_BONUS","is_daily":false,"chose_seed":false,"campfire_upgraded":2,"win_rate":0.0,"timestamp":1612397900,"path_taken":["R","M","M","?","M","?","T","?","M","E","R","M","?","E","M","BOSS","R","?","?","M","?","M","T","E"],"items_purchased_type":[],"build_version":"2020-12-22","purchased_purges":0,"victory":false,"max_hp_per_floor":[71,71,71,71,71,71,71,71,71,71,71,71,71,71,71,71,71,71,71,71,71,71,71,71,71,71,71],"card_choices":[{"not_picked":["Slimebound:PressTheAttack","Slimebound:Schlurp"],"picked":"Slimebound:LevelUp","floor":2},{"not_picked":["Slimebound:Schlurp","Slimebound:LeechEnergy"],"picked":"Slimebound:SplitAcid","floor":3},{"not_picked":["Slimebound:LeechingTouch","Slimebound:ItLooksTasty"],"picked":"Slimebound:Repurpose","floor":5},{"not_picked":["Slimebound:RollThrough","Slimebound:GoopSpray"],"picked":"Slimebound:PressTheAttack","floor":9},{"not_picked":["Slimebound:LeechingTouch","Slimebound:Nibble"],"picked":"Slimebound:LeadByExample","floor":10},{"not_picked":["Slimebound:FinishingTackle","Slimebound:ViciousTackle"],"picked":"Slimebound:LeadByExample","floor":12},{"not_picked":["Slimebound:DouseInSlime","Slimebound:RainOfGoop","Slimebound:ItLooksTasty"],"picked":"SKIP","floor":13},{"not_picked":["Slimebound:ProtectTheBoss","Slimebound:GrowthPunch"],"picked":"Slimebound:Prepare","floor":14},{"not_picked":["Slimebound:FinishingTackle","Slimebound:Grow"],"picked":"Slimebound:SlimeBarrage","floor":15},{"not_picked":["Slimebound:MassFeed","Slimebound:RallyTheTroops"],"picked":"Slimebound:MassRepurpose","floor":16},{"not_picked":["Slimebound:LeadByExample","Slimebound:ComboTackle"],"picked":"Slimebound:SlimeTap","floor":21},{"not_picked":["Slimebound:LeechEnergy","Slimebound:LeechingTouch","Slimebound:ForwardTackle"],"picked":"SKIP","floor":22},{"not_picked":["Slimebound:SplitAcid","Slimebound:ViciousTackle"],"picked":"Slimebound:Prepare+1","floor":23}],"player_experience":123402,"relics_obtained":[{"floor":7,"key":"Eternal Feather"},{"floor":10,"key":"Whetstone"},{"floor":14,"key":"Blood Vial"},{"floor":17,"key":"Orichalcum"},{"floor":17,"key":"Slimebound:MaxSlimesRelic"},{"floor":17,"key":"WingedGreaves"},{"floor":24,"key":"War Paint"}],"event_choices":[{"damage_healed":0,"gold_gain":0,"player_choice":"Success","damage_taken":3,"relics_obtained":["HornCleat"],"max_hp_gain":0,"max_hp_loss":0,"event_name":"Scrap Ooze","floor":4,"gold_loss":0}],"is_beta":false,"boss_relics":[{"not_picked":["Sozu","Snecko Eye"],"picked":"Calling Bell"}],"items_purged_floors":[],"is_endless":false,"potions_floor_spawned":[3,9,10,13,22],"killed_by":"Slavers","ascension_level":0}}