{"host":"sav7uxregyirlf69","time":1612401676,"event":{"mods":["AchievementEnabler","BaseMod","Colored Map","DeckTracker","Keyboard Shortcuts","Minty Spire (QoL Compilation)","READ ME - Guardian Mod","StSLib","SuperFastMode"],"gold_per_floor":[118,134,59,59,59,59,59,74,128,53,53,53,71,87,87,87,87],"floor_reached":16,"language":"KOR","playtime":157,"items_purged":["Strike_G"],"score":180,"play_id":"e9e13f4b-1aa8-498c-bd57-05737ab134e3","local_time":"20210204102116","is_ascension_mode":true,"campfire_choices":[{"data":"Finisher","floor":6,"key":"SMITH"},{"data":"Flechettes","floor":15,"key":"SMITH"}],"circlet_count":0,"master_deck":["AscendersBane","Strike_G","Strike_G","Strike_G","Strike_G","Defend_G","Defend_G","Defend_G","Defend_G","Survivor","Neutralize","Backstab","Finisher+1","Leg Sweep","Dagger Throw","Flechettes+1"],"relics":["Ring of the Snake","Golden Idol","Potion Belt","Letter Opener"],"acts_visited":["Exordium"],"potions_floor_usage":[13,16],"damage_taken":[{"damage":4,"enemies":"Small Slimes","floor":1,"turns":3},{"damage":7,"enemies":"Jaw Worm","floor":2,"turns":4},{"damage":0,"enemies":"Cultist","floor":8,"turns":3},{"damage":0,"enemies":"Lots of Slimes","floor":13,"turns":2},{"damage":1,"enemies":"2 Fungi Beasts","floor":14,"turns":3},{"damage":54,"enemies":"Slime Boss","floor":16,"turns":7}],"seed_played":"-5220191796971148700","potions_obtained":[{"floor":8,"key":"Explosive Potion"},{"floor":14,"key":"AttackPotion"}],"is_trial":false,"path_per_floor":["M","M","?","$","?","R","$","M","T","$","?","T","M","M","R","B"],"character_chosen":"THE_SILENT","items_purchased":[],"campfire_rested":0,"item_purchase_floors":[],"current_hp_per_floor":[61,54,54,54,54,54,54,54,54,54,54,54,54,53,53,0,0],"gold":87,"neow_bonus":"TEN_PERCENT_HP_BONUS","is_daily":false,"chose_seed":false,"campfire_upgraded":2,"win_rate":0.0,"timestamp":1612401676,"path_taken":["M","M","?","$","?","R","?","?","T","?","?","?","M","M","R","BOSS"],"items_purchased_type":[],"build_version":"2020-12-22","purchased_purges":1,"victory":false,"max_hp_per_floor":[72,72,72,72,65,65,65,65,65,65,65,65,65,65,65,65,65],"card_choices":[{"not_picked":["Backflip","Poisoned Stab"],"picked":"Backstab","floor":1},{"not_picked":["Bane","Distraction"],"picked":"Finisher","floor":2},{"not_picked":["Accuracy","Sucker Punch"],"picked":"Leg Sweep","floor":8},{"not_picked":["Dodge and Roll","Backstab"],"picked":"Dagger Throw","floor":13},{"not_picked":["Deflect","Setup"],"picked":"Flechettes","floor":14}],"player_experience":1477715,"relics_obtained":[{"floor":9,"key":"Potion Belt"},{"floor":12,"key":"Letter Opener"}],"event_choices":[{"cards_removed":["Defend_G"],"damage_healed":0,"gold_gain":0,"player_choice":"Card Removal","damage_taken":0,"max_hp_gain":0,"max_hp_loss":0,"event_name":"The Cleric","floor":3,"gold_loss":75},{"damage_healed":0,"gold_gain":0,"player_choice":"Lose Max HP","damage_taken":0,"relics_obtained":["Golden Idol"],"max_hp_gain":0,"max_hp_loss":7,"event_name":"Golden Idol","floor":5,"gold_loss":0},{"damage_healed":0,"gold_gain":0,"player_choice":"Searched \u00270\u0027 times","damage_taken":0,"max_hp_gain":0,"max_hp_loss":0,"event_name":"Dead Adventurer","floor":11,"gold_loss":0}],"is_beta":false,"boss_relics":[],"items_purged_floors":[10],"is_endless":false,"potions_floor_spawned":[8,14],"killed_by":"Slime Boss","ascension_level":20}}