{"host":"5t6k5h959q0wkklw","time":1612474637,"event":{"mods":["BaseMod","BetterRewards","Conspire","Downfall","Hubris","Infinite Spire","Marisa????????","Minty Spire (QoL Compilation)","Replay The Spire","StSLib","The Necromancer","The Poker Player","The Servant 0.9.4"],"gold_per_floor":[113,132,147,147,203,215,215,16,39,65,84,108,108,129,129,235,235,258,279,304,312,312,312],"floor_reached":21,"language":"ENG","playtime":1748,"items_purged":[],"score":177,"play_id":"d71f24ea-4d31-4ddb-a4c8-e5bed936feed","local_time":"20210204163717","is_ascension_mode":false,"metric_token":850,"campfire_choices":[{"floor":7,"key":"REST"},{"data":"PokerPlayerMod:TrumpStrike","floor":13,"key":"SMITH"},{"floor":15,"key":"REST"}],"circlet_count":0,"master_deck":["PokerPlayerMod:Diamond1","PokerPlayerMod:Diamond2","PokerPlayerMod:Diamond3","PokerPlayerMod:Diamond4","PokerPlayerMod:Diamond5","PokerPlayerMod:Spade1","PokerPlayerMod:Spade2","PokerPlayerMod:Spade3","PokerPlayerMod:Spade4","PokerPlayerMod:Club1","PokerPlayerMod:Club2","PokerPlayerMod:Heart2","PokerPlayerMod:TrumpStrike+1","PokerPlayerMod:BadJoker","PokerPlayerMod:Mulligan","Trip","PokerPlayerMod:ClubShade","PokerPlayerMod:HeartStrike","PokerPlayerMod:CloakAndDiamond","CommonCold","PokerPlayerMod:StackedDeck","PokerPlayerMod:ClubsClub+1","PokerPlayerMod:DartThrow+1","PokerPlayerMod:SpadeStrike+1","PokerPlayerMod:Diamond2","PokerPlayerMod:Club3","PokerPlayerMod:DiamondStrike+1","PokerPlayerMod:Diamond5","PokerPlayerMod:WasteCollection","PokerPlayerMod:Configure","PokerPlayerMod:Club4","PokerPlayerMod:Spade3"],"relics":["PokerPlayerMod:DeckCase","Molten Egg 2","Lee\u0027s Waffle","Replay:Bandana","SlaversCollar"],"acts_visited":["Exordium","TheCity"],"potions_floor_usage":[16,16,16],"damage_taken":[{"damage":6,"enemies":"infinitespire:Voidling","floor":1,"turns":4},{"damage":6,"enemies":"Jaw Worm","floor":2,"turns":2},{"damage":0,"enemies":"2 Louse","floor":3,"turns":3},{"damage":5,"enemies":"conspire:2 RoseBushes","floor":6,"turns":5},{"damage":6,"enemies":"Exordium Wildlife","floor":10,"turns":3},{"damage":10,"enemies":"Red Slaver","floor":11,"turns":2},{"damage":7,"enemies":"Exordium Thugs","floor":12,"turns":5},{"damage":18,"enemies":"3 Louse","floor":14,"turns":3},{"damage":27,"enemies":"Slime Boss","floor":16,"turns":9},{"damage":0,"enemies":"Chosen","floor":18,"turns":3},{"damage":17,"enemies":"3 Byrds","floor":19,"turns":4},{"damage":20,"enemies":"Centurion and Healer","floor":20,"turns":3},{"damage":35,"enemies":"Sentry and Sphere","floor":21,"turns":5}],"seed_played":"-5641849529072871787","potions_obtained":[{"floor":2,"key":"hexamod:SoulburnPotion"},{"floor":3,"key":"SmokeBomb"},{"floor":10,"key":"FearPotion"},{"floor":11,"key":"BlessingOfTheForge"},{"floor":19,"key":"GamblersBrew"}],"is_trial":false,"path_per_floor":["M","M","M","?","?","M","R","$","T","M","M","M","R","M","R","B",null,"M","M","M","M"],"character_chosen":"THE_POKER_PLAYER","items_purchased":["Lee\u0027s Waffle","PokerPlayerMod:SpadeStrike+1"],"campfire_rested":2,"item_purchase_floors":[8,8],"current_hp_per_floor":[50,44,51,51,38,36,51,59,59,53,43,45,45,30,47,25,59,59,46,28,0,0,0],"gold":312,"neow_bonus":"RANDOM_COLORLESS","is_daily":false,"chose_seed":false,"campfire_upgraded":1,"win_rate":0.0,"timestamp":1612474637,"path_taken":["M","M","?","?","?","M","R","?","T","M","M","?","R","M","R","BOSS","M","M","M","M"],"items_purchased_type":["Relic","Card"],"build_version":"2020-12-22","purchased_purges":0,"victory":false,"max_hp_per_floor":[52,52,52,52,52,52,52,59,59,59,59,59,59,59,59,59,59,59,59,59,59,59,59],"card_choices":[{"not_picked":["Replay:Parry","Dramatic Entrance"],"picked":"Trip","floor":0},{"not_picked":["PokerPlayerMod:Diamond1","PokerPlayerMod:Diamond2"],"picked":"PokerPlayerMod:ClubShade","floor":1},{"not_picked":["PokerPlayerMod:Club5","PokerPlayerMod:FlyingCard"],"picked":"PokerPlayerMod:HeartStrike","floor":2},{"not_picked":["PokerPlayerMod:Diamond1","PokerPlayerMod:Diamond5"],"picked":"PokerPlayerMod:CloakAndDiamond","floor":3},{"not_picked":["PokerPlayerMod:Diamond3","PokerPlayerMod:Spade4"],"picked":"PokerPlayerMod:StackedDeck","floor":5},{"not_picked":["PokerPlayerMod:Club3","PokerPlayerMod:Diamond3"],"picked":"PokerPlayerMod:ClubsClub+1","floor":5},{"not_picked":["PokerPlayerMod:Diamond1","PokerPlayerMod:Spade5"],"picked":"PokerPlayerMod:DartThrow+1","floor":6},{"not_picked":["PokerPlayerMod:Spade1","PokerPlayerMod:Diamond7"],"picked":"PokerPlayerMod:Diamond2","floor":10},{"not_picked":["PokerPlayerMod:Spade1","PokerPlayerMod:CloakAndDiamond"],"picked":"PokerPlayerMod:Club3","floor":11},{"not_picked":["PokerPlayerMod:Manipulation","PokerPlayerMod:FillThePot"],"picked":"PokerPlayerMod:DiamondStrike+1","floor":12},{"not_picked":["PokerPlayerMod:Spade4","PokerPlayerMod:Raise"],"picked":"PokerPlayerMod:Diamond5","floor":14},{"not_picked":["PokerPlayerMod:FakeSymbols","PokerPlayerMod:Duplicate"],"picked":"PokerPlayerMod:WasteCollection","floor":16},{"not_picked":["PokerPlayerMod:Manipulation","PokerPlayerMod:Diamond4"],"picked":"PokerPlayerMod:Configure","floor":18},{"not_picked":["PokerPlayerMod:Diamond5","PokerPlayerMod:Diamond3"],"picked":"PokerPlayerMod:Club4","floor":19},{"not_picked":["PokerPlayerMod:Configure","PokerPlayerMod:CloakAndDiamond"],"picked":"PokerPlayerMod:Spade3","floor":20}],"player_experience":138460,"relics_obtained":[{"floor":5,"key":"Molten Egg 2"},{"floor":9,"key":"Replay:Bandana"}],"event_choices":[],"is_beta":false,"boss_relics":[{"not_picked":["ChewingGum","conspire:SeveredTorchhead"],"picked":"SlaversCollar"}],"items_purged_floors":[],"is_endless":false,"potions_floor_spawned":[2,3,10,11,19],"killed_by":"Sentry and Sphere","ascension_level":0}}