{"host":"982whgfapomb3lkp","time":1612411156,"event":{"mods":["AchievementEnabler","BaseMod","Colored Map","Minty Spire (QoL Compilation)","Relic Stats"],"gold_per_floor":[114,19,19,70,83,114,127,127,204,234,159,159,169,194,194,298,298,309,324,16,29,29,54,54,86,112,137,137,37,65,84,84,183,183,195,215,234,253,253,280,280,310,310,310,361,45,76,91,91,91,91,91,91,117,117],"floor_reached":56,"language":"ENG","playtime":4184,"items_purged":["Strike_R","Defend_R","Perfected Strike+1"],"score":1776,"play_id":"39dfe522-e486-4859-8dd3-afd12a9bdd1d","local_time":"20210203225916","is_ascension_mode":true,"campfire_choices":[{"data":"Heavy Blade","floor":8.0,"key":"SMITH"},{"floor":15.0,"key":"REST"},{"data":"Demon Form","floor":24,"key":"SMITH"},{"data":"Sentinel","floor":32,"key":"SMITH"},{"floor":41,"key":"RECALL"},{"data":"Juggernaut","floor":44,"key":"SMITH"},{"data":"Armaments","floor":49,"key":"SMITH"},{"data":"Heavy Blade","floor":52,"key":"SMITH"}],"circlet_count":0,"master_deck":["Strike_R","Strike_R+1","Strike_R","Defend_R","Defend_R","Bash","Shockwave+1","Blood for Blood","Shrug It Off","Heavy Blade+1","Searing Blow","Iron Wave+1","Iron Wave","Iron Wave","Sentinel+1","Demon Form+1","Entrench","Impervious","Heavy Blade+1","Burning Pact+1","Metallicize+1","Juggernaut+1","Writhe","Clothesline+1","Armaments+1","Heavy Blade","Inflame","Juggernaut"],"relics":["Snecko Eye","Vajra","Gambling Chip","Mummified Hand","Whetstone","Du-Vu Doll","Black Star","Frozen Eye","MutagenicStrength","Blood Vial","Pen Nib","Boot","PreservedInsect","Ancient Tea Set","Bronze Scales","Bag of Preparation","Ice Cream","Eternal Feather","SacredBark","Lantern","War Paint","Strawberry","Regal Pillow","Ginger","ClockworkSouvenir","Art of War","Dream Catcher","Magic Flower","Torii"],"acts_visited":["Exordium","TheCity","TheBeyond","TheEnding"],"potions_floor_usage":[23,33,55,55],"damage_taken":[{"damage":0.0,"enemies":"Cultist","floor":1.0,"turns":3.0},{"damage":4.0,"enemies":"Jaw Worm","floor":5.0,"turns":2.0},{"damage":7.0,"enemies":"3 Sentries","floor":6.0,"turns":4.0},{"damage":0.0,"enemies":"2 Louse","floor":7.0,"turns":1.0},{"damage":25.0,"enemies":"Lagavulin","floor":10.0,"turns":5.0},{"damage":0.0,"enemies":"Exordium Wildlife","floor":13.0,"turns":2.0},{"damage":0.0,"enemies":"Gremlin Nob","floor":14.0,"turns":2.0},{"damage":21.0,"enemies":"The Guardian","floor":16.0,"turns":9.0},{"damage":0,"enemies":"Chosen","floor":18,"turns":4},{"damage":6,"enemies":"Spheric Guardian","floor":19,"turns":3},{"damage":2,"enemies":"Centurion and Healer","floor":21,"turns":5},{"damage":2,"enemies":"Book of Stabbing","floor":23,"turns":3},{"damage":18,"enemies":"Gremlin Leader","floor":25,"turns":7},{"damage":0,"enemies":"Book of Stabbing","floor":27,"turns":2},{"damage":0,"enemies":"Gremlin Leader","floor":30,"turns":2},{"damage":0,"enemies":"Cultist and Chosen","floor":31,"turns":3},{"damage":1,"enemies":"Champ","floor":33,"turns":5},{"damage":0,"enemies":"Orb Walker","floor":35,"turns":1},{"damage":7,"enemies":"3 Shapes","floor":36,"turns":2},{"damage":19,"enemies":"3 Darklings","floor":37,"turns":3},{"damage":0,"enemies":"Transient","floor":38,"turns":5},{"damage":0,"enemies":"Reptomancer","floor":40,"turns":3},{"damage":0,"enemies":"Giant Head","floor":42,"turns":5},{"damage":0,"enemies":"2 Orb Walkers","floor":45,"turns":2},{"damage":0,"enemies":"Reptomancer","floor":47,"turns":2},{"damage":0,"enemies":"Spire Growth","floor":48,"turns":3},{"damage":25,"enemies":"Time Eater","floor":50,"turns":4},{"damage":21,"enemies":"Shield and Spear","floor":54,"turns":3},{"damage":67,"enemies":"The Heart","floor":55,"turns":5}],"seed_played":"6585328578442848166","potions_obtained":[{"floor":6.0,"key":"SteroidPotion"},{"floor":7.0,"key":"FearPotion"},{"floor":13.0,"key":"SkillPotion"},{"floor":21,"key":"SteroidPotion"},{"floor":23,"key":"CultistPotion"},{"floor":27,"key":"ElixirPotion"},{"floor":35,"key":"SpeedPotion"},{"floor":54,"key":"CultistPotion"}],"is_trial":false,"path_per_floor":["M","$","?","T","M","E","M","R","T","E","$","?","M","E","R","B",null,"M","M","$","M","?","E","R","E","T","E","?","$","E","M","R","B",null,"M","M","M","M","?","E","R","E","T","R","?","$","E","M","R","B",null,"R","$","E","B",null],"character_chosen":"IRONCLAD","items_purchased":["Blood for Blood","Shrug It Off","Impervious","Frozen Eye","Inflame","ClockworkSouvenir"],"campfire_rested":1,"item_purchase_floors":[2,2,20,20,46,46],"current_hp_per_floor":[80,80,73,73,69,62,62,62,62,37,37,37,37,37,61,40,70,70,64,64,62,62,60,60,44,44,46,46,46,48,50,62,63,76,78,73,56,58,78,80,80,87,87,87,87,87,87,87,87,62,81,87,87,66,2],"gold":117,"neow_bonus":"BOSS_RELIC","is_daily":false,"chose_seed":false,"campfire_upgraded":6,"win_rate":0.0,"timestamp":1612411156,"path_taken":["M","$","?","?","M","E","M","R","T","E","?","?","M","E","R","BOSS","M","M","$","M","?","E","R","E","T","E","?","$","E","M","R","BOSS","M","M","M","M","?","E","R","E","T","R","?","$","E","M","R","BOSS","R","$","E","BOSS"],"items_purchased_type":["Card","Card","Card","Relic","Card","Relic"],"build_version":"2020-12-22","purchased_purges":3,"victory":true,"max_hp_per_floor":[80,80,80,80,80,80,80,80,80,80,80,80,80,80,80,80,80,80,80,80,80,80,80,80,80,80,80,80,80,80,80,80,80,80,80,80,80,80,80,80,80,87,87,87,87,87,87,87,87,87,87,87,87,87,87],"relic_stats":{"Regal Pillow":0,"Torii":11,"counters":[29,100],"Magic Flower":[1],"Eternal Feather":18,"Pen Nib":[16],"PreservedInsect":393,"Bag of Preparation":[30],"Whetstone":["Iron Wave","Strike_R"],"Ginger":[3],"War Paint":["Shockwave","Burning Pact"],"Boot":[0],"Blood Vial":23,"Dream Catcher":0,"Mummified Hand":[76],"Gambling Chip":[113],"Bronze Scales":[129],"Snecko Eye":[208,213,229,201],"Black Star":8,"Art of War":[0],"obtain_stats":[{"Ice Cream":30,"Lantern":40,"Regal Pillow":42,"Torii":54,"SacredBark":34,"Vajra":4,"Magic Flower":54,"Bag of Preparation":27,"Whetstone":10,"Ginger":45,"Boot":25,"Ancient Tea Set":26,"Burning Blood":0,"ClockworkSouvenir":46,"Blood Vial":23,"Frozen Eye":20,"Dream Catcher":47,"Mummified Hand":9,"Gambling Chip":6,"Strawberry":42,"Eternal Feather":30,"Pen Nib":23,"PreservedInsect":25,"War Paint":40,"Du-Vu Doll":14,"MutagenicStrength":22,"Bronze Scales":27,"Snecko Eye":0,"Black Star":17,"Art of War":47},{"Ice Cream":15,"Lantern":22,"Regal Pillow":23,"Torii":28,"SacredBark":17,"Vajra":1,"Magic Flower":28,"Bag of Preparation":14,"Whetstone":5,"Ginger":24,"Boot":13,"Ancient Tea Set":13,"Burning Blood":0,"ClockworkSouvenir":24,"Blood Vial":12,"Frozen Eye":10,"Dream Catcher":25,"Mummified Hand":4,"Gambling Chip":3,"Strawberry":23,"Eternal Feather":15,"Pen Nib":12,"PreservedInsect":13,"War Paint":22,"Du-Vu Doll":7,"MutagenicStrength":11,"Bronze Scales":14,"Snecko Eye":0,"Black Star":8,"Art of War":25},{"Ice Cream":54,"Lantern":76,"Regal Pillow":81,"Torii":95,"SacredBark":62,"Vajra":3,"Magic Flower":95,"Bag of Preparation":52,"Whetstone":15,"Ginger":83,"Boot":50,"Ancient Tea Set":50,"Burning Blood":0,"ClockworkSouvenir":83,"Blood Vial":43,"Frozen Eye":35,"Dream Catcher":85,"Mummified Hand":10,"Gambling Chip":9,"Strawberry":81,"Eternal Feather":54,"Pen Nib":43,"PreservedInsect":50,"War Paint":76,"Du-Vu Doll":19,"MutagenicStrength":40,"Bronze Scales":52,"Snecko Eye":0,"Black Star":28,"Art of War":85}]},"card_choices":[{"not_picked":["Heavy Blade","Inflame"],"picked":"Shockwave","floor":1.0},{"not_picked":["Shockwave","Body Slam"],"picked":"Heavy Blade","floor":5.0},{"not_picked":["Juggernaut","Warcry"],"picked":"Searing Blow","floor":6.0},{"not_picked":["Whirlwind","Heavy Blade"],"picked":"Iron Wave","floor":7.0},{"not_picked":["Shrug It Off","Sever Soul"],"picked":"Iron Wave","floor":10.0},{"not_picked":["True Grit","Body Slam"],"picked":"Iron Wave","floor":13.0},{"not_picked":["True Grit","Second Wind"],"picked":"Sentinel","floor":14.0},{"not_picked":["Barricade","Double Tap"],"picked":"Demon Form","floor":16.0},{"not_picked":["Pommel Strike","True Grit"],"picked":"Entrench","floor":18},{"not_picked":["Second Wind","Infernal Blade","Clash"],"picked":"SKIP","floor":19},{"not_picked":["Rampage","Sentinel"],"picked":"Perfected Strike+1","floor":21},{"not_picked":["Warcry","Second Wind"],"picked":"Heavy Blade","floor":23},{"not_picked":["Wild Strike+1","Shrug It Off"],"picked":"Burning Pact","floor":25},{"not_picked":["Armaments+1","Perfected Strike"],"picked":"Metallicize+1","floor":27},{"not_picked":["Feel No Pain","Immolate","Power Through"],"picked":"SKIP","floor":30},{"not_picked":["Clothesline","Clash","Anger"],"picked":"SKIP","floor":31},{"not_picked":["Double Tap","Berserk"],"picked":"Juggernaut","floor":33},{"not_picked":["Sword Boomerang+1","Dropkick+1","Dark Embrace+1"],"picked":"SKIP","floor":35},{"not_picked":["Dropkick","Body Slam","Disarm"],"picked":"SKIP","floor":36},{"not_picked":["Power Through+1","True Grit","Flex"],"picked":"SKIP","floor":37},{"not_picked":["Sword Boomerang","Body Slam","Evolve"],"picked":"SKIP","floor":38},{"not_picked":["Headbutt+1","Intimidate"],"picked":"Clothesline+1","floor":40},{"not_picked":["Sentinel","Fiend Fire"],"picked":"Armaments","floor":42},{"not_picked":["Anger","Flex"],"picked":"Heavy Blade","floor":45},{"not_picked":["True Grit+1","Dropkick","Rage+1"],"picked":"SKIP","floor":47},{"not_picked":["Power Through","Pommel Strike+1"],"picked":"Juggernaut","floor":48},{"not_picked":["Heavy Blade","Infernal Blade","Ghostly Armor"],"picked":"SKIP","floor":54}],"player_experience":431317,"relics_obtained":[{"floor":4.0,"key":"Vajra"},{"floor":6.0,"key":"Gambling Chip"},{"floor":9.0,"key":"Mummified Hand"},{"floor":10.0,"key":"Whetstone"},{"floor":14.0,"key":"Du-Vu Doll"},{"floor":23,"key":"Blood Vial"},{"floor":23,"key":"Pen Nib"},{"floor":25,"key":"Boot"},{"floor":25,"key":"PreservedInsect"},{"floor":26,"key":"Ancient Tea Set"},{"floor":27,"key":"Bronze Scales"},{"floor":27,"key":"Bag of Preparation"},{"floor":30,"key":"Ice Cream"},{"floor":30,"key":"Eternal Feather"},{"floor":40,"key":"Lantern"},{"floor":40,"key":"War Paint"},{"floor":42,"key":"Strawberry"},{"floor":42,"key":"Regal Pillow"},{"floor":45,"key":"Ginger"},{"floor":47,"key":"Art of War"},{"floor":47,"key":"Dream Catcher"},{"floor":54,"key":"Magic Flower"},{"floor":54,"key":"Torii"}],"event_choices":[{"cards_removed":["Strike_R"],"damage_healed":0.0,"max_hp_gain":0.0,"max_hp_loss":0.0,"gold_gain":0.0,"event_name":"Golden Wing","player_choice":"Card Removal","floor":3.0,"gold_loss":0.0,"damage_taken":7.0},{"damage_healed":0.0,"max_hp_gain":0.0,"max_hp_loss":0.0,"gold_gain":0.0,"event_name":"Golden Idol","player_choice":"Ignored","floor":12.0,"gold_loss":0.0,"damage_taken":0.0},{"damage_healed":0,"gold_gain":0,"player_choice":"Inject Mutagens","damage_taken":0,"relics_obtained":["MutagenicStrength"],"max_hp_gain":0,"max_hp_loss":0,"event_name":"Drug Dealer","floor":22,"gold_loss":0},{"cards_removed":["Defend_R"],"damage_healed":0,"gold_gain":0,"player_choice":"Elegance","damage_taken":0,"max_hp_gain":0,"max_hp_loss":0,"event_name":"Back to Basics","floor":28,"gold_loss":0},{"damage_healed":20,"gold_gain":0,"player_choice":"Writhe","damage_taken":0,"max_hp_gain":0,"max_hp_loss":0,"event_name":"Winding Halls","floor":39,"gold_loss":0,"cards_obtained":["Writhe"]},{"damage_healed":0,"gold_gain":0,"player_choice":"Fight","damage_taken":0,"max_hp_gain":0,"max_hp_loss":0,"event_name":"Mysterious Sphere","floor":45,"gold_loss":0}],"is_beta":false,"boss_relics":[{"not_picked":["Sozu","Mark of Pain"],"picked":"Black Star"},{"not_picked":["Empty Cage","Pandora\u0027s Box"],"picked":"SacredBark"}],"items_purged_floors":[11,29,46],"is_endless":false,"potions_floor_spawned":[6,7,13,21,23,27,30,35,40,42,48,54],"ascension_level":5}}