{"host":"cgwysqtmt736mr58","time":1612447903,"event":{"mods":["2.2 Compatiblity","Aspiration","BaseMod","Beaked The Cultist","BetterRewards","Colored Map","Colored Powertips","Downfall","Duelist Mod","GifTheSpireLib","Googly Eyes","Halation","Hermit","Hubris","Infinite Spire","Lobotomy","LobotomyExtend","Marisa????????","Minty Spire (QoL Compilation)","Relic Stats","Replay The Spire","Shade Mod","Shop Mod","Sinister Spire","StSLib","The Construct","The Cursed","The Disciple","The Exalted","The Necromancer","The Runesmith","The Wild Card","Waifu the Spire","Yuri Mod"],"gold_per_floor":[199,213,225,161,161,192,192,22,22,122,122,141,141,156,175,277,277,277,287,126,143,163,192,241,241,241,260,352,352,352,452,464,569,569,569,580,580,593,76,93,218,218,274,302,302,302,302,342,364,422,422],"floor_reached":52,"language":"ENG","playtime":2826,"items_purged":[],"score":1024,"play_id":"f99c2245-165a-4b03-aa7c-d5c2f01d6571","local_time":"20210205011143","is_ascension_mode":true,"campfire_choices":[{"floor":1,"key":"DIG"},{"floor":9,"key":"REST"},{"floor":11,"key":"REST"},{"data":"Slimebound:SplitSpecialist","floor":13,"key":"SMITH"},{"data":"Slimebound:LeadByExample","floor":18,"key":"SMITH"},{"floor":26,"key":"REST"},{"floor":30,"key":"REST"},{"floor":35,"key":"DIG"},{"floor":45,"key":"REST"},{"data":"Slimebound:GoopTackle","floor":47,"key":"SMITH"},{"data":"Slimebound:GoopTackle","floor":47,"key":"SMITH"}],"circlet_count":0,"master_deck":["Slimebound:Strike_Slimebound","Slimebound:Strike_Slimebound","Slimebound:Strike_Slimebound","Slimebound:Tackle","Slimebound:Defend_Slimebound","Slimebound:Defend_Slimebound","Slimebound:Defend_Slimebound","Slimebound:Defend_Slimebound","Slimebound:Split","Slimebound:CorrosiveSpit","Slimebound:Nibble","Slimebound:Schlurp","Slimebound:LeadByExample+1","Slimebound:PressTheAttack","Slimebound:SplitSpecialist+1","Slimebound:SamplingLick","Slimebound:PressTheAttack","Slimebound:FinishingTackle","Slimebound:GoopTackle+1","Slimebound:SplitAcid","Slimebound:RallyTheTroops","Slimebound:ComboTackle+1","Slimebound:PressTheAttack+1","Slimebound:SplitSpecialist+1","Slimebound:SamplingLick+1","Slimebound:ViciousTackle","Slimebound:GoopTackle","Slimebound:GoopSpray+1","Slimebound:DisruptingSlam+1","Slimebound:OozeBath","Slimebound:Nibble+1","Slimebound:MassRepurpose","Slimebound:GoopTackle","hubris:Fate","Inflame","Slimebound:SpikyOuterGoop","Slimebound:SplitSpecialist+1","ReplayTheSpireMod:IOU","Feel No Pain+1","Slimebound:GoopTackle+1","Slimebound:SamplingLick","CommonCold"],"relics":["Slimebound:AbsorbEndCombat","Bromod:ArcaneAwakening","LetterFromLob","ReplayTheSpireMod:Ring of Collecting","Ring of Searing","hubris:CrystalStatue","Ring of Peace","Meat on the Bone","Slimebound:SelfDamagePreventRelic","Toy Ornithopter","SacredBark","DollysMirror","StoneCalendar","Bromod:ArcaneNullifier","HornCleat","Bromod:ArcaneAvenger","Sundial","Replay:Arrowhead","aspiration:IroncladSkillbook","infinitespire:Beetle Shell","hubris:EmptyBottle","Pen Nib","aspiration:Lifesprig","Ring of Greed","Replay:Bandana","Shuriken","hubris:MobiusCoin"],"acts_visited":["Exordium","TheCity","TheBeyond"],"potions_floor_usage":[16,16,31,33,40,49,49,50,50,50,50],"damage_taken":[{"damage":8,"enemies":"Small Slimes","floor":2,"turns":4},{"damage":4,"enemies":"Cultist","floor":3,"turns":4},{"damage":0,"enemies":"downfall:FleeingMerchant","floor":4,"turns":4},{"damage":40,"enemies":"Lagavulin","floor":6,"turns":4},{"damage":7,"enemies":"downfall:FleeingMerchant","floor":8,"turns":4},{"damage":24,"enemies":"downfall:LadyInBlue","floor":10,"turns":7},{"damage":5,"enemies":"Jaw Worm","floor":12,"turns":2},{"damage":5,"enemies":"Large Slime","floor":14,"turns":2},{"damage":10,"enemies":"Lots of Slimes","floor":15,"turns":3},{"damage":30,"enemies":"IC_STATUS_ARCHETYPE","floor":16,"turns":7},{"damage":18,"enemies":"Spheric Guardian","floor":19,"turns":4},{"damage":9,"enemies":"downfall:FleeingMerchant","floor":20,"turns":4},{"damage":9,"enemies":"Shell Parasite","floor":21,"turns":5},{"damage":3,"enemies":"3 Cultists","floor":22,"turns":4},{"damage":9,"enemies":"theDuelist:KaibaA2","floor":23,"turns":5},{"damage":13,"enemies":"Snake Plant","floor":27,"turns":3},{"damage":9,"enemies":"downfall:FleeingMerchant","floor":28,"turns":3},{"damage":10,"enemies":"Colosseum Nobs","floor":31,"turns":3},{"damage":5,"enemies":"Snecko","floor":32,"turns":3},{"damage":30,"enemies":"DF_ARCHETYPE_CLAW","floor":33,"turns":7},{"damage":10,"enemies":"Orb Walker","floor":36,"turns":3},{"damage":14,"enemies":"3 Shapes","floor":38,"turns":4},{"damage":16,"enemies":"Jaw Worm Horde","floor":40,"turns":4},{"damage":5,"enemies":"Maw","floor":43,"turns":4},{"damage":15,"enemies":"Spire Growth","floor":44,"turns":5},{"damage":15,"enemies":"Transient","floor":48,"turns":5},{"damage":25,"enemies":"Jaw Worm Horde","floor":49,"turns":4},{"damage":35,"enemies":"SI_POISON_ARCHETYPE","floor":50,"turns":5}],"seed_played":"1267854357509319602","potions_obtained":[{"floor":2,"key":"bronze:BurnAndBuffPotion"},{"floor":6,"key":"SneckoOil"},{"floor":10,"key":"Venom Potion"},{"floor":10,"key":"Death Potion"},{"floor":14,"key":"Regen Potion"},{"floor":22,"key":"Venom Potion"},{"floor":23,"key":"champ:CounterPotion"},{"floor":32,"key":"Strength Potion"},{"floor":33,"key":"SpeedPotion"},{"floor":44,"key":"DuplicationPotion"},{"floor":48,"key":"Slimebound:SlimedPotion"}],"is_trial":false,"path_per_floor":["R_BF","M","M","$","?","E","T","$","R","?","R","M","R","M","M","B",null,"R","M","$","M","M","E","T","?","R","M","$","?","R","?","M","B",null,"R_BF","M","AVR","M","$","M","T","?","M","M","R","?","R","M","M","B",null,null],"character_chosen":"SLIMEBOUND","items_purchased":["Slimebound:PressTheAttack","Slimebound:SelfDamagePreventRelic","DollysMirror","HornCleat","hubris:EmptyBottle","Slimebound:SpikyOuterGoop","Pen Nib","aspiration:Lifesprig"],"campfire_rested":5,"item_purchase_floors":[4,8,20,28,39,39,39,39],"current_hp_per_floor":[65,61,61,65,65,33,33,34,53,37,56,55,55,54,48,45,60,60,46,45,40,43,42,42,42,61,54,49,49,65,55,52,35,58,58,52,52,46,46,43,43,43,50,43,62,62,62,59,50,45,45],"gold":422,"neow_bonus":"HUNDRED_GOLD","is_daily":false,"chose_seed":false,"campfire_upgraded":4,"win_rate":0.0,"timestamp":1612447903,"path_taken":["R_BF","M","M","$","?","E","T","?","R","?","R","M","R","?","M","BOSS","R","M","$","M","M","E","T","?","R","M","$","?","R","?","M","BOSS","R_BF","M","AVR","M","$","M","T","?","M","M","R","?","R","M","M","BOSS"],"items_purchased_type":["Card","Relic","Relic","Relic","Relic","Card","Relic","Relic"],"build_version":"2020-12-22","purchased_purges":0,"victory":true,"max_hp_per_floor":[65,65,65,65,65,65,65,65,65,65,65,65,65,65,65,65,65,65,65,65,65,65,65,65,65,65,65,65,65,65,65,65,65,65,65,65,65,65,65,65,65,65,65,65,65,65,65,65,65,65,65],"relic_stats":{"counters":[28,114],"Sundial":[0],"Shuriken":[5],"StoneCalendar":[0],"Pen Nib":[5],"obtain_stats":[{"Bromod:ArcaneAvenger":31,"aspiration:Lifesprig":39,"hubris:CrystalStatue":6,"Bromod:ArcaneNullifier":24,"SacredBark":17,"StoneCalendar":23,"hubris:EmptyBottle":39,"Ring of Searing":5,"Bromod:ArcaneAwakening":1,"Replay:Bandana":41,"HornCleat":28,"DollysMirror":20,"Sundial":31,"Ring of Peace":7,"hubris:MobiusCoin":41,"Slimebound:SelfDamagePreventRelic":8,"infinitespire:Beetle Shell":37,"Pen Nib":39,"Ring of Greed":41,"Replay:Arrowhead":35,"aspiration:IroncladSkillbook":37,"Shuriken":41,"ReplayTheSpireMod:Ring of Collecting":5,"Slimebound:AbsorbEndCombat":0,"LetterFromLob":2,"Toy Ornithopter":10,"Meat on the Bone":7},{"Bromod:ArcaneAvenger":18,"aspiration:Lifesprig":22,"hubris:CrystalStatue":4,"Bromod:ArcaneNullifier":15,"SacredBark":10,"StoneCalendar":15,"hubris:EmptyBottle":22,"Ring of Searing":3,"Bromod:ArcaneAwakening":0,"Replay:Bandana":23,"HornCleat":17,"DollysMirror":12,"Sundial":18,"Ring of Peace":4,"hubris:MobiusCoin":23,"Slimebound:SelfDamagePreventRelic":5,"infinitespire:Beetle Shell":21,"Pen Nib":22,"Ring of Greed":23,"Replay:Arrowhead":20,"aspiration:IroncladSkillbook":21,"Shuriken":23,"ReplayTheSpireMod:Ring of Collecting":3,"Slimebound:AbsorbEndCombat":0,"LetterFromLob":1,"Toy Ornithopter":6,"Meat on the Bone":4},{"Bromod:ArcaneAvenger":72,"aspiration:Lifesprig":89,"hubris:CrystalStatue":16,"Bromod:ArcaneNullifier":63,"SacredBark":41,"StoneCalendar":63,"hubris:EmptyBottle":89,"Ring of Searing":12,"Bromod:ArcaneAwakening":0,"Replay:Bandana":93,"HornCleat":69,"DollysMirror":49,"Sundial":72,"Ring of Peace":16,"hubris:MobiusCoin":93,"Slimebound:SelfDamagePreventRelic":20,"infinitespire:Beetle Shell":85,"Pen Nib":89,"Ring of Greed":93,"Replay:Arrowhead":82,"aspiration:IroncladSkillbook":85,"Shuriken":93,"ReplayTheSpireMod:Ring of Collecting":12,"Slimebound:AbsorbEndCombat":0,"LetterFromLob":4,"Toy Ornithopter":27,"Meat on the Bone":16}],"Toy Ornithopter":50,"Meat on the Bone":0},"card_choices":[{"not_picked":["Slimebound:Recollect","Slimebound:FinishingTackle"],"picked":"Slimebound:Nibble","floor":2},{"not_picked":["Slimebound:LivingWall","Slimebound:FinishingTackle"],"picked":"Slimebound:Schlurp","floor":3},{"not_picked":["Slimebound:SlimeTap","Slimebound:HauntingLick"],"picked":"Slimebound:LeadByExample","floor":4},{"not_picked":["Slimebound:DouseInSlime","Slimebound:DivideAndConquer"],"picked":"Slimebound:SplitSpecialist","floor":6},{"not_picked":["Slimebound:Schlurp","Slimebound:Overexert"],"picked":"Slimebound:SamplingLick","floor":8},{"not_picked":["Slimebound:LeechingTouch","Slimebound:SplitMire"],"picked":"Slimebound:PressTheAttack","floor":10},{"not_picked":["Slimebound:GoopSpray","Slimebound:AcidTongue"],"picked":"Slimebound:FinishingTackle","floor":12},{"not_picked":["Slimebound:SplitBruiser","Slimebound:Repurpose"],"picked":"Slimebound:GoopTackle","floor":14},{"not_picked":["Slimebound:LivingWall","Slimebound:Dissolve"],"picked":"Slimebound:SplitAcid","floor":15},{"not_picked":["Slimebound:TagTeam","Slimebound:DouseInSlime"],"picked":"Slimebound:RallyTheTroops","floor":16},{"not_picked":["Slimebound:SplitMire+1","Slimebound:SlimeBrawl"],"picked":"Slimebound:ComboTackle+1","floor":19},{"not_picked":["Slimebound:GrowthPunch","Slimebound:FirmFortitude"],"picked":"Slimebound:PressTheAttack+1","floor":20},{"not_picked":["Slimebound:RainOfGoop+1","Slimebound:Prepare+1"],"picked":"Slimebound:SamplingLick+1","floor":21},{"not_picked":["Slimebound:Prepare+1","Slimebound:SlimeSpikes"],"picked":"Slimebound:ViciousTackle","floor":22},{"not_picked":["Slimebound:SplitSpecialist","Slimebound:Grow"],"picked":"Slimebound:GoopTackle","floor":23},{"not_picked":["Slimebound:SplitAcid+1","Slimebound:SamplingLick"],"picked":"Slimebound:GoopSpray+1","floor":27},{"not_picked":["Slimebound:PressTheAttack","Slimebound:SlimeTap+1"],"picked":"Slimebound:DisruptingSlam+1","floor":28},{"not_picked":["Slimebound:LeadByExample","Slimebound:SplitMire+1"],"picked":"Slimebound:OozeBath","floor":31},{"not_picked":["Slimebound:SplitMire","Slimebound:FormOfPuddle"],"picked":"Slimebound:Nibble+1","floor":32},{"not_picked":["Slimebound:TagTeam","Slimebound:SelfFormingGoo"],"picked":"Slimebound:MassRepurpose","floor":33},{"not_picked":["Slimebound:LivingWall+1","Slimebound:SlimeSpikes+1"],"picked":"Slimebound:GoopTackle","floor":36},{"not_picked":["Havoc+1","Seeing Red+1","Slimebound:SplitBruiser+1"],"picked":"Inflame","floor":38},{"not_picked":["ReplayTheSpireMod:Stacked+1","Bloodletting","Slimebound:SamplingLick+1"],"picked":"Slimebound:SplitSpecialist+1","floor":40},{"not_picked":["Slimebound:RollThrough+1","Power Through","Iron Wave+1"],"picked":"Feel No Pain+1","floor":43},{"not_picked":["Slimebound:SlimeSlap","Slimebound:SplitAcid+1","Battle Trance+1"],"picked":"Slimebound:GoopTackle","floor":44},{"not_picked":["Searing Blow+1","Armaments+1","Slimebound:HauntingLick"],"picked":"Slimebound:SamplingLick","floor":48},{"not_picked":["Slimebound:LivingWall","Anger","Slimebound:Dissolve","Slimebound:SplitBruiser+1"],"picked":"SKIP","floor":49}],"player_experience":1091086,"relics_obtained":[{"floor":1,"key":"Bromod:ArcaneAwakening"},{"floor":2,"key":"LetterFromLob"},{"floor":5,"key":"ReplayTheSpireMod:Ring of Collecting"},{"floor":5,"key":"Ring of Searing"},{"floor":6,"key":"hubris:CrystalStatue"},{"floor":7,"key":"Ring of Peace"},{"floor":7,"key":"Meat on the Bone"},{"floor":10,"key":"Toy Ornithopter"},{"floor":23,"key":"StoneCalendar"},{"floor":24,"key":"Bromod:ArcaneNullifier"},{"floor":31,"key":"Bromod:ArcaneAvenger"},{"floor":31,"key":"Sundial"},{"floor":35,"key":"Replay:Arrowhead"},{"floor":41,"key":"Ring of Greed"},{"floor":41,"key":"Replay:Bandana"},{"floor":41,"key":"Shuriken"},{"floor":41,"key":"hubris:MobiusCoin"}],"event_choices":[],"is_beta":false,"boss_relics":[{"not_picked":["Coffee Dripper","aspiration:RunicSpoon"],"picked":"SacredBark"},{"not_picked":["hubris:TerracottaHorce","Busted Crown","Kintsugi"]}],"items_purged_floors":[],"is_endless":false,"potions_floor_spawned":[2,6,10,14,15,22,23,27,32,33,40,44,48,49],"ascension_level":5}}