{"host":"p7cjtxxrilhp4dw7","time":1612478081,"event":{"mods":["BaseMod","Block Reminder","Colored Map","Curses Come First","Highlight Path","Minty Spire (QoL Compilation)","Replay The Spire","StSLib","The Hierophant"],"gold_per_floor":[116,116,134,134,150,180,180,191,218,6,23,23,23],"floor_reached":12,"language":"ENG","playtime":887,"items_purged":[],"score":120,"play_id":"0e039377-1d9a-4f60-a0c6-337e6a6cc84f","local_time":"20210204153441","is_ascension_mode":true,"campfire_choices":[{"floor":7,"key":"REST"}],"circlet_count":0,"master_deck":["AscendersBane","Strike_B+1","Strike_B","Strike_B+1","Strike_B","Defend_B","Defend_B","Defend_B","Defend_B","Zap","Dualcast","Hologram","Machine Learning","Time Bomb","BasicCrystalCard","Cold Snap","Reboot","Conserve Battery","Defragment","Doom and Gloom"],"relics":["Cracked Core","NeowsBlessing","Art of War","Whetstone"],"acts_visited":["Exordium"],"potions_floor_usage":[6,10,12],"damage_taken":[{"damage":0,"enemies":"Cultist","floor":1,"turns":1},{"damage":0,"enemies":"Small Slimes","floor":3,"turns":1},{"damage":0,"enemies":"Jaw Worm","floor":5,"turns":1},{"damage":33,"enemies":"Lagavulin","floor":6,"turns":8},{"damage":6,"enemies":"2 Fungi Beasts","floor":8,"turns":3},{"damage":7,"enemies":"Looter","floor":11,"turns":3},{"damage":81,"enemies":"Gremlin Nob","floor":12,"turns":6}],"seed_played":"-8794035569889775110","potions_obtained":[{"floor":3,"key":"PotionOfCapacity"},{"floor":6,"key":"ColorlessPotion"}],"is_trial":false,"path_per_floor":["M","?","M","$","M","E","R","M","T","$","M","E"],"character_chosen":"DEFECT","items_purchased":["Fruit Juice","Conserve Battery","Defragment"],"campfire_rested":1,"item_purchase_floors":[10,10,10],"current_hp_per_floor":[68,68,68,68,68,35,57,51,51,56,49,0,0],"gold":23,"neow_bonus":"THREE_ENEMY_KILL","is_daily":false,"chose_seed":false,"campfire_upgraded":0,"win_rate":0.0,"timestamp":1612478081,"path_taken":["M","?","?","?","M","E","R","M","T","$","?","E"],"items_purchased_type":["Potion","Card","Card"],"build_version":"2020-12-22","purchased_purges":0,"victory":false,"max_hp_per_floor":[75,75,75,75,75,75,75,75,75,80,80,80,80],"card_choices":[{"not_picked":["Coolheaded","Redo"],"picked":"Hologram","floor":1},{"not_picked":["ReplayTheSpireMod:GoodbyeWorld","Sweeping Beam"],"picked":"BasicCrystalCard","floor":3},{"not_picked":["Chill","Beam Cell"],"picked":"Cold Snap","floor":5},{"not_picked":["Compile Driver","Streamline","Lockon"],"picked":"SKIP","floor":6},{"not_picked":["Compile Driver","Beam Cell"],"picked":"Reboot","floor":8},{"not_picked":["Undo","Panic Button"],"picked":"Doom and Gloom","floor":11}],"player_experience":633954,"relics_obtained":[{"floor":6,"key":"Art of War"},{"floor":9,"key":"Whetstone"}],"event_choices":[{"damage_healed":0,"gold_gain":0,"player_choice":"2 cards matched","damage_taken":0,"max_hp_gain":0,"max_hp_loss":0,"event_name":"Match and Keep!","floor":2,"gold_loss":0,"cards_obtained":["Machine Learning","Time Bomb"]}],"is_beta":false,"boss_relics":[],"items_purged_floors":[],"is_endless":false,"potions_floor_spawned":[3,6],"killed_by":"Gremlin Nob","ascension_level":10}}