{"host":"x1wt4ryasj4hxyw3","time":1612426885,"event":{"mods":["Act Like it!","BaseMod","CapriCore","CavMod","Gensokyo","GungeonMod","Lobotomy","LobotomyExtend","Minty Spire (QoL Compilation)","Prisma Mod","Quick Restart","RumiaBox-Â¶Ã×æ«µÄÉñÃØºÐ×Ó","StSLib","The Alterego","The Immortal","Yakumo Yukari mod","Youmu£¨»êÆÇÑýÃÎ£©","Yuyuko","¡¾¹¦ÄÜMod¡¿»ìãçÖ®»·ÐÞ¸´²¹¶¡"],"gold_per_floor":[136,156,156,16,31,31,31],"floor_reached":6,"language":"ZHS","playtime":412,"items_purged":[],"score":36,"play_id":"020b137c-8103-44a4-939b-d54f4e736e6d","local_time":"20210204162125","is_ascension_mode":false,"campfire_choices":[],"circlet_count":0,"master_deck":["AT_purpleEX","AT_purpleEX","AT_purpleEX","AT_purpleEX","Defend_purpleEX","Defend_purpleEX","Defend_purpleEX","Defend_purpleEX","Observe_purple_1","Observe_purple_2","Scorched","PositiveMatter_Antimatter_Universe_purple","Wellcheers","Mirror_FormAndEmptin_purple","Injury","VoidDream","WorldDissolvedintheRealm_purple"],"relics":["Boundary_crack","Memoryfragments_purpleEX","CogitoBucket","LetterFromLob","WingedGreaves","Pocketwatch"],"acts_visited":["Exordium"],"potions_floor_usage":[6],"damage_taken":[{"damage":11,"enemies":"Gensokyo:Gryphon","floor":1,"turns":5},{"damage":1,"enemies":"Gensokyo:Python","floor":2,"turns":3},{"damage":1,"enemies":"Gensokyo:2_Kodama","floor":5,"turns":2},{"damage":78,"enemies":"Gensokyo:Mamizou","floor":6,"turns":11}],"seed_played":"8391374019287007019","potions_obtained":[{"floor":5,"key":"Regen Potion"}],"is_trial":false,"path_per_floor":["M","M","?","?","M","E"],"character_chosen":"Youkari","items_purchased":[],"campfire_rested":0,"item_purchase_floors":[],"current_hp_per_floor":[61,61,61,61,60,0,0],"gold":31,"neow_bonus":"","is_daily":false,"chose_seed":false,"campfire_upgraded":0,"win_rate":0.0,"timestamp":1612426885,"path_taken":["M","M","?","?","?","E"],"items_purchased_type":[],"build_version":"2020-12-22","purchased_purges":0,"victory":false,"max_hp_per_floor":[70,70,70,70,70,70,70],"card_choices":[{"not_picked":["LaLuna","SpiderBud","FairyFestival"],"picked":"Singing Bowl","floor":1},{"not_picked":["OSAHOGD","FairyFestival"],"picked":"Scorched","floor":1},{"not_picked":["RuleDissolution_purple","AdvanceAttack_purple"],"picked":"PositiveMatter_Antimatter_Universe_purple","floor":1},{"not_picked":["PunishingBird","OldLady"],"picked":"Wellcheers","floor":2},{"not_picked":["OmniscientAndOmnipotent_Monster_purple","Shallow_ocean_purpleEX"],"picked":"Mirror_FormAndEmptin_purple","floor":2},{"not_picked":["CrumblingArmor","OldLady"],"picked":"VoidDream","floor":5},{"not_picked":["Boundary_LightAndDark_purple","Line_surface_state_purple"],"picked":"WorldDissolvedintheRealm_purple","floor":5}],"player_experience":159466,"relics_obtained":[{"floor":1,"key":"LetterFromLob"}],"event_choices":[],"is_beta":false,"boss_relics":[],"items_purged_floors":[],"is_endless":false,"potions_floor_spawned":[5],"killed_by":"Gensokyo:Mamizou","ascension_level":0}}