{"host":"nptej036rrbiurf5","time":1612419108,"event":{"mods":["BaseMod","Colored Map","Colored Powertips","DeckTracker","Minty Spire (QoL Compilation)","StSLib","SuperFastMode"],"gold_per_floor":[367,367,292,130,144,169,9,44,44,63,63,78,78,78],"floor_reached":13,"language":"KOR","playtime":654,"items_purged":["Strike_G"],"score":186,"play_id":"c0a3a78e-93b8-45ca-a564-c4036fbd74b1","local_time":"20210204151148","is_ascension_mode":true,"campfire_choices":[],"circlet_count":0,"master_deck":["AscendersBane","Strike_G","Strike_G","Strike_G","Defend_G","Defend_G","Defend_G","Defend_G","Defend_G","Survivor","Neutralize","Dagger Throw","Crippling Poison","Reflex","Envenom","Infinite Blades","Poisoned Stab","Concentrate+1","Bouncing Flask+1","Parasite","Backflip+1"],"relics":["Ring of the Snake","The Courier","Toxic Egg 2"],"acts_visited":["Exordium"],"potions_floor_usage":[8,8,13,13],"damage_taken":[{"damage":0.0,"enemies":"2 Louse","floor":1.0,"turns":3.0},{"damage":1.0,"enemies":"Small Slimes","floor":5.0,"turns":4.0},{"damage":30.0,"enemies":"3 Sentries","floor":6.0,"turns":14.0},{"damage":8,"enemies":"Gremlin Nob","floor":8,"turns":3},{"damage":4,"enemies":"Jaw Worm","floor":10,"turns":3},{"damage":20,"enemies":"3 Louse","floor":12,"turns":3},{"damage":6,"enemies":"3 Sentries","floor":13,"turns":2}],"seed_played":"6541807807035849000","potions_obtained":[{"floor":5.0,"key":"BlessingOfTheForge"},{"floor":6,"key":"LiquidMemories"},{"floor":10,"key":"PowerPotion"},{"floor":12,"key":"Strength Potion"}],"is_trial":false,"path_per_floor":["M","?","?","$","M","E","$","E","T","M","?","M","E"],"character_chosen":"THE_SILENT","items_purchased":["Crippling Poison","Infinite Blades","Poisoned Stab","AttackPotion"],"campfire_rested":0,"item_purchase_floors":[4,7,7,7],"current_hp_per_floor":[59,52,52,52,51,21,21,13,13,9,25,5,0,0],"gold":78,"neow_bonus":"TWO_FIFTY_GOLD","is_daily":false,"chose_seed":false,"campfire_upgraded":0,"win_rate":0.0,"timestamp":1612419108,"path_taken":["M","?","?","?","M","E","$","E","T","M","?","M","E"],"items_purchased_type":["Card","Card","Card","Potion"],"build_version":"2020-12-22","purchased_purges":1,"victory":false,"max_hp_per_floor":[66,66,66,66,66,66,66,66,66,66,66,66,66,66],"card_choices":[{"not_picked":["Prepared","PiercingWail"],"picked":"Dagger Throw","floor":1.0},{"not_picked":["Sucker Punch","Flechettes"],"picked":"Reflex","floor":5.0},{"not_picked":["Accuracy","Backflip"],"picked":"Envenom","floor":6},{"not_picked":["Expertise+1","Dagger Spray"],"picked":"Concentrate+1","floor":8},{"not_picked":["Blade Dance+1","Expertise+1"],"picked":"Bouncing Flask+1","floor":10},{"not_picked":["Flying Knee","Setup+1"],"picked":"Backflip+1","floor":12}],"player_experience":900126,"relics_obtained":[{"floor":6,"key":"The Courier"},{"floor":8,"key":"Toxic Egg 2"}],"event_choices":[{"cards_removed":["Injury"],"damage_healed":0.0,"max_hp_gain":0.0,"max_hp_loss":0.0,"gold_gain":0.0,"event_name":"Golden Wing","player_choice":"Card Removal","floor":2.0,"gold_loss":0.0,"damage_taken":7.0},{"cards_removed":["Strike_G"],"damage_healed":0.0,"max_hp_gain":0.0,"max_hp_loss":0.0,"gold_gain":0.0,"event_name":"The Cleric","player_choice":"Card Removal","floor":3.0,"gold_loss":75.0,"damage_taken":0.0},{"damage_healed":16,"gold_gain":0,"player_choice":"Healed and dodged fight","damage_taken":0,"max_hp_gain":0,"max_hp_loss":0,"event_name":"Mushrooms","floor":11,"gold_loss":0,"cards_obtained":["Parasite"]}],"is_beta":false,"boss_relics":[],"items_purged_floors":[4],"is_endless":false,"potions_floor_spawned":[5,6,10,12],"killed_by":"3 Sentries","ascension_level":20}}