{"host":"09qo1b0ejfqx171c","time":1612411469,"event":{"mods":["BaseMod","Downfall","Minty Spire (QoL Compilation)","Replay The Spire","StSLib"],"gold_per_floor":[99,118,137,154,154,171,195,195,195,27,27,27,53,73,90,186,186,186,199,209,0,0,28,28,48,63,63,88,102,87,87,100,200,200,200,215,264,424,474,474,474,128,128,128,128,128,57,77,88,88,88,88],"floor_reached":50,"language":"ZHS","playtime":7424,"items_purged":["bronze:Strike","bronze:Strike","Regret"],"score":530,"play_id":"64e924a1-23e7-40f2-90c4-6fd1c7706be3","local_time":"20210204120429","is_ascension_mode":false,"campfire_choices":[{"data":"bronze:Goto","floor":1.0,"key":"SMITH"},{"data":"bronze:Optimize","floor":9.0,"key":"SMITH"},{"floor":12.0,"key":"REST"},{"data":"bronze:Assembly","floor":18.0,"key":"SMITH"},{"data":"Deep Breath","floor":27.0,"key":"SMITH"},{"data":"bronze:ClassDefault","floor":35.0,"key":"SMITH"},{"data":"Madness","floor":46.0,"key":"SMITH"}],"circlet_count":0,"master_deck":["bronze:Strike","bronze:Defend+1","bronze:Defend+1","bronze:Defend","bronze:Replicate+1","bronze:Goto+1","bronze:Optimize+1","bronze:Overheat","bronze:NullPointer+1","downfall:Malfunctioning","bronze:ItsAFeature","bronze:AlphaBuild","bronze:WildBeam","bronze:Shell","bronze:Assembly+1","bronze:BugBarrage","bronze:Repair","bronze:Branch+1","bronze:FineTuning+1","Deep Breath+1","Pride","bronze:Allocate","bronze:ClassDefault+1","bronze:Turbo","bronze:Mutator","bronze:BitShift","bronze:MaxOutput+1","Madness+1","bronze:Separator","Replay:SS_forest_2"],"relics":["bronze:BronzeCore","Nunchaku","Gremlin Food","Bottled Flame","Philosopher\u0027s Stone","bronze:SilverBullet","Replay:Accelerometer","ReplayTheSpireMod:Shallot","Dead Branch","bronze:MakeshiftBattery","Thread and Needle","Incense Burner","bronze:CableSpool","Happy Flower"],"acts_visited":["Exordium","TheCity","TheBeyond"],"potions_floor_usage":[50,50,50],"damage_taken":[{"damage":0.0,"enemies":"2 Louse","floor":2.0,"turns":2.0},{"damage":6.0,"enemies":"Jaw Worm","floor":3.0,"turns":4.0},{"damage":3.0,"enemies":"Small Slimes","floor":4.0,"turns":3.0},{"damage":6.0,"enemies":"3 Louse","floor":6.0,"turns":2.0},{"damage":2.0,"enemies":"downfall:FleeingMerchant","floor":10.0,"turns":4.0},{"damage":21.0,"enemies":"3 Sentries","floor":13.0,"turns":7.0},{"damage":0.0,"enemies":"2 Fungi Beasts","floor":14.0,"turns":2.0},{"damage":14.0,"enemies":"Exordium Thugs","floor":15.0,"turns":3.0},{"damage":0.0,"enemies":"SI_SHIV_ARCHETYPE","floor":16.0,"turns":9.0},{"damage":13.0,"enemies":"3 Byrds","floor":19.0,"turns":6.0},{"damage":4.0,"enemies":"Snake Plant","floor":20.0,"turns":4.0},{"damage":0.0,"enemies":"downfall:FleeingMerchant","floor":21.0,"turns":4.0},{"damage":10.0,"enemies":"Replay:Snechameleon","floor":23.0,"turns":7.0},{"damage":0.0,"enemies":"Centurion and Healer","floor":25.0,"turns":3.0},{"damage":6.0,"enemies":"Cultist and Chosen","floor":26.0,"turns":8.0},{"damage":23.0,"enemies":"Gremlin Leader","floor":28.0,"turns":7.0},{"damage":33.0,"enemies":"Shelled Parasite and Fungi","floor":29.0,"turns":8.0},{"damage":10.0,"enemies":"downfall:FleeingMerchant","floor":30.0,"turns":4.0},{"damage":22.0,"enemies":"Sentry and Sphere","floor":32.0,"turns":4.0},{"damage":49.0,"enemies":"DF_ARCHETYPE_CLAW","floor":33.0,"turns":9.0},{"damage":1.0,"enemies":"3 Shapes","floor":36.0,"turns":4.0},{"damage":14.0,"enemies":"2 Orb Walkers","floor":37.0,"turns":5.0},{"damage":18.0,"enemies":"downfall:FleeingMerchant","floor":38.0,"turns":4.0},{"damage":9.0,"enemies":"downfall:FleeingMerchant","floor":39.0,"turns":6.0},{"damage":11.0,"enemies":"3 Darklings","floor":48.0,"turns":7.0},{"damage":6.0,"enemies":"Transient","floor":49.0,"turns":5.0},{"damage":75,"enemies":"WA_ARCHETYPE_DIVINITY","floor":50,"turns":5}],"seed_played":"-7761658593392343989","potions_obtained":[{"floor":2.0,"key":"Block Potion"},{"floor":14.0,"key":"Strength Potion"},{"floor":15.0,"key":"DuplicationPotion"},{"floor":25.0,"key":"LiquidBronze"},{"floor":26.0,"key":"AttackPotion"},{"floor":28.0,"key":"bronze:FreeFunctionsPotion"},{"floor":32.0,"key":"SpeedPotion"},{"floor":33.0,"key":"bronze:CleanCodePotion"},{"floor":36.0,"key":"DistilledChaos"}],"is_trial":false,"path_per_floor":["R","M","M","M","?","M","T","?","R","$","?","R","E","M","M","B",null,"R","M","M","$","?","E","T","M","M","R","E","M","$","?","M","B",null,"R","M","?","$","?","?","T","$","?","?","?","R","$","M","M","B"],"character_chosen":"THE_AUTOMATON","items_purchased":["bronze:AlphaBuild","bronze:FineTuning+1","Deep Breath","Madness","Happy Flower","Milkshake","LiquidMemories"],"campfire_rested":1,"item_purchase_floors":[10,21,21,38,42,42,47],"current_hp_per_floor":[77,77,71,68,68,62,62,62,62,60,60,77,56,56,42,42,77,77,64,60,70,70,67,67,67,71,71,55,32,52,52,62,20,77,77,76,62,54,55,55,55,55,55,55,55,55,55,51,52,0,0,0],"gold":88,"neow_bonus":"TEN_PERCENT_HP_BONUS","is_daily":false,"chose_seed":false,"campfire_upgraded":6,"win_rate":0.0,"timestamp":1612411469,"path_taken":["R","M","M","M","?","M","T","?","R","?","?","R","E","M","M","BOSS","R","M","M","$","?","E","T","M","M","R","E","M","$","?","M","BOSS","R","M","?","$","?","?","T","$","?","?","?","R","$","?","M","BOSS"],"items_purchased_type":["Card","Card","Card","Card","Relic","Potion","Potion"],"build_version":"2020-12-22","purchased_purges":3,"victory":false,"max_hp_per_floor":[77,77,77,77,77,77,77,77,77,77,77,77,77,77,77,77,77,77,77,77,77,77,77,77,77,77,77,77,77,77,77,77,77,77,77,77,77,77,77,77,77,77,77,77,77,77,77,77,77,77,77,77],"card_choices":[{"not_picked":["bronze:WildBeam","bronze:ForceShield"],"picked":"bronze:Optimize","floor":2.0},{"not_picked":["bronze:BugBarrage","bronze:Deprecate"],"picked":"bronze:Overheat","floor":3.0},{"not_picked":["bronze:BugBarrage","bronze:DelayedSlice"],"picked":"bronze:NullPointer","floor":4.0},{"not_picked":["bronze:Frontload","bronze:OilSpill","bronze:BugBarrage"],"picked":"SKIP","floor":6.0},{"not_picked":["bronze:Philosophize","bronze:Optimize"],"picked":"bronze:ItsAFeature","floor":10.0},{"not_picked":["bronze:BugBarrage","bronze:ItsAFeature"],"picked":"bronze:WildBeam","floor":13.0},{"not_picked":["bronze:Iterate","bronze:BuggyMess"],"picked":"bronze:Shell","floor":14.0},{"not_picked":["bronze:Branch","bronze:Flail","bronze:Shield"],"picked":"SKIP","floor":15.0},{"not_picked":["bronze:CleanCode","bronze:RecursiveStrike"],"picked":"bronze:Assembly","floor":16.0},{"not_picked":["bronze:DelayedSlice","bronze:Safeguard"],"picked":"bronze:BugBarrage","floor":19.0},{"not_picked":["bronze:ChildClass","bronze:Overheat"],"picked":"bronze:Repair","floor":20.0},{"not_picked":["bronze:ThunderWave","bronze:Shield+1"],"picked":"bronze:Branch+1","floor":21.0},{"not_picked":["bronze:ChildClass","bronze:Frontload+1"],"picked":"bronze:Allocate","floor":23.0},{"not_picked":["bronze:Optimize+1","bronze:Deprecate","bronze:WildBeam"],"picked":"SKIP","floor":25.0},{"not_picked":["bronze:WildBeam","bronze:ForceShield","bronze:DelayedGuard"],"picked":"SKIP","floor":26.0},{"not_picked":["bronze:DelayedGuard","bronze:Overheat"],"picked":"bronze:ClassDefault","floor":28.0},{"not_picked":["bronze:Shield","bronze:FineTuning","bronze:DelayedGuard+1"],"picked":"SKIP","floor":29.0},{"not_picked":["bronze:Assembly","bronze:BuggyMess"],"picked":"bronze:Turbo","floor":30.0},{"not_picked":["bronze:Deprecate+1","bronze:Shield+1"],"picked":"bronze:ItsAFeature","floor":32.0},{"not_picked":["bronze:AlphaBuild","bronze:Format"],"picked":"bronze:Mutator","floor":33.0},{"not_picked":["bronze:DarkDash","bronze:Deprecate"],"picked":"bronze:BitShift","floor":36.0},{"not_picked":["bronze:Branch","bronze:DelayedGuard"],"picked":"bronze:MaxOutput+1","floor":37.0},{"not_picked":["expansioncontent:Chronoboost","Replay:SS_fish_1"],"picked":"Replay:SS_forest_2","floor":45.0},{"not_picked":["bronze:BuggyMess","bronze:Invalidate","bronze:CutThrough+1"],"picked":"SKIP","floor":48.0},{"not_picked":["bronze:Deprecate+1","bronze:DelayedSlice+1","bronze:Break"],"picked":"SKIP","floor":49.0}],"player_experience":235517,"relics_obtained":[{"floor":7.0,"key":"Nunchaku"},{"floor":13.0,"key":"Bottled Flame"},{"floor":23.0,"key":"Replay:Accelerometer"},{"floor":24.0,"key":"ReplayTheSpireMod:Shallot"},{"floor":28.0,"key":"Dead Branch"},{"floor":37.0,"key":"Thread and Needle"},{"floor":39.0,"key":"Incense Burner"},{"floor":41.0,"key":"bronze:CableSpool"}],"event_choices":[{"cards_removed":["bronze:Strike"],"damage_healed":0.0,"max_hp_gain":0.0,"max_hp_loss":0.0,"gold_gain":0.0,"event_name":"Living Wall","player_choice":"Forget","floor":5.0,"gold_loss":0.0,"damage_taken":0.0},{"damage_healed":0.0,"max_hp_gain":0.0,"max_hp_loss":0.0,"gold_gain":0.0,"event_name":"Big Fish","player_choice":"Box","floor":11.0,"gold_loss":0.0,"damage_taken":0.0,"relics_obtained":["Gremlin Food"],"cards_obtained":["Regret"]},{"damage_healed":0.0,"max_hp_gain":0.0,"max_hp_loss":0.0,"gold_gain":0.0,"event_name":"Addict","player_choice":"Stole Relic","floor":22.0,"gold_loss":0.0,"damage_taken":0.0,"relics_obtained":["bronze:SilverBullet"],"cards_obtained":["Pride"]},{"damage_healed":0.0,"max_hp_gain":0.0,"max_hp_loss":0.0,"gold_gain":0.0,"event_name":"Vampires","player_choice":"Ignored","floor":31.0,"gold_loss":0.0,"damage_taken":0.0},{"damage_healed":0.0,"max_hp_gain":0.0,"max_hp_loss":0.0,"gold_gain":0.0,"event_name":"Mysterious Sphere","player_choice":"Fight","floor":37.0,"gold_loss":0.0,"damage_taken":0.0},{"cards_removed":["bronze:ItsAFeature"],"damage_healed":0.0,"max_hp_gain":0.0,"max_hp_loss":0.0,"gold_gain":0.0,"event_name":"Falling","player_choice":"Removed Power","floor":44.0,"gold_loss":0.0,"damage_taken":0.0}],"is_beta":false,"boss_relics":[{"not_picked":["Calling Bell","Runic Pyramid"],"picked":"Philosopher\u0027s Stone"},{"not_picked":["Replay:Wanted Poster","bronze:PlatinumCore"],"picked":"bronze:MakeshiftBattery"}],"items_purged_floors":[21,38,42],"is_endless":false,"potions_floor_spawned":[2,14,15,25,26,28,32,33,36,49],"killed_by":"WA_ARCHETYPE_DIVINITY","ascension_level":0}}