{"host":"px2oznrenyeljk7o","time":1612463635,"event":{"mods":["100% Spire Juice","2.2 Compatiblity","A Penny For Your Troubles","AchievementEnabler","Act Like it!","Arknights","Aspiration","Astrologer","BaseMod","Better Altar","Better Match","Better Note","Better Sensory Stone","Better Skull","Better Third Choice","BetterRewards","Bossed Relics","ChefMod","Colored Map","Conspire","Curses Come First","Elementarium","Energized Spire","Evolution","Fireblade Mod","Fox Events","Gensokyo","GifTheSpireLib","GungeonMod","Hallownest","Hermit","KinomotoSakuraMod(????)","Koishi","LagranYue(???·?)","Lobotomy","LobotomyExtend","Luminous","Marisa????????","Menagerie","Minty Spire (QoL Compilation)","Nova Terra(??·??)","Poor People Problems","Potionbrewer","Random Character Button","Rare Cards Sparkle","Reimu??????","Reliquary","Replay The Spire","Robot Space Explorer","Shade Mod","Small Relic Pack","Somnambulant","Spicy Shops","StSLib","Stuff the Spire","The Administrix","The Alterego","The Animator","The Blackbeard","The Blue Laboratory","The Bug Knight","The Clintock","The Construct","The Cursed","The Death Knight","The Disciple","The Florist","The Gatherer","The Hayseed","The Hierophant","The Jungle","The Marked","The Mystic","The Runesmith","The Servant 0.9.4","The Trickster","TheFirefly","TheSurvivalist","TheWitcher","WarShipGirlsR/????R mod","Wide Potions","Yakumo Yukari mod","Yuri Mod","everything is the same but u backflip on backflip","slay the spire mod where everything is the same but ironclad has a cowboy hat","??????REMEMod"],"gold_per_floor":[115,115,132,150,150,150,178,178,178,178,178,197,17,27,27,123,123,123,123],"floor_reached":18,"language":"ENG","playtime":2420,"items_purged":[],"score":160,"play_id":"f13abb9a-e530-489e-9002-7f6c26593aed","local_time":"20210204193355","is_ascension_mode":false,"campfire_choices":[{"floor":6,"key":"REST"},{"floor":8,"key":"REST"},{"floor":10,"key":"REST"},{"floor":15,"key":"REST"}],"circlet_count":0,"master_deck":["Ball Lightning","Ball Lightning","Ball Lightning","Conserve Battery","Conserve Battery","Defend_B","Defend_B","Zap","Dualcast","Koishi:MentalBreakdown","GalaxyChild","Chaos+1","OSAHOGD","Barrage","Genetic Algorithm","Panic Button","REME_DataAnalysis","Blizzard","WhiteNight","White Noise","CrumblingArmor","Leap","Panache","MeatLantern","Streamline","VoidDream","Biased Cognition"],"relics":["Cracked Core","EVO:Axolotl","REME_ComplimentaryCards","LagranYue:RandomDrawCardRelic","CogitoBucket","LetterFromLob","reliquary:Boomerang","Garlic","TreeSap","conspire:RunicOctahedron"],"acts_visited":["Exordium","TheCity"],"potions_floor_usage":[12,14,16],"damage_taken":[{"damage":6,"enemies":"2 Louse","floor":1,"turns":2},{"damage":0,"enemies":"Jaw Worm","floor":3,"turns":2},{"damage":0,"enemies":"Small Slimes","floor":4,"turns":3},{"damage":17,"enemies":"Lagavulin","floor":7,"turns":6},{"damage":0,"enemies":"3 Louse","floor":12,"turns":3},{"damage":19,"enemies":"Looter","floor":14,"turns":3},{"damage":73,"enemies":"Fading Forest","floor":16,"turns":12},{"damage":48,"enemies":"Shell Parasite","floor":18,"turns":5}],"seed_played":"-2827029057693484603","potions_obtained":[{"floor":1,"key":"potionbrewer:BarricadePotion"},{"floor":3,"key":"potionbrewer:BoundlessPotion"},{"floor":12,"key":"blueLaboratory:CoolantVial"}],"is_trial":false,"path_per_floor":["M","?","M","M","?","R","E","R","T","R","?","M","$","M","R","B",null,"M"],"character_chosen":"DEFECT","items_purchased":["Panache"],"campfire_rested":4,"item_purchase_floors":[13],"current_hp_per_floor":[69,69,69,69,69,75,62,62,62,62,62,72,72,66,66,2,2,0,0],"gold":123,"neow_bonus":"","is_daily":false,"chose_seed":false,"campfire_upgraded":0,"win_rate":0.0,"timestamp":1612463635,"path_taken":["M","?","M","M","?","R","E","R","T","R","?","M","$","?","R","BOSS","M"],"items_purchased_type":["Card"],"build_version":"2020-12-22","purchased_purges":0,"victory":false,"max_hp_per_floor":[75,75,75,75,75,75,75,75,75,75,75,75,75,75,75,75,75,75,75],"card_choices":[{"not_picked":["Porccubus","Mercenary"],"picked":"GalaxyChild","floor":1},{"not_picked":["Reinforced Body","Conserve Battery"],"picked":"Chaos","floor":1},{"not_picked":["ShyLook","UniverseFragment"],"picked":"OSAHOGD","floor":3},{"not_picked":["Panic Button","Turbo"],"picked":"Barrage","floor":3},{"not_picked":["MHz","UniverseFragment"],"picked":"QueenOfHatred","floor":4},{"not_picked":["Steam","StuffTheSpire:LoadUp"],"picked":"Genetic Algorithm","floor":4},{"not_picked":["NakedNest","BlackSwan"],"picked":"WhiteNight","floor":7},{"not_picked":["Compile Driver","Storm"],"picked":"White Noise","floor":7},{"not_picked":["SnowQueen","Scorched"],"picked":"CrumblingArmor","floor":12},{"not_picked":["Compile Driver","Hologram"],"picked":"Leap","floor":12},{"not_picked":["ShyLook","FairyFestival"],"picked":"MeatLantern","floor":14},{"not_picked":["Skim","Stack"],"picked":"Streamline","floor":14},{"not_picked":["MHz","PunishingBird"],"picked":"VoidDream","floor":16},{"not_picked":["Echo Form","ReplayTheSpireMod:Omega Cannon"],"picked":"Biased Cognition","floor":16}],"player_experience":596106,"relics_obtained":[{"floor":1,"key":"LetterFromLob"},{"floor":7,"key":"reliquary:Boomerang"},{"floor":9,"key":"Garlic"}],"event_choices":[{"damage_healed":0,"gold_gain":0,"player_choice":"Grow","damage_taken":0,"max_hp_gain":0,"max_hp_loss":0,"event_name":"Living Wall","floor":2,"gold_loss":0,"cards_upgraded":["Chaos"]}],"is_beta":false,"boss_relics":[{"not_picked":["construct:ClawGrip","REME_DuelDisc"],"picked":"conspire:RunicOctahedron"}],"items_purged_floors":[],"is_endless":false,"potions_floor_spawned":[1,3,12],"killed_by":"Shell Parasite","ascension_level":0}}