{"host":"gfmw02tnhhvp9jba","time":1612459159,"event":{"mods":["AchievementEnabler","BaseMod","Colored Map","Conspire","Downfall","Highlight Path","Minty Spire (QoL Compilation)","Replay The Spire","StSLib"],"gold_per_floor":[99,119,394,414,414,428,428,79,79,79,95,129,129,144,156,254,254,328,343,343,20,20,31,31,43,55,85,85,95,95,112,122,219,219,219,234,226,245,245,245,245,256,270,303,303,335,35,48,59,59,59,94,22,22,24,24,24,24],"floor_reached":56,"language":"ENG","playtime":3239,"items_purged":["Regret","downfall:Bewildered"],"score":958,"play_id":"d8a1b827-7da3-4fb1-afee-b9c8e686d65e","local_time":"20210204181919","is_ascension_mode":false,"campfire_choices":[{"data":"bronze:Goto","floor":1,"key":"SMITH"},{"data":"bronze:Mutator","floor":13,"key":"SMITH"},{"data":"bronze:BugBarrage","floor":28,"key":"SMITH"},{"data":"bronze:Flail","floor":30,"key":"SMITH"},{"floor":35,"key":"RECALL"},{"floor":47,"key":"REST"},{"floor":54,"key":"REST"}],"circlet_count":0,"master_deck":["bronze:Replicate","bronze:Goto+1","bronze:WhirlingStrike","bronze:BugBarrage+1","bronze:Mutator+1","bronze:Allocate","bronze:Frontload+1","bronze:Flail","bronze:SpaghettiCode+1","bronze:Shell+1","bronze:Flail+1","bronze:ThunderWave+1","bronze:BugBarrage+1","bronze:WildBeam+1","bronze:ItsAFeature+1","bronze:DelayedSlice+1","bronze:BugBarrage+1","bronze:OilSpill+1","bronze:WildBeam","bronze:FineTuning","bronze:Repair+1","bronze:Assembly+1","bronze:Iterate","bronze:NullPointer","bronze:FineTuning","bronze:BurnOut+1","bronze:Frontload","bronze:BitShift","bronze:BugBarrage","bronze:CloningBeam","bronze:BuggyMess","bronze:Iterate+1","bronze:CutThrough+1","bronze:Fortify+1","bronze:WildBeam+1","bronze:AlphaBuild+1","bronze:Optimize","bronze:WildBeam"],"relics":["bronze:BronzeCore","downfall:ShatteredFragment","White Beast Statue","Membership Card","Golden Egg","Bronze Scales","conspire:SpecialSausage","sneckomod:BabySnecko","Mummified Hand","Strange Spoon","bronze:CableSpool","Sundial","Replay:Grab Bag","bronze:MakeshiftBattery","Fusion Hammer","Pandora\u0027s Box","SlaversCollar","Orichalcum","ClockworkSouvenir","Pear","Art of War","Darkstone Periapt","downfall:HeartBlessingGreen","downfall:HeartBlessingRed","downfall:HeartBlessingBlue","Blue Candle","OrangePellets"],"acts_visited":["Exordium","TheCity","TheBeyond","TheEnding"],"potions_floor_usage":[21,25,32,37,43,56,56,56],"damage_taken":[{"damage":0,"enemies":"Cultist","floor":2,"turns":4},{"damage":3,"enemies":"2 Louse","floor":4,"turns":2},{"damage":4,"enemies":"Small Slimes","floor":6,"turns":3},{"damage":7,"enemies":"downfall:FleeingMerchant","floor":8,"turns":4},{"damage":0,"enemies":"2 Fungi Beasts","floor":11,"turns":3},{"damage":6,"enemies":"3 Sentries","floor":12,"turns":3},{"damage":11,"enemies":"Large Slime","floor":14,"turns":4},{"damage":0,"enemies":"Red Slaver","floor":15,"turns":4},{"damage":19,"enemies":"SI_SHIV_ARCHETYPE","floor":16,"turns":8},{"damage":12,"enemies":"Shell Parasite","floor":19,"turns":3},{"damage":5,"enemies":"downfall:FleeingMerchant","floor":21,"turns":4},{"damage":0,"enemies":"Snake Plant","floor":23,"turns":2},{"damage":5,"enemies":"Sentry and Sphere","floor":25,"turns":3},{"damage":0,"enemies":"3 Cultists","floor":26,"turns":3},{"damage":0,"enemies":"conspire:Head Lice","floor":27,"turns":3},{"damage":0,"enemies":"Snecko","floor":29,"turns":2},{"damage":14,"enemies":"Centurion and Healer","floor":31,"turns":3},{"damage":1,"enemies":"Shelled Parasite and Fungi","floor":32,"turns":2},{"damage":12,"enemies":"WA_ARCHETYPE_CALM","floor":33,"turns":5},{"damage":0,"enemies":"Orb Walker","floor":36,"turns":2},{"damage":0,"enemies":"downfall:FleeingMerchant","floor":37,"turns":2},{"damage":3,"enemies":"3 Shapes","floor":38,"turns":2},{"damage":6,"enemies":"Jaw Worm Horde","floor":42,"turns":2},{"damage":0,"enemies":"Sphere and 2 Shapes","floor":43,"turns":4},{"damage":0,"enemies":"R_Hoarder","floor":44,"turns":6},{"damage":3,"enemies":"Reptomancer","floor":46,"turns":5},{"damage":0,"enemies":"Maw","floor":48,"turns":4},{"damage":1,"enemies":"4 Shapes","floor":49,"turns":2},{"damage":57,"enemies":"DF_ARCHETYPE_ORBS","floor":50,"turns":6},{"damage":59,"enemies":"downfall:CharBossMerchant","floor":52,"turns":6},{"damage":30,"enemies":"downfall:NeowBoss","floor":55,"turns":11},{"damage":78,"enemies":"downfall:NeowBossFinal","floor":56,"turns":8}],"seed_played":"19090368410249593","potions_obtained":[{"floor":4,"key":"ColorlessPotion"},{"floor":6,"key":"Elixir"},{"floor":8,"key":"ColorlessPotion"},{"floor":11,"key":"Cursed Concoction"},{"floor":14,"key":"LifebloodPotion"},{"floor":19,"key":"Energy Potion"},{"floor":21,"key":"LiquidMemories"},{"floor":25,"key":"AttackPotion"},{"floor":27,"key":"Death Potion"},{"floor":32,"key":"Toxic Potion"},{"floor":37,"key":"Strength Potion"},{"floor":43,"key":"hexamod:SoulburnPotion"}],"is_trial":false,"path_per_floor":["R","M","?","M","?","M","T","$","?","?","M","E","R","M","M","B",null,"R_BF","M","?","$","?","M","T","M","M","E","R","M","R","M","M","B",null,"R","M","$","M","?","?","T","M","M","E","$","E","R","M","M","B",null,"E","$","R","B","B"],"character_chosen":"THE_AUTOMATON","items_purchased":["Membership Card","Golden Egg","bronze:Frontload","bronze:ItsAFeature","Mummified Hand","bronze:DelayedSlice","Strange Spoon","Orichalcum","bronze:CutThrough","ClockworkSouvenir","Pear","bronze:Fortify","OrangePellets"],"campfire_rested":2,"item_purchase_floors":[8,8,8,21,21,21,21,37,37,37,37,37,53],"current_hp_per_floor":[77,77,77,74,53,49,49,42,42,47,47,41,41,30,30,11,82,82,70,70,65,65,65,65,60,60,60,60,60,60,46,45,43,82,82,82,92,89,89,89,89,86,92,92,92,89,102,102,101,54,102,47,47,77,57,0,0,0],"gold":24,"neow_bonus":"TEN_PERCENT_HP_BONUS","is_daily":false,"chose_seed":false,"campfire_upgraded":4,"win_rate":0.0,"timestamp":1612459159,"path_taken":["R","M","?","?","?","M","T","$","?","?","M","E","R","M","M","BOSS","R_BF","M","?","$","?","M","T","M","?","E","R","M","R","M","M","BOSS","R","M","$","M","?","?","T","M","M","E","$","E","R","M","M","BOSS","E","$","R","BOSS","BOSS"],"items_purchased_type":["Relic","Relic","Card","Card","Relic","Card","Relic","Relic","Card","Relic","Relic","Card","Relic"],"build_version":"2020-12-22","purchased_purges":2,"victory":false,"max_hp_per_floor":[77,77,77,77,77,77,77,77,77,82,82,82,82,82,82,82,82,82,82,82,82,82,82,82,82,82,82,82,82,82,82,82,82,82,82,82,92,92,92,92,92,92,92,92,92,92,102,102,102,102,102,102,102,102,102,102,102,102],"card_choices":[{"not_picked":["bronze:Branch","bronze:Turbo"],"picked":"bronze:WhirlingStrike","floor":2},{"not_picked":["bronze:CutThrough","bronze:WildBeam"],"picked":"bronze:BugBarrage","floor":4},{"not_picked":["bronze:ForceShield","bronze:OilSpill"],"picked":"bronze:Mutator","floor":6},{"not_picked":["bronze:FollowUp","bronze:DelayedSlice"],"picked":"bronze:Allocate","floor":8},{"not_picked":["bronze:Turbo","bronze:CloningBeam"],"picked":"bronze:Flail","floor":11},{"not_picked":["bronze:Deprecate","bronze:WhirlingStrike"],"picked":"bronze:SpaghettiCode","floor":12},{"not_picked":["bronze:Shield","bronze:ForceShield"],"picked":"bronze:Shell","floor":14},{"not_picked":["bronze:BronzeArmor","bronze:DarkDash"],"picked":"bronze:Flail","floor":15},{"not_picked":["bronze:Format","bronze:Virus"],"picked":"bronze:ThunderWave","floor":16},{"not_picked":["bronze:ForceShield+1","bronze:DarkDash"],"picked":"bronze:BugBarrage+1","floor":19},{"not_picked":["bronze:DarkDash","bronze:ClassDefault"],"picked":"bronze:WildBeam","floor":21},{"not_picked":["bronze:FineTuning","bronze:ForLoop"],"picked":"bronze:BugBarrage+1","floor":23},{"not_picked":["bronze:ClassDefault","bronze:ChosenStrike","bronze:ForceShield+1"],"picked":"SKIP","floor":25},{"not_picked":["bronze:FindAndReplace","bronze:Shield+1"],"picked":"bronze:OilSpill+1","floor":26},{"not_picked":["bronze:Philosophize","bronze:ForceShield","bronze:Backtrace"],"picked":"SKIP","floor":27},{"not_picked":["bronze:BuggyMess","bronze:Overheat"],"picked":"bronze:WildBeam","floor":29},{"not_picked":["bronze:Safeguard","bronze:BuggyMess"],"picked":"bronze:FineTuning","floor":31},{"not_picked":["bronze:Shield+1","bronze:WildBeam"],"picked":"bronze:Repair+1","floor":32},{"not_picked":["bronze:CleanCode","bronze:ThunderWave"],"picked":"bronze:Assembly","floor":33},{"not_picked":["bronze:DelayedGuard+1","bronze:OilSpill+1"],"picked":"bronze:BuggyMess","floor":36},{"not_picked":["bronze:WildBeam+1","bronze:Deprecate+1"],"picked":"bronze:Iterate","floor":37},{"not_picked":["bronze:BitShift","bronze:CutThrough+1"],"picked":"bronze:WildBeam+1","floor":38},{"not_picked":["bronze:Turbo+1","bronze:Overload"],"picked":"bronze:AlphaBuild","floor":42},{"not_picked":["bronze:NullPointer","bronze:Overheat+1","bronze:Fortify+1"],"picked":"SKIP","floor":43},{"not_picked":["bronze:Boost","bronze:Repair"],"picked":"bronze:Optimize","floor":44},{"not_picked":["bronze:BuggyMess","bronze:DigitalCarnage+1"],"picked":"bronze:WildBeam","floor":46},{"not_picked":["bronze:FollowUp","bronze:Backtrace","bronze:Invalidate"],"picked":"SKIP","floor":48},{"not_picked":["bronze:FineTuning","bronze:FollowUp+1","bronze:WildBeam"],"picked":"SKIP","floor":49},{"not_picked":["bronze:FineTuning","bronze:DigitalCarnage","bronze:BugBarrage+1"],"picked":"SKIP","floor":52}],"player_experience":118514,"relics_obtained":[{"floor":7,"key":"White Beast Statue"},{"floor":12,"key":"Bronze Scales"},{"floor":24,"key":"bronze:CableSpool"},{"floor":27,"key":"Sundial"},{"floor":44,"key":"Art of War"},{"floor":46,"key":"Darkstone Periapt"},{"floor":52,"key":"Blue Candle"}],"event_choices":[{"damage_healed":0,"gold_gain":0,"player_choice":"Disagree","damage_taken":0,"max_hp_gain":0,"max_hp_loss":0,"event_name":"conspire:LoneGhost","floor":9,"gold_loss":0},{"damage_healed":0,"gold_gain":0,"player_choice":"Donut","damage_taken":0,"max_hp_gain":5,"max_hp_loss":0,"event_name":"Big Fish","floor":10,"gold_loss":0},{"damage_healed":0,"gold_gain":0,"player_choice":"Leave","damage_taken":0,"max_hp_gain":0,"max_hp_loss":0,"event_name":"conspire:Investor","floor":39,"gold_loss":0}],"is_beta":false,"boss_relics":[{"not_picked":["Honey Jar","Replay:Drink Me"],"picked":"conspire:SpecialSausage"},{"not_picked":["Calling Bell","conspire:SeveredTorchhead"],"picked":"Replay:Grab Bag"},{"not_picked":["conspire:SlowCooker","Sozu"],"picked":"bronze:MakeshiftBattery"},{"not_picked":["Runic Dome","Velvet Choker"],"picked":"Fusion Hammer"},{"not_picked":["Snecko Eye","Black Star"],"picked":"Pandora\u0027s Box"},{"not_picked":["Empty Cage","Runic Pyramid"],"picked":"SlaversCollar"}],"items_purged_floors":[8,21],"is_endless":false,"potions_floor_spawned":[4,6,8,11,12,14,15,16,19,21,23,25,26,27,29,31,32,33,36,37,38,42,43,44,46,48,49,52],"killed_by":"downfall:NeowBossFinal","ascension_level":0}}