{"host":"uceopoba4zvqsgiy","time":1612437530,"event":{"mods":["Act Like it!","BaseMod","Better Skull","Better Third Choice","Elementarium","Evolution","GifTheSpireLib","Hermit","Humility","Infinite Spire","Jorbs\u0027s Wanderer Trilogy","Marked Mod","Minty Spire (QoL Compilation)","Potionbrewer","Reliquary","Replay The Spire","Robot Space Explorer","Shade Mod","Spicy Shops","StS++","StSLib","Stuff the Spire","The Blue Laboratory","The Caster","The Cursed","The Dragon Tamer","The Hierophant","The Jungle","TheSurvivalist","Wandering Minibosses"],"gold_per_floor":[109,109,5,5,5,5,5,23,23,58,58,90,90,119,119,216,216,231,231,231,231],"floor_reached":20,"language":"ENG","playtime":1327,"items_purged":[],"score":306,"play_id":"74325436-c1af-43d2-989c-4f1476df9097","local_time":"20210204214850","is_ascension_mode":true,"campfire_choices":[{"data":"Ball Lightning","floor":11.0,"key":"SMITH"},{"floor":15.0,"key":"REST"}],"circlet_count":0,"master_deck":["Ball Lightning+1","Strike_B","Strike_B","Strike_B","Defend_B","Defend_B","Defend_B","Defend_B","Zap","Ball Lightning","Bash","Regret","StuffTheSpire:Innocence","Ball Lightning","Multi-Cast","Amnesia"],"relics":["EVO:Axolotl","NeowsBlessing","Iron Core","StrikeDummy","reliquary:RoseTintedGlasses","reliquary:Firecrackers","StuffTheSpire:EmeraldSignet","reliquary:Sideboard","Blue Doll","StSpp:Balance"],"acts_visited":["Exordium","TheCity"],"potions_floor_usage":[],"damage_taken":[{"damage":0.0,"enemies":"Jaw Worm","floor":1.0,"turns":1.0},{"damage":0.0,"enemies":"Small Slimes","floor":8.0,"turns":1.0},{"damage":0.0,"enemies":"Gremlin Nob","floor":10.0,"turns":1.0},{"damage":22.0,"enemies":"Lagavulin","floor":12.0,"turns":4.0},{"damage":25.0,"enemies":"Replay:BlueRogue","floor":14.0,"turns":5.0},{"damage":36.0,"enemies":"Fading Forest","floor":16.0,"turns":11.0},{"damage":54,"enemies":"Chosen","floor":18,"turns":5}],"seed_played":"3880986605469080230","potions_obtained":[{"floor":1.0,"key":"SpeedPotion"},{"floor":12.0,"key":"EssenceOfDarkness"},{"floor":14.0,"key":"blueLaboratory:BiasPotion"}],"is_trial":false,"path_per_floor":["M","?","$","?","$","?","$","M","T","E","R","E","$","E","R","B",null,"M","?","?"],"character_chosen":"DEFECT","items_purchased":["StrikeDummy"],"campfire_rested":1,"item_purchase_floors":[3],"current_hp_per_floor":[68,68,68,61,61,61,61,61,61,61,61,39,39,14,36,6,58,4,4,0,0],"gold":231,"neow_bonus":"THREE_ENEMY_KILL","is_daily":false,"chose_seed":false,"campfire_upgraded":1,"win_rate":0.0,"timestamp":1612437530,"path_taken":["M","?","$","?","?","?","$","M","T","E","R","E","$","E","R","BOSS","M","?","?"],"items_purchased_type":["Relic"],"build_version":"2020-12-22","purchased_purges":0,"victory":false,"max_hp_per_floor":[75,75,75,75,75,75,75,75,75,75,75,75,75,75,75,75,75,75,75,75,75],"card_choices":[{"not_picked":["Compile Driver","Go for the Eyes"],"picked":"Ball Lightning","floor":1.0},{"not_picked":["Iron Wave","Hello World"],"picked":"Ball Lightning","floor":8.0},{"not_picked":["Cold Snap","ReplayTheSpireMod:Muscle Training"],"picked":"Multi-Cast","floor":10.0},{"not_picked":["Headbutt","Conserve Battery","Iron Wave"],"picked":"SKIP","floor":12.0},{"not_picked":["Cold Snap","Flex","Barrage"],"picked":"SKIP","floor":14.0},{"not_picked":["Buffer","Electrodynamics"],"picked":"Barricade","floor":16.0},{"not_picked":["Conserve Battery","Streamline"],"picked":"Rebound+1","floor":18}],"player_experience":1478978,"relics_obtained":[{"floor":6.0,"key":"reliquary:RoseTintedGlasses"},{"floor":9.0,"key":"reliquary:Firecrackers"},{"floor":10.0,"key":"StuffTheSpire:EmeraldSignet"},{"floor":12.0,"key":"reliquary:Sideboard"},{"floor":14.0,"key":"Blue Doll"}],"event_choices":[],"is_beta":false,"boss_relics":[{"not_picked":["Ring of Chaos","Tiny House"],"picked":"StSpp:Balance"}],"items_purged_floors":[],"is_endless":false,"potions_floor_spawned":[1,12,14],"ascension_level":9,"is_humility":true}}