{"host":"56xwnffi6e9z5l58","time":1612432835,"event":{"mods":["Aspiration","BaseMod","Better Match","Better Note","Better Sensory Stone","BetterRewards","Colored Map","Colored Powertips","Conspire","Downfall","GifTheSpireLib","Hermit","Highlight Path","Hubris","Infinite Spire","Key Reminder","Minty Spire (QoL Compilation)","Permanent Neow","Quick Restart","Rare Cards Sparkle","Replay The Spire","StSLib","Stuff the Spire","SuperFastMode","Unceasing Turn Reminder"],"gold_per_floor":[116,136,151,170,445,445,474,474,474,487,487,501,518,518,518,518,518],"floor_reached":16,"language":"ENG","playtime":570,"items_purged":[],"score":104,"play_id":"136c9f82-013b-4e3a-bfcf-424e2ce797ec","local_time":"20210204180035","is_ascension_mode":false,"campfire_choices":[{"data":"hermit:FromBeyond","floor":6,"key":"SMITH"},{"data":"hermit:Snapshot","floor":8,"key":"SMITH"},{"data":"hermit:Maintenance","floor":11,"key":"SMITH"},{"floor":15,"key":"REST"}],"circlet_count":0,"master_deck":["hermit:Strike_Hermit","hermit:Strike_Hermit","hermit:Strike_Hermit","hermit:Strike_Hermit","hermit:Defend_Hermit","hermit:Defend_Hermit","hermit:Defend_Hermit","hermit:Defend_Hermit","hermit:Snapshot+1","hermit:Covet","hermit:FromBeyond+1","hermit:Gestalt","hermit:EyeOfTheStorm","hermit:Quickdraw","hermit:Maintenance+1","Regret","hermit:Combo","hermit:ItchyTrigger","hermit:Scavenge","hermit:DeadMansHand","Regret"],"relics":["hermit:Momento","Simple Rune","Bird Faced Urn","StuffTheSpire:RedRose"],"acts_visited":["Exordium"],"potions_floor_usage":[13,16],"damage_taken":[{"damage":6,"enemies":"Jaw Worm","floor":1,"turns":4},{"damage":2,"enemies":"Cultist","floor":2,"turns":4},{"damage":1,"enemies":"Small Slimes","floor":3,"turns":5},{"damage":14,"enemies":"Exordium Wildlife","floor":4,"turns":6},{"damage":10,"enemies":"Gremlin Nob","floor":7,"turns":5},{"damage":4,"enemies":"Large Slime","floor":10,"turns":5},{"damage":37,"enemies":"Gremlin Gang","floor":12,"turns":6},{"damage":2,"enemies":"3 Louse","floor":13,"turns":3},{"damage":28,"enemies":"The Guardian","floor":16,"turns":7}],"seed_played":"5738250318200930504","potions_obtained":[{"floor":1,"key":"hermit:BlackBile"},{"floor":12,"key":"Guardian:BlockOnCardUsePotion"}],"is_trial":false,"path_per_floor":["M","M","M","M","?","R","E","R","T","M","R","M","M","?","R","B"],"character_chosen":"HERMIT","items_purchased":[],"campfire_rested":1,"item_purchase_floors":[],"current_hp_per_floor":[69,67,66,52,52,52,42,42,42,40,40,5,3,3,25,0,0],"gold":518,"neow_bonus":"ONE_RANDOM_RARE_CARD","is_daily":false,"chose_seed":false,"campfire_upgraded":3,"win_rate":0.0,"timestamp":1612432835,"path_taken":["M","M","M","M","?","R","E","R","T","M","R","M","?","?","R","BOSS"],"items_purchased_type":[],"build_version":"2020-12-22","purchased_purges":0,"victory":false,"max_hp_per_floor":[75,75,75,75,75,75,75,75,75,75,75,75,75,75,75,75,75],"card_choices":[{"not_picked":["hermit:Showdown","hermit:Glare"],"picked":"hermit:Gestalt","floor":1},{"not_picked":["hermit:Headshot","hermit:Quickdraw"],"picked":"hermit:EyeOfTheStorm","floor":2},{"not_picked":["hermit:Headshot","hermit:HighCaliber"],"picked":"hermit:Quickdraw","floor":3},{"not_picked":["hermit:Midnight","hermit:HoleUp"],"picked":"hermit:Maintenance","floor":4},{"not_picked":["hermit:PistolWhip","hermit:HoleUp"],"picked":"hermit:Combo","floor":7},{"not_picked":["hermit:CalledShot","hermit:Feint"],"picked":"hermit:ItchyTrigger","floor":10},{"not_picked":["hermit:BodyArmor","hermit:Quickdraw"],"picked":"hermit:Scavenge","floor":12},{"not_picked":["hermit:Glare","hermit:HighCaliber"],"picked":"hermit:DeadMansHand","floor":13}],"player_experience":1011741,"relics_obtained":[{"floor":7,"key":"Simple Rune"},{"floor":9,"key":"Bird Faced Urn"}],"event_choices":[{"damage_healed":0,"gold_gain":275,"player_choice":"Desecrate","damage_taken":0,"max_hp_gain":0,"max_hp_loss":0,"event_name":"Golden Shrine","floor":5,"gold_loss":0,"cards_obtained":["Regret"]}],"is_beta":false,"boss_relics":[],"items_purged_floors":[],"is_endless":false,"potions_floor_spawned":[1,12],"killed_by":"The Guardian","ascension_level":0}}