{"host":"yg1n0qads92lo9wl","time":1612459742,"event":{"mods":["BaseMod","Downfall","Luminous","Minty Spire (QoL Compilation)","StSLib"],"gold_per_floor":[99,116,116,116,126,126,126,145,173,173,185,18,3,3,14,14,14,14],"floor_reached":16,"language":"ZHS","playtime":798,"items_purged":[],"score":105,"play_id":"f5ed7dbe-a114-4c75-9f70-823230e64d64","local_time":"20210205012902","is_ascension_mode":true,"campfire_choices":[{"data":"Slimebound:Split","floor":1,"key":"SMITH"},{"data":"Slimebound:SplitAcid","floor":6,"key":"SMITH"}],"circlet_count":0,"master_deck":["Slimebound:Strike_Slimebound","Slimebound:Strike_Slimebound","Slimebound:Strike_Slimebound+1","Slimebound:Tackle+1","Slimebound:Defend_Slimebound","Slimebound:Defend_Slimebound","Slimebound:Defend_Slimebound","Slimebound:Defend_Slimebound","Slimebound:Split+1","Slimebound:CorrosiveSpit+1","Slimebound:SplitAcid+1","downfall:Malfunctioning","Slimebound:MegaLick","Slimebound:SplitMire","Slimebound:DisruptingSlam","Slimebound:SplitBruiser","Slimebound:SplitAcid","Slimebound:SelfFormingGoo"],"relics":["Sozu","Boot","Regal Pillow","InkBottle","downfall:BrokenWingStatue","Happy Flower"],"acts_visited":["Exordium"],"potions_floor_usage":[],"damage_taken":[{"damage":0,"enemies":"2 Louse","floor":2,"turns":3},{"damage":1,"enemies":"Jaw Worm","floor":5,"turns":4},{"damage":0,"enemies":"Cultist","floor":8,"turns":3},{"damage":27,"enemies":"Gremlin Nob","floor":9,"turns":4},{"damage":5,"enemies":"Large Slime","floor":11,"turns":4},{"damage":0,"enemies":"downfall:FleeingMerchant","floor":12,"turns":4},{"damage":13,"enemies":"downfall:FleeingMerchant","floor":13,"turns":4},{"damage":0,"enemies":"Exordium Wildlife","floor":15,"turns":2},{"damage":22,"enemies":"IC_STATUS_ARCHETYPE","floor":16,"turns":4}],"seed_played":"-1269504412437297306","potions_obtained":[],"is_trial":false,"path_per_floor":["R","M","?","T","M","R","T","M","E","?","M","$","$","T","M","B"],"character_chosen":"SLIMEBOUND","items_purchased":["Happy Flower"],"campfire_rested":0,"item_purchase_floors":[12],"current_hp_per_floor":[65,65,65,65,64,64,64,64,37,37,32,32,19,19,19,0,0,0],"gold":14,"neow_bonus":"BOSS_RELIC","is_daily":false,"chose_seed":false,"campfire_upgraded":2,"win_rate":0.0,"timestamp":1612459742,"path_taken":["R","M","?","?","?","R","T","M","E","?","M","?","$","?","M","BOSS"],"items_purchased_type":["Relic"],"build_version":"2020-12-22","purchased_purges":0,"victory":false,"max_hp_per_floor":[65,65,65,65,65,65,65,65,65,65,65,65,65,65,65,65,65,65],"card_choices":[{"not_picked":["Slimebound:ComboTackle","Slimebound:MegaLick"],"picked":"Slimebound:SplitAcid","floor":2},{"not_picked":["Slimebound:Gluttony","Slimebound:FinishingTackle","Slimebound:SamplingLick"],"picked":"SKIP","floor":5},{"not_picked":["Slimebound:LeechingTouch","Slimebound:FinishingTackle"],"picked":"Slimebound:MegaLick","floor":8},{"not_picked":["Slimebound:BestDefense","Slimebound:Dissolve"],"picked":"Slimebound:SplitMire","floor":9},{"not_picked":["Slimebound:Prepare","Slimebound:SplitLeeching"],"picked":"Slimebound:DisruptingSlam","floor":11},{"not_picked":["Slimebound:LeechEnergy","Slimebound:GoopSpray"],"picked":"Slimebound:SplitBruiser","floor":12},{"not_picked":["Slimebound:FinishingTackle","Slimebound:HauntingLick"],"picked":"Slimebound:SplitAcid","floor":13},{"not_picked":["Slimebound:GoopTackle","Slimebound:SplitBruiser"],"picked":"Slimebound:SelfFormingGoo","floor":15}],"player_experience":339719,"relics_obtained":[{"floor":4,"key":"Boot"},{"floor":7,"key":"Regal Pillow"},{"floor":9,"key":"InkBottle"}],"event_choices":[],"is_beta":false,"boss_relics":[],"items_purged_floors":[],"is_endless":false,"potions_floor_spawned":[5,11],"killed_by":"IC_STATUS_ARCHETYPE","ascension_level":1}}