{"host":"v86vpwf004p2esb7","time":1612433354,"event":{"mods":["AchievementEnabler","BaseMod","BetterRewards","Colored Powertips","Minty Spire (QoL Compilation)","Quick Restart","StSLib","Transform Curses"],"gold_per_floor":[112,132,132,207,217,243,243,263,263,290,308,77,77,111,111,216,216,233,252,252,252,265,276,306,318,369,369,369],"floor_reached":27,"language":"ENG","playtime":1363,"items_purged":[],"score":424,"play_id":"ca0166b1-2cdc-4ca9-b302-2cb0928e6ec4","local_time":"20210204020914","is_ascension_mode":true,"campfire_choices":[{"data":"BattleHymn","floor":7,"key":"SMITH"},{"floor":15,"key":"REST"}],"circlet_count":0,"master_deck":["Defend_P","Defend_P","Defend_P","Defend_P","Eruption","Vigilance","LikeWater","Sanctity","BattleHymn+1","FlurryOfBlows","Adaptation","Consecrate","Prostrate","MentalFortress","LikeWater","ConjureBlade","CurseOfTheBell","FlyingSleeves+1","ClearTheMind","Crescendo","FollowUp","Bite","Bite","Bite","Bite","Bite","Halt","FollowUp","EmptyBody","Prostrate","FollowUp+1","Prostrate","BattleHymn"],"relics":["PureWater","Letter Opener","Regal Pillow","MealTicket","Bronze Scales","Calling Bell","Smiling Mask","Kunai","Prayer Wheel","Shovel","Damaru"],"acts_visited":["Exordium","TheCity"],"potions_floor_usage":[6,23,24,24,25,27],"damage_taken":[{"damage":0,"enemies":"Small Slimes","floor":1,"turns":4},{"damage":0,"enemies":"Jaw Worm","floor":2,"turns":5},{"damage":0,"enemies":"Cultist","floor":5,"turns":4},{"damage":0,"enemies":"3 Sentries","floor":6,"turns":5},{"damage":16,"enemies":"3 Louse","floor":8,"turns":3},{"damage":12,"enemies":"Gremlin Nob","floor":10,"turns":3},{"damage":4,"enemies":"Exordium Wildlife","floor":11,"turns":3},{"damage":5,"enemies":"3 Sentries","floor":14,"turns":4},{"damage":21,"enemies":"Hexaghost","floor":16,"turns":11},{"damage":20,"enemies":"Shell Parasite","floor":18,"turns":5},{"damage":6,"enemies":"Chosen","floor":19,"turns":3},{"damage":16,"enemies":"Snecko","floor":22,"turns":5},{"damage":16,"enemies":"3 Cultists","floor":23,"turns":4},{"damage":19,"enemies":"Book of Stabbing","floor":24,"turns":4},{"damage":9,"enemies":"Centurion and Healer","floor":25,"turns":4},{"damage":31,"enemies":"Gremlin Leader","floor":27,"turns":2}],"seed_played":"7604532060950404333","potions_obtained":[{"floor":2,"key":"PowerPotion"},{"floor":5,"key":"AttackPotion"},{"floor":8,"key":"BlessingOfTheForge"},{"floor":10,"key":"BottledMiracle"},{"floor":23,"key":"Regen Potion"},{"floor":24,"key":"Strength Potion"}],"is_trial":false,"path_per_floor":["M","M","?","?","M","E","R","M","T","E","M","$","?","E","R","B",null,"M","M","?","?","M","M","E","M","T","E"],"character_chosen":"WATCHER","items_purchased":["LikeWater","MealTicket","MentalFortress"],"campfire_rested":1,"item_purchase_floors":[0,12,12],"current_hp_per_floor":[60,60,57,46,48,50,50,36,36,26,24,24,29,26,62,43,72,52,48,48,48,36,26,14,13,13,0,0],"gold":369,"neow_bonus":"","is_daily":false,"chose_seed":false,"campfire_upgraded":1,"win_rate":0.0,"timestamp":1612433354,"path_taken":["M","M","?","?","M","E","R","M","T","E","M","$","?","E","R","BOSS","M","?","?","?","M","M","E","?","T","E"],"items_purchased_type":["Card","Relic","Card"],"build_version":"2020-12-22","purchased_purges":0,"victory":false,"max_hp_per_floor":[72,72,72,72,72,72,72,72,72,72,72,72,72,72,72,72,72,72,72,72,72,72,72,72,72,72,72,72],"card_choices":[{"not_picked":["ThirdEye","CrushJoints"],"picked":"Sanctity","floor":1},{"not_picked":["Prostrate","CutThroughFate"],"picked":"BattleHymn","floor":2},{"not_picked":["Evaluate","CutThroughFate"],"picked":"FlurryOfBlows","floor":5},{"not_picked":["ReachHeaven","WindmillStrike"],"picked":"Adaptation","floor":6},{"not_picked":["ThirdEye","CutThroughFate"],"picked":"Consecrate","floor":8},{"not_picked":["DeceiveReality","SignatureMove"],"picked":"Prostrate","floor":10},{"not_picked":["Adaptation","Wish"],"picked":"EmptyFist","floor":11},{"not_picked":["SandsOfTime","Study"],"picked":"LikeWater","floor":14},{"not_picked":["Establishment","Wish"],"picked":"ConjureBlade","floor":16},{"not_picked":["WindmillStrike","Worship"],"picked":"FlyingSleeves+1","floor":18},{"not_picked":["WaveOfTheHand","Alpha"],"picked":"ClearTheMind","floor":18},{"not_picked":["Fasting2","ClearTheMind+1"],"picked":"Crescendo","floor":19},{"not_picked":["WindmillStrike","JustLucky"],"picked":"FollowUp","floor":19},{"not_picked":["EmptyFist","Consecrate"],"picked":"Halt","floor":22},{"not_picked":["Swivel","BowlingBash"],"picked":"FollowUp","floor":22},{"not_picked":["Swivel+1","ClearTheMind"],"picked":"EmptyBody","floor":23},{"not_picked":["InnerPeace","Fasting2"],"picked":"Prostrate","floor":23},{"not_picked":["TalkToTheHand","ReachHeaven"],"picked":"FollowUp+1","floor":24},{"not_picked":["Evaluate+1","FlyingSleeves"],"picked":"Prostrate","floor":25},{"not_picked":["MentalFortress","Scrawl"],"picked":"BattleHymn","floor":25}],"player_experience":248109,"relics_obtained":[{"floor":6,"key":"Letter Opener"},{"floor":10,"key":"Regal Pillow"},{"floor":14,"key":"Bronze Scales"},{"floor":17,"key":"Smiling Mask"},{"floor":17,"key":"Kunai"},{"floor":17,"key":"Prayer Wheel"},{"floor":24,"key":"Shovel"},{"floor":26,"key":"Damaru"}],"event_choices":[{"damage_healed":0,"gold_gain":0,"player_choice":"Success","damage_taken":3,"relics_obtained":["Blood Vial"],"max_hp_gain":0,"max_hp_loss":0,"event_name":"Scrap Ooze","floor":3,"gold_loss":0},{"damage_healed":0,"gold_gain":75,"player_choice":"Gather Gold","damage_taken":11,"max_hp_gain":0,"max_hp_loss":0,"event_name":"World of Goop","floor":4,"gold_loss":0},{"cards_removed":["EmptyFist"],"damage_healed":5,"gold_gain":0,"player_choice":"Offered Common","damage_taken":0,"max_hp_gain":0,"max_hp_loss":0,"event_name":"Bonfire Elementals","floor":13,"gold_loss":0},{"cards_removed":["EmptyFist"],"damage_healed":5,"gold_gain":0,"player_choice":"Offered Special","damage_taken":0,"max_hp_gain":0,"max_hp_loss":0,"event_name":"Bonfire Elementals","floor":13,"gold_loss":0},{"damage_healed":0,"gold_gain":0,"player_choice":"Became a vampire (Vial)","damage_taken":0,"max_hp_gain":0,"max_hp_loss":0,"event_name":"Vampires","floor":20,"relics_lost":["Blood Vial"],"gold_loss":0,"cards_obtained":["Bite","Bite","Bite","Bite","Bite"]},{"damage_healed":0,"gold_gain":0,"player_choice":"Ignored","damage_taken":0,"max_hp_gain":0,"max_hp_loss":0,"event_name":"Beggar","floor":21,"gold_loss":0}],"is_beta":false,"boss_relics":[{"not_picked":["Ectoplasm","SlaversCollar"],"picked":"Calling Bell"}],"items_purged_floors":[],"is_endless":false,"potions_floor_spawned":[2,5,8,10,18,19,23,24],"killed_by":"Gremlin Leader","ascension_level":1}}