{"host":"8kweeulvvasqx820","time":1612474325,"event":{"mods":["Aspiration","BaseMod","Better Altar","Better Match","Better Note","Better Sensory Stone","Better Skull","Better Third Choice","BetterRewards","Colored Map","Conspire","Displayed Cursed Tome","Downfall","Hubris","Infinite Spire","Jorbs\u0027s Wanderer Trilogy","Minty Spire (QoL Compilation)","Relic Stats","Replay The Spire","Spicy Shops","StSLib","SuperFastMode","Swap Starting Deck Mod","The Construct","The Marked","The Servant 0.9.4","everything is the same but u backflip on backflip","slay the spire mod where everything is the same but ironclad has a cowboy hat"],"gold_per_floor":[99,99,99,118,136,148,220,239,259,259,40,102,102,113,131,235,235,335,349,69,69,83,116,116,126,138,150,162,147,47,47,47],"floor_reached":31,"language":"ENG","playtime":2423,"items_purged":["Strike_S","Strike_S"],"score":251,"play_id":"91f60aee-cc75-4452-aa88-22cc82dd5bc0","local_time":"20210204163205","is_ascension_mode":false,"campfire_choices":[{"data":"Strike_S","floor":1.0,"key":"PURGE"},{"data":"Starlight","floor":10.0,"key":"SMITH"},{"data":"Embodiment","floor":13.0,"key":"SMITH"},{"data":"Moonlight","floor":30,"key":"SMITH"}],"circlet_count":0,"master_deck":["Strike_S","Defend_S","Defend_S","Defend_S","Defend_S","KidneyShot","Exchange","Starlight+1","ReturningBlade","Moondial+1","Embodiment+1","Rearm+1","SurpressingFire","FastForward+1","Moonlight+1","TheWorld+1","BottledTime+1","Finesse+1","infinitespire:Collect+1","Luminosity+1","Rewind+1","TimeWarp+1"],"relics":["Uniform","Toxic Egg 2","Replay:WaspNest","Medical Kit","infinitespire:WardingShard","conspire:SlowCooker","Question Card","downfall:HeartBlessingGreen"],"acts_visited":["Exordium","TheCity"],"potions_floor_usage":[28,28,29,31],"damage_taken":[{"damage":0.0,"enemies":"2 Louse","floor":4.0,"turns":4.0},{"damage":0.0,"enemies":"Cultist","floor":5.0,"turns":3.0},{"damage":5.0,"enemies":"Small Slimes","floor":6.0,"turns":4.0},{"damage":0.0,"enemies":"Looter","floor":8.0,"turns":4.0},{"damage":10.0,"enemies":"Exordium Wildlife","floor":9.0,"turns":4.0},{"damage":0.0,"enemies":"downfall:FleeingMerchant","floor":11.0,"turns":4.0},{"damage":0.0,"enemies":"Lagavulin Event","floor":12.0,"turns":7.0},{"damage":0.0,"enemies":"Lots of Slimes","floor":14.0,"turns":3.0},{"damage":3,"enemies":"Red Slaver","floor":15,"turns":4},{"damage":1,"enemies":"Slime Boss","floor":16,"turns":11},{"damage":11,"enemies":"Shell Parasite","floor":19,"turns":4},{"damage":0,"enemies":"downfall:FleeingMerchant","floor":20,"turns":4},{"damage":13,"enemies":"Snecko","floor":22,"turns":7},{"damage":2,"enemies":"Nightmare","floor":23,"turns":8},{"damage":7,"enemies":"Chosen and Byrds","floor":25,"turns":5},{"damage":13,"enemies":"conspire:HollyBat","floor":26,"turns":4},{"damage":3,"enemies":"Centurion and Healer","floor":27,"turns":4},{"damage":1,"enemies":"Snecko","floor":28,"turns":5},{"damage":0,"enemies":"downfall:FleeingMerchant","floor":29,"turns":4},{"damage":21,"enemies":"3 Cultists","floor":31,"turns":4}],"seed_played":"-4572490516314862307","potions_obtained":[{"floor":4.0,"key":"SpeedPotion"},{"floor":5.0,"key":"Adrenaline Potion"},{"floor":9.0,"key":"FearPotion"},{"floor":14,"key":"Strength Potion"},{"floor":15,"key":"Strength Potion"},{"floor":22,"key":"Guardian:BlockOnCardUsePotion"},{"floor":26,"key":"conspire:TimeTravelPotion"},{"floor":27,"key":"Block Potion"},{"floor":28,"key":"SteroidPotion"}],"is_trial":false,"path_per_floor":["R_BF","?","?","M","M","M","T","M","M","R","$","?","R","M","M","B",null,"R_BF","M","$","?","M","NM","T","M","M","M","M","$","R","M"],"character_chosen":"THE_SERVANT","items_purchased":["Rearm+1","Medical Kit","Finesse+1"],"campfire_rested":0,"item_purchase_floors":[11,11,20],"current_hp_per_floor":[71,71,71,71,71,66,66,66,56,56,56,56,56,56,53,52,71,71,60,60,60,47,45,45,38,25,22,21,21,21,0,0],"gold":47,"neow_bonus":"TEN_PERCENT_HP_BONUS","is_daily":false,"chose_seed":false,"campfire_upgraded":3,"win_rate":0.0,"timestamp":1612474325,"path_taken":["R_BF","?","?","M","M","M","T","M","?","R","$","?","R","M","M","BOSS","R_BF","M","$","?","M","NM","T","M","M","M","?","?","R","M"],"items_purchased_type":["Card","Relic","Card"],"build_version":"2020-12-22","purchased_purges":2,"victory":false,"max_hp_per_floor":[71,71,71,71,71,71,71,71,71,71,71,71,71,71,71,71,71,71,71,71,71,71,71,71,71,71,71,71,71,71,71,71],"relic_stats":{"counters":[20,97],"Medical Kit":[0],"Question Card":6,"obtain_stats":[{"infinitespire:WardingShard":12,"downfall:HeartBlessingGreen":30,"Replay:WaspNest":7,"conspire:SlowCooker":17,"Uniform":0,"Toxic Egg 2":2,"Medical Kit":11,"Question Card":23},{"infinitespire:WardingShard":7,"downfall:HeartBlessingGreen":19,"Replay:WaspNest":3,"conspire:SlowCooker":10,"Uniform":0,"Toxic Egg 2":0,"Medical Kit":6,"Question Card":14},{"infinitespire:WardingShard":30,"downfall:HeartBlessingGreen":93,"Replay:WaspNest":11,"conspire:SlowCooker":48,"Uniform":0,"Toxic Egg 2":0,"Medical Kit":23,"Question Card":71}]},"card_choices":[{"not_picked":["MoonPhase","Snipe"],"picked":"Starlight","floor":4.0},{"not_picked":["Starlight","FanOfKnives"],"picked":"ReturningBlade","floor":5.0},{"not_picked":["Defy+1","Unruled"],"picked":"Moondial+1","floor":6.0},{"not_picked":["Sabotage","Unruled","Advance+1"],"picked":"SKIP","floor":8.0},{"not_picked":["Collapse","MoonPhase","Starlight"],"picked":"SKIP","floor":9.0},{"not_picked":["RealityMarble","BestPractice"],"picked":"Embodiment","floor":11.0},{"not_picked":["Rearm+1","Unruled"],"picked":"SurpressingFire","floor":12.0},{"not_picked":["Gouge","ShiftingGears+1"],"picked":"FastForward+1","floor":14},{"not_picked":["Revamp+1","DoubleEdge"],"picked":"Moonlight","floor":15},{"not_picked":["ForgedInTime+1","Deny+1"],"picked":"TheWorld+1","floor":16},{"not_picked":["Desolation+1","Rewind+1"],"picked":"BottledTime+1","floor":19},{"not_picked":["Moondial+1","Advance+1","Rearm+1"],"picked":"SKIP","floor":20},{"not_picked":["DoubleEdge","Alleviate+1"],"picked":"Luminosity+1","floor":22},{"not_picked":["Desolation+1","DoubleEdge+1","Replace+1"],"picked":"SKIP","floor":23},{"not_picked":["TimeWarp","Unruled","Potential","Rearm+1"],"picked":"SKIP","floor":25},{"not_picked":["Moondial+1","Desolation","FanOfKnives"],"picked":"Rewind+1","floor":26},{"not_picked":["Revamp+1","DualDimension+1","Replace+1","Rewind+1"],"picked":"SKIP","floor":27},{"not_picked":["LightFlow","Alleviate+1","Rearm+1"],"picked":"TimeWarp+1","floor":28},{"not_picked":["MoonPhase","Replace+1","BottledTime+1","Rewind+1"],"picked":"SKIP","floor":29}],"player_experience":149963,"relics_obtained":[{"floor":7.0,"key":"Replay:WaspNest"},{"floor":12.0,"key":"infinitespire:WardingShard"},{"floor":23,"key":"Question Card"}],"event_choices":[{"cards_removed":["Injury"],"damage_healed":0.0,"max_hp_gain":0.0,"max_hp_loss":0.0,"gold_gain":0.0,"event_name":"Purifier","player_choice":"Purged","floor":3.0,"gold_loss":0.0,"damage_taken":0.0},{"damage_healed":0.0,"max_hp_gain":0.0,"max_hp_loss":0.0,"gold_gain":0.0,"event_name":"Dead Adventurer","player_choice":"Searched \u00271\u0027 times","floor":12.0,"gold_loss":0.0,"damage_taken":0.0},{"cards_removed":["TheWorld"],"damage_healed":0,"gold_gain":0,"player_choice":"Take \u0026 Give","damage_taken":0,"max_hp_gain":0,"max_hp_loss":0,"event_name":"betterNote:BetterNote","floor":21,"gold_loss":0,"cards_obtained":["infinitespire:Collect"]}],"is_beta":false,"boss_relics":[{"not_picked":["SacredBark","Painkiller Herb"],"picked":"conspire:SlowCooker"}],"items_purged_floors":[20,20],"is_endless":false,"potions_floor_spawned":[4,5,9,14,15,22,23,26,27,28],"killed_by":"3 Cultists","ascension_level":0}}