{"host":"rv8qrr1d2i1l2m12","time":1612410463,"event":{"mods":["BaseMod","Colored Map","Minty Spire (QoL Compilation)","StSLib"],"gold_per_floor":[112,126,140,154,75,75,92,92,117,127,140,140,156,176,176,281,281,291,323,306,306,333,333,350,350,373,391,87,120,120,120,120,220,220,234,21,33,33,33],"floor_reached":38,"language":"ENG","playtime":2771,"items_purged":[],"score":630,"play_id":"6cccc5c3-63b2-496b-9322-9496bcef7489","local_time":"20210203224743","is_ascension_mode":true,"campfire_choices":[{"data":"Dash","floor":6.0,"key":"SMITH"},{"floor":8.0,"key":"REST"},{"floor":15.0,"key":"REST"},{"floor":23.0,"key":"REST"},{"floor":25.0,"key":"REST"},{"floor":30.0,"key":"REST"},{"floor":32.0,"key":"REST"}],"circlet_count":0,"master_deck":["AscendersBane","Survivor","Neutralize","Dash+1","Dash","Dash+1","Bane","Flying Knee+1","Unload","Heel Hook","Sucker Punch","Flying Knee","Night Terror","Quick Slash","Tactician","Deflect","Deadly Poison","PiercingWail","All Out Attack+1","Bullet Time","Corpse Explosion","Night Terror","Leg Sweep+1","Catalyst","Footwork","All Out Attack","Bane","Deadly Poison","After Image","Heel Hook","Crippling Poison+1","Distraction","Phantasmal Killer","Bane+1","Footwork","Flying Knee+1"],"relics":["Ring of the Snake","PreservedInsect","Dream Catcher","Pandora\u0027s Box","Red Mask","Anchor","Happy Flower","Whetstone","Toy Ornithopter","WristBlade","Snake Skull"],"acts_visited":["Exordium","TheCity","TheBeyond"],"potions_floor_usage":[38],"damage_taken":[{"damage":0.0,"enemies":"Cultist","floor":1.0,"turns":3.0},{"damage":0.0,"enemies":"Small Slimes","floor":2.0,"turns":3.0},{"damage":0.0,"enemies":"Jaw Worm","floor":3.0,"turns":4.0},{"damage":1.0,"enemies":"2 Fungi Beasts","floor":4.0,"turns":4.0},{"damage":3.0,"enemies":"Blue Slaver","floor":7.0,"turns":4.0},{"damage":0.0,"enemies":"Red Slaver","floor":10.0,"turns":3.0},{"damage":1.0,"enemies":"Looter","floor":11.0,"turns":3.0},{"damage":0.0,"enemies":"Gremlin Gang","floor":13.0,"turns":6.0},{"damage":5.0,"enemies":"Exordium Thugs","floor":14.0,"turns":3.0},{"damage":72.0,"enemies":"The Guardian","floor":16.0,"turns":16.0},{"damage":32.0,"enemies":"Spheric Guardian","floor":18.0,"turns":5.0},{"damage":0.0,"enemies":"Masked Bandits","floor":19.0,"turns":2.0},{"damage":6.0,"enemies":"2 Thieves","floor":20.0,"turns":4.0},{"damage":52.0,"enemies":"Shelled Parasite and Fungi","floor":24.0,"turns":6.0},{"damage":5.0,"enemies":"Snake Plant","floor":27.0,"turns":5.0},{"damage":2.0,"enemies":"Gremlin Leader","floor":29.0,"turns":3.0},{"damage":79.0,"enemies":"Champ","floor":33.0,"turns":16.0},{"damage":16.0,"enemies":"3 Darklings","floor":35.0,"turns":3.0},{"damage":14.0,"enemies":"Orb Walker","floor":37.0,"turns":3.0},{"damage":57,"enemies":"Sphere and 2 Shapes","floor":38,"turns":3}],"seed_played":"-5789210275194673723","potions_obtained":[{"floor":3.0,"key":"GamblersBrew"},{"floor":4.0,"key":"Poison Potion"},{"floor":10.0,"key":"SkillPotion"},{"floor":11.0,"key":"FairyPotion"},{"floor":16.0,"key":"Dexterity Potion"},{"floor":18.0,"key":"PowerPotion"},{"floor":19.0,"key":"PowerPotion"},{"floor":20.0,"key":"Dexterity Potion"},{"floor":31.0,"key":"FairyPotion"},{"floor":31.0,"key":"Regen Potion"},{"floor":37.0,"key":"AttackPotion"}],"is_trial":false,"path_per_floor":["M","M","M","M","?","R","M","R","T","M","M","?","M","M","R","B",null,"M","?","M","?","T","R","M","R","T","M","$","E","R","?","R","B",null,"M","$","M","M"],"character_chosen":"THE_SILENT","items_purchased":["After Image","Whetstone","Snake Skull","Footwork"],"campfire_rested":6,"item_purchase_floors":[28,28,36,36],"current_hp_per_floor":[63,63,63,62,62,62,59,70,70,70,69,69,69,64,70,21,58,26,26,20,43,43,64,12,33,33,28,28,26,47,47,68,3,53,37,37,23,0,0],"gold":33,"neow_bonus":"TRANSFORM_CARD","is_daily":false,"chose_seed":false,"campfire_upgraded":1,"win_rate":0.0,"timestamp":1612410463,"path_taken":["M","M","M","M","?","R","M","R","T","M","?","?","M","M","R","BOSS","M","?","M","?","?","R","?","R","T","M","$","E","R","?","R","BOSS","M","$","?","?"],"items_purchased_type":["Card","Relic","Relic","Card"],"build_version":"2020-12-22","purchased_purges":0,"victory":false,"max_hp_per_floor":[70,70,70,70,70,70,70,70,70,70,70,70,70,70,70,70,70,70,70,70,70,70,70,70,70,70,70,70,70,70,70,70,70,70,70,70,70,70,70],"card_choices":[{"not_picked":["Blade Dance","Expertise"],"picked":"Dash","floor":1.0},{"not_picked":["Dagger Spray","Escape Plan"],"picked":"Dash","floor":2.0},{"not_picked":["Reflex","Underhanded Strike","Cloak And Dagger"],"picked":"SKIP","floor":3.0},{"not_picked":["Escape Plan","Predator"],"picked":"Bane","floor":4.0},{"not_picked":["Masterful Stab","Flechettes"],"picked":"Flying Knee","floor":7.0},{"not_picked":["Underhanded Strike","Deflect","PiercingWail"],"picked":"SKIP","floor":10.0},{"not_picked":["Blade Dance","Bane"],"picked":"Unload","floor":11.0},{"not_picked":["Dagger Throw","Terror"],"picked":"Heel Hook","floor":13.0},{"not_picked":["Accuracy","Bane"],"picked":"Sucker Punch","floor":14.0},{"not_picked":["Riddle With Holes","Dagger Throw"],"picked":"Flying Knee","floor":15.0},{"not_picked":["Phantasmal Killer","Doppelganger"],"picked":"Night Terror","floor":16.0},{"not_picked":["Dodge and Roll+1","Infinite Blades+1"],"picked":"Leg Sweep+1","floor":18.0},{"not_picked":["Deflect+1","Crippling Poison"],"picked":"Catalyst","floor":19.0},{"not_picked":["Outmaneuver","Prepared","Dodge and Roll"],"picked":"SKIP","floor":20.0},{"not_picked":["Reflex","Slice"],"picked":"Footwork","floor":23.0},{"not_picked":["Deadly Poison+1","Slice"],"picked":"All Out Attack","floor":24.0},{"not_picked":["Underhanded Strike","Dodge and Roll+1"],"picked":"Bane","floor":25.0},{"not_picked":["Underhanded Strike+1","Deflect"],"picked":"Deadly Poison","floor":27.0},{"not_picked":["Predator","Eviscerate"],"picked":"Heel Hook","floor":29.0},{"not_picked":["Bane","Deflect+1"],"picked":"Crippling Poison+1","floor":30.0},{"not_picked":["Accuracy","Finisher"],"picked":"Distraction","floor":32.0},{"not_picked":["Tools of the Trade","After Image"],"picked":"Phantasmal Killer","floor":33.0},{"not_picked":["Cloak And Dagger+1","Flechettes"],"picked":"Bane+1","floor":35.0},{"not_picked":["Deflect","Dagger Throw+1"],"picked":"Flying Knee+1","floor":37.0}],"player_experience":589789,"relics_obtained":[{"floor":9.0,"key":"Dream Catcher"},{"floor":19.0,"key":"Red Mask"},{"floor":22.0,"key":"Anchor"},{"floor":26.0,"key":"Happy Flower"},{"floor":29.0,"key":"Toy Ornithopter"}],"event_choices":[{"damage_healed":0.0,"max_hp_gain":0.0,"max_hp_loss":0.0,"gold_gain":0.0,"event_name":"WeMeetAgain","player_choice":"Paid Gold","floor":5.0,"gold_loss":79.0,"damage_taken":0.0,"relics_obtained":["PreservedInsect"]},{"damage_healed":0.0,"max_hp_gain":0.0,"max_hp_loss":0.0,"gold_gain":0.0,"event_name":"Living Wall","player_choice":"Grow","floor":12.0,"gold_loss":0.0,"damage_taken":0.0,"cards_upgraded":["Dash"]},{"damage_healed":0.0,"max_hp_gain":0.0,"max_hp_loss":0.0,"gold_gain":0.0,"event_name":"Masked Bandits","player_choice":"Fought Bandits","floor":19.0,"gold_loss":0.0,"damage_taken":0.0},{"damage_healed":23.0,"max_hp_gain":0.0,"max_hp_loss":0.0,"gold_gain":0.0,"event_name":"The Library","player_choice":"Heal","floor":21.0,"gold_loss":0.0,"damage_taken":0.0},{"damage_healed":0.0,"max_hp_gain":0.0,"max_hp_loss":0.0,"gold_gain":0.0,"event_name":"Lab","player_choice":"Got Potions","floor":31.0,"gold_loss":0.0,"damage_taken":0.0}],"is_beta":false,"boss_relics":[{"not_picked":["Velvet Choker","Busted Crown"],"picked":"Pandora\u0027s Box"},{"not_picked":["Empty Cage","Black Star"],"picked":"WristBlade"}],"items_purged_floors":[],"is_endless":false,"potions_floor_spawned":[3,4,10,11,16,18,19,20,37],"killed_by":"Sphere and 2 Shapes","ascension_level":11}}