{"host":"xz7n3qy1zq36rzpg","time":1612428916,"event":{"mods":["BaseMod","Colored Map","Colored Powertips","Highlight Path","Minty Spire (QoL Compilation)","Quick Restart","Shop Mod"],"gold_per_floor":[144,189,234,279,29,29,129,174,174,219,264,354,354,399,399,699,699,744,789,326,376,421,511,511,601,601,601,646,691,736,781,781,1081,1081,1126,1171,642,642,687,777,1077,610,635,98,188,188,0,45,45,45],"floor_reached":51,"language":"ENG","playtime":2725,"items_purged":[],"score":953,"play_id":"2fe17a56-586d-453c-a502-499427264b2f","local_time":"20210204095515","daily_mods":["Insanity","Red Cards","Midas"],"is_ascension_mode":false,"campfire_choices":[{"floor":6,"key":"REST"},{"floor":13,"key":"REST"},{"floor":15,"key":"REST"},{"floor":24,"key":"REST"},{"floor":27,"key":"REST"},{"floor":32,"key":"REST"},{"floor":49,"key":"REST"}],"circlet_count":0,"master_deck":["Stack","Flex","Shrug It Off","Fire Breathing","Rip and Tear","Havoc","Bloodletting","Disarm","Anger","Flex","Barrage","Warcry","Barrage","Go for the Eyes","Hello World","Dual Wield","Steam","Leap","Blood for Blood","Warcry","Metallicize","Shrug It Off","Flame Barrier","Shrug It Off","Reckless Charge","Conserve Battery","Clothesline","Barrage","Wild Strike","Genetic Algorithm","Shrug It Off","Hologram","Cleave","Cold Snap","Force Field","Loop","Whirlwind","Undo","Chaos","Chaos","Warcry","Gash+1","Ball Lightning+1","Heavy Blade","Tempest","Clash","Double Energy","Havoc","Thunderclap","True Grit","Double Tap","Self Repair","Seek","Scrape+1","Hemokinesis+1","Mind Blast+1","Melter+1","Beam Cell+1","Havoc+1","Coolheaded","Echo Form","Body Slam+1","BootSequence","Go for the Eyes+1","Demon Form","Bandage Up","White Noise","All For One+1","Gash+1","Seeing Red+1"],"relics":["Cracked Core","Molten Egg 2","Gremlin Horn","Cables","Empty Cage","Whetstone","HandDrill","Orichalcum","Happy Flower","Bronze Scales","Ornamental Fan","Sozu","Bag of Marbles","Toolbox","Regal Pillow","InkBottle","Strange Spoon","Anchor","Ancient Tea Set","Shuriken","ClockworkSouvenir","The Courier","Red Mask"],"acts_visited":["Exordium","TheCity","TheBeyond"],"potions_floor_usage":[10,12,18,25,30,33,40,40,50],"damage_taken":[{"damage":0,"enemies":"Small Slimes","floor":1,"turns":2},{"damage":0,"enemies":"Cultist","floor":2,"turns":5},{"damage":0,"enemies":"2 Louse","floor":3,"turns":2},{"damage":9,"enemies":"Exordium Thugs","floor":4,"turns":4},{"damage":1,"enemies":"Looter","floor":8,"turns":3},{"damage":14,"enemies":"Large Slime","floor":10,"turns":5},{"damage":0,"enemies":"Exordium Wildlife","floor":11,"turns":2},{"damage":12,"enemies":"3 Sentries","floor":12,"turns":4},{"damage":0,"enemies":"3 Louse","floor":14,"turns":3},{"damage":41,"enemies":"Hexaghost","floor":16,"turns":10},{"damage":6,"enemies":"Shell Parasite","floor":18,"turns":3},{"damage":9,"enemies":"3 Byrds","floor":19,"turns":4},{"damage":9,"enemies":"Snake Plant","floor":22,"turns":2},{"damage":13,"enemies":"Slavers","floor":23,"turns":4},{"damage":0,"enemies":"Book of Stabbing","floor":25,"turns":4},{"damage":0,"enemies":"Sentry and Sphere","floor":28,"turns":2},{"damage":0,"enemies":"Chosen and Byrds","floor":29,"turns":4},{"damage":7,"enemies":"Shelled Parasite and Fungi","floor":30,"turns":2},{"damage":9,"enemies":"Snake Plant","floor":31,"turns":1},{"damage":46,"enemies":"Collector","floor":33,"turns":9},{"damage":4,"enemies":"Orb Walker","floor":35,"turns":3},{"damage":18,"enemies":"3 Shapes","floor":36,"turns":3},{"damage":10,"enemies":"Jaw Worm Horde","floor":39,"turns":2},{"damage":0,"enemies":"Reptomancer","floor":40,"turns":1},{"damage":0,"enemies":"Nemesis","floor":45,"turns":3},{"damage":0,"enemies":"Sphere and 2 Shapes","floor":48,"turns":1},{"damage":71,"enemies":"Time Eater","floor":50,"turns":9}],"seed_played":"2514053361250750194","potions_obtained":[{"floor":4,"key":"Weak Potion"},{"floor":11,"key":"ColorlessPotion"},{"floor":12,"key":"Explosive Potion"},{"floor":16,"key":"Fire Potion"},{"floor":18,"key":"LiquidBronze"},{"floor":19,"key":"Weak Potion"},{"floor":28,"key":"SteroidPotion"},{"floor":30,"key":"GamblersBrew"},{"floor":33,"key":"SkillPotion"}],"is_trial":false,"path_per_floor":["M","M","M","M","$","R","?","M","T","M","M","E","R","M","R","B",null,"M","M","$","T","M","E","R","E","T","R","M","M","M","M","R","B",null,"M","M","$","?","M","E","?","$","T","$","E","?","?","M","R","B",null],"character_chosen":"DEFECT","items_purchased":["Molten Egg 2","Whetstone","HandDrill","Hemokinesis+1","Mind Blast+1","Bag of Marbles","Toolbox","Regal Pillow","BootSequence","Strange Spoon","Anchor","Bandage Up","White Noise","Shuriken","ClockworkSouvenir","All For One+1"],"campfire_rested":7,"item_purchase_floors":[5,20,20,20,20,37,37,37,37,42,42,42,42,44,44,44],"current_hp_per_floor":[75,75,75,66,66,75,75,74,74,60,60,48,70,70,75,41,75,75,73,73,73,71,65,75,75,75,75,75,75,68,59,75,29,75,71,53,53,58,48,48,48,48,48,48,52,52,52,52,75,12],"gold":45,"neow_bonus":"","is_daily":true,"chose_seed":false,"campfire_upgraded":0,"win_rate":0.0,"timestamp":1612428915,"path_taken":["M","M","M","M","$","R","?","M","T","M","M","E","R","M","R","BOSS","M","M","$","?","M","E","R","E","T","R","M","?","M","M","R","BOSS","M","M","$","?","?","E","?","$","T","?","E","?","?","M","R","BOSS"],"items_purchased_type":["Relic","Relic","Relic","Card","Card","Relic","Relic","Relic","Card","Relic","Relic","Card","Card","Relic","Relic","Card"],"build_version":"2020-12-22","purchased_purges":0,"victory":true,"max_hp_per_floor":[75,75,75,75,75,75,75,75,75,75,75,75,75,75,75,75,75,75,75,75,75,75,75,75,75,75,75,75,75,75,75,75,75,75,75,75,75,75,75,75,75,75,75,75,75,75,75,75,75,75],"card_choices":[{"not_picked":["Rebound","Barrage"],"picked":"Havoc","floor":1},{"not_picked":["Wild Strike","Heavy Blade"],"picked":"Thunderclap","floor":2},{"not_picked":["Armaments","Stack"],"picked":"Sweeping Beam","floor":3},{"not_picked":["Dual Wield","Searing Blow"],"picked":"True Grit","floor":4},{"not_picked":["Anger+1","Redo"],"picked":"Double Tap","floor":8},{"not_picked":["Wild Strike+1","Leap","Headbutt+1"],"picked":"SKIP","floor":10},{"not_picked":["Streamline+1","Clothesline+1","Compile Driver+1"],"picked":"SKIP","floor":11},{"not_picked":["Metallicize","Coolheaded","Flame Barrier"],"picked":"SKIP","floor":12},{"not_picked":["Heavy Blade+1","Capacitor"],"picked":"Self Repair","floor":14},{"not_picked":["Brutality","Meteor Strike+1"],"picked":"Seek","floor":16},{"not_picked":["Steam","Tempest","Warcry"],"picked":"SKIP","floor":18},{"not_picked":["Perfected Strike+1","Flex"],"picked":"Scrape+1","floor":19},{"not_picked":["Sweeping Beam+1","Anger+1"],"picked":"Melter+1","floor":22},{"not_picked":["Clash+1","Twin Strike+1"],"picked":"Beam Cell+1","floor":23},{"not_picked":["Coolheaded","Sever Soul+1"],"picked":"Havoc+1","floor":25},{"not_picked":["Coolheaded","Turbo","Clash+1"],"picked":"SKIP","floor":28},{"not_picked":["Turbo","Clash+1"],"picked":"Coolheaded","floor":28},{"not_picked":["Metallicize","Coolheaded+1","Hello World"],"picked":"SKIP","floor":29},{"not_picked":["True Grit","Twin Strike+1","Perfected Strike+1"],"picked":"SKIP","floor":30},{"not_picked":["Go for the Eyes+1","Leap+1","Cold Snap+1"],"picked":"SKIP","floor":31},{"not_picked":["Feed+1","Immolate+1"],"picked":"Echo Form","floor":33},{"not_picked":["Thunderclap+1","Wild Strike+1"],"picked":"Body Slam+1","floor":35},{"not_picked":["Heavy Blade+1","Combust","Sword Boomerang+1"],"picked":"SKIP","floor":36},{"not_picked":["Capacitor","Loop"],"picked":"Go for the Eyes+1","floor":39},{"not_picked":["Perfected Strike+1","Iron Wave+1"],"picked":"Demon Form","floor":40},{"not_picked":["Conserve Battery+1","Chill"],"picked":"Gash+1","floor":45},{"not_picked":["Flex","Metallicize+1"],"picked":"Seeing Red+1","floor":48}],"player_experience":411508,"relics_obtained":[{"floor":9,"key":"Gremlin Horn"},{"floor":12,"key":"Cables"},{"floor":21,"key":"Orichalcum"},{"floor":23,"key":"Happy Flower"},{"floor":25,"key":"Bronze Scales"},{"floor":26,"key":"Ornamental Fan"},{"floor":40,"key":"InkBottle"},{"floor":43,"key":"Ancient Tea Set"},{"floor":45,"key":"The Courier"}],"event_choices":[{"damage_healed":0,"gold_gain":100,"player_choice":"Pray","damage_taken":0,"max_hp_gain":0,"max_hp_loss":0,"event_name":"Golden Shrine","floor":7,"gold_loss":0},{"cards_removed":["Warcry"],"damage_healed":5,"gold_gain":0,"player_choice":"Offered Common","damage_taken":0,"max_hp_gain":0,"max_hp_loss":0,"event_name":"Bonfire Elementals","floor":38,"gold_loss":0},{"cards_removed":["Warcry"],"damage_healed":5,"gold_gain":0,"player_choice":"Offered Special","damage_taken":0,"max_hp_gain":0,"max_hp_loss":0,"event_name":"Bonfire Elementals","floor":38,"gold_loss":0},{"damage_healed":0,"gold_gain":300,"player_choice":"Gold","damage_taken":0,"max_hp_gain":0,"max_hp_loss":0,"event_name":"Wheel of Change","floor":41,"gold_loss":0},{"cards_removed":["Scrape"],"damage_healed":0,"gold_gain":0,"player_choice":"Removed Attack","damage_taken":0,"max_hp_gain":0,"max_hp_loss":0,"event_name":"Falling","floor":46,"gold_loss":0},{"damage_healed":0,"gold_gain":0,"player_choice":"Paid","damage_taken":0,"relics_obtained":["Red Mask"],"max_hp_gain":0,"max_hp_loss":0,"event_name":"Tomb of Lord Red Mask","floor":47,"gold_loss":188}],"is_beta":false,"boss_relics":[{"not_picked":["Philosopher\u0027s Stone","Runic Dome"],"picked":"Empty Cage"},{"not_picked":["SacredBark","Nuclear Battery"],"picked":"Sozu"}],"items_purged_floors":[],"is_endless":false,"potions_floor_spawned":[4,11,12,16,18,19,28,30,33,35,36,40],"ascension_level":0}}