{"host":"nwd160me4iqdtr8u","time":1612452877,"event":{"mods":["AchievementEnabler","Act Like it!","BaseMod","Colored Map","DeckTracker","Keyboard Shortcuts","Minty Spire (QoL Compilation)","Quick Restart","Rare Cards Sparkle","Smile Girya","StSLib","SuperFastMode","everything is the same but u backflip on backflip"],"gold_per_floor":[118,68,88,99,53,53,66,94,145,145,159,186,186,186,186,288,288,308,328,37,70,70,70,102,127,207,126,138,164,89,100,100,198,198,208,208,225,60,77,77,87,87,87,121,40,40,59,109,109,109],"floor_reached":51,"language":"KOR","playtime":1669,"items_purged":[],"score":943,"play_id":"d5c1fc2a-6f9f-45df-b7f5-a5cbea621732","local_time":"20210205003437","is_ascension_mode":true,"campfire_choices":[{"data":"Wild Strike","floor":6.0,"key":"SMITH"},{"data":"Immolate","floor":13.0,"key":"SMITH"},{"floor":15.0,"key":"REST"},{"data":"Impervious","floor":23.0,"key":"SMITH"},{"data":"Fiend Fire","floor":32.0,"key":"SMITH"},{"data":"Barricade","floor":40.0,"key":"SMITH"},{"data":"Dark Embrace","floor":42.0,"key":"SMITH"},{"data":"Evolve","floor":46.0,"key":"SMITH"},{"data":"Bash","floor":49.0,"key":"SMITH"}],"circlet_count":0,"master_deck":["Strike_R+1","Strike_R","Strike_R","Defend_R","Defend_R","Defend_R","Defend_R","Bash+1","Impervious+1","Bloodletting","Wild Strike+1","Shrug It Off+1","Burning Pact","Immolate+1","Evolve+1","Finesse","Feed","Fiend Fire+1","Corruption","CurseOfTheBell","Feel No Pain+1","Body Slam+1","Flame Barrier+1","Flame Barrier+1","Power Through+1","True Grit+1","Barricade+1","Carnage+1","Body Slam+1","Dark Embrace+1","Secret Technique+1","Dual Wield+1","Flame Barrier+1","Entrench+1","Power Through+1","True Grit+1"],"relics":["Burning Blood","Blue Candle","Dream Catcher","MealTicket","Calling Bell","Anchor","Molten Egg 2","Pocketwatch","Toxic Egg 2","Red Mask","Bag of Marbles","Pen Nib","Ornamental Fan","Question Card","Philosopher\u0027s Stone","TungstenRod","Regal Pillow","Incense Burner"],"acts_visited":["Exordium","TheCity","TheBeyond"],"potions_floor_usage":[50,50,50],"damage_taken":[{"damage":9.0,"enemies":"2 Louse","floor":1.0,"turns":2.0},{"damage":7.0,"enemies":"Small Slimes","floor":3.0,"turns":4.0},{"damage":4.0,"enemies":"Cultist","floor":4.0,"turns":4.0},{"damage":6.0,"enemies":"Blue Slaver","floor":7.0,"turns":4.0},{"damage":24.0,"enemies":"Gremlin Nob","floor":8.0,"turns":5.0},{"damage":0.0,"enemies":"2 Fungi Beasts","floor":11.0,"turns":4.0},{"damage":33.0,"enemies":"Lagavulin","floor":12.0,"turns":5.0},{"damage":35.0,"enemies":"Slime Boss","floor":16.0,"turns":8.0},{"damage":27.0,"enemies":"Shell Parasite","floor":18.0,"turns":5.0},{"damage":12.0,"enemies":"3 Byrds","floor":19.0,"turns":4.0},{"damage":15.0,"enemies":"Masked Bandits","floor":21.0,"turns":3.0},{"damage":0.0,"enemies":"Gremlin Leader","floor":24.0,"turns":4.0},{"damage":13.0,"enemies":"Shelled Parasite and Fungi","floor":28.0,"turns":4.0},{"damage":21.0,"enemies":"Slavers","floor":29.0,"turns":4.0},{"damage":3.0,"enemies":"Cultist and Chosen","floor":31.0,"turns":5.0},{"damage":11.0,"enemies":"Collector","floor":33.0,"turns":6.0},{"damage":0.0,"enemies":"Orb Walker","floor":35.0,"turns":4.0},{"damage":0.0,"enemies":"3 Shapes","floor":37.0,"turns":6.0},{"damage":0.0,"enemies":"Jaw Worm Horde","floor":39.0,"turns":2.0},{"damage":0.0,"enemies":"4 Shapes","floor":41.0,"turns":6.0},{"damage":9.0,"enemies":"Reptomancer","floor":44.0,"turns":7.0},{"damage":2.0,"enemies":"Maw","floor":47.0,"turns":6.0},{"damage":2.0,"enemies":"Mind Bloom Boss Battle","floor":48.0,"turns":4.0},{"damage":28,"enemies":"Awakened One","floor":50,"turns":7}],"seed_played":"4015400892059944429","potions_obtained":[{"floor":4.0,"key":"Block Potion"},{"floor":7.0,"key":"Ancient Potion"},{"floor":8.0,"key":"LiquidMemories"},{"floor":12.0,"key":"Ancient Potion"},{"floor":18.0,"key":"Fire Potion"},{"floor":21.0,"key":"Ancient Potion"},{"floor":29.0,"key":"Weak Potion"},{"floor":31.0,"key":"Strength Potion"},{"floor":39.0,"key":"BloodPotion"},{"floor":41.0,"key":"Strength Potion"},{"floor":47.0,"key":"AttackPotion"}],"is_trial":false,"path_per_floor":["M","?","M","M","$","R","M","E","T","?","M","E","R","?","R","B",null,"M","M","$","?","?","R","E","T","T","$","M","E","?","M","R","B",null,"M","?","M","$","M","R","M","R","T","E","$","R","M","?","R","B",null],"character_chosen":"IRONCLAD","items_purchased":["Shrug It Off","Toxic Egg 2","PowerPotion","Flame Barrier+1","Secret Technique+1","Entrench+1"],"campfire_rested":1,"item_purchase_floors":[5,20,20,27,38,45],"current_hp_per_floor":[77,77,76,78,78,78,78,60,60,44,50,23,23,23,47,18,80,59,53,68,59,59,59,65,65,65,80,73,58,58,61,61,56,80,80,80,80,80,80,80,83,83,83,80,83,83,83,83,83,61],"gold":109,"neow_bonus":"ONE_RANDOM_RARE_CARD","is_daily":false,"chose_seed":false,"campfire_upgraded":8,"win_rate":0.0,"timestamp":1612452877,"path_taken":["M","?","M","M","$","R","M","E","T","?","M","E","R","?","R","BOSS","M","M","?","?","?","R","E","?","T","$","M","E","?","M","R","BOSS","M","?","?","$","M","R","M","R","T","E","$","R","M","?","R","BOSS"],"items_purchased_type":["Card","Relic","Potion","Card","Card","Card"],"build_version":"2020-12-22","purchased_purges":0,"victory":true,"max_hp_per_floor":[80,80,80,80,80,80,80,80,80,80,80,80,80,80,80,80,80,80,80,80,80,80,80,80,80,80,80,80,80,80,80,80,80,80,80,80,80,80,80,80,83,83,83,83,83,83,83,83,83,83],"card_choices":[{"not_picked":["Pommel Strike","Uppercut"],"picked":"Bloodletting","floor":1.0},{"not_picked":["Evolve","Seeing Red","Dual Wield"],"picked":"SKIP","floor":3.0},{"not_picked":["Pommel Strike","Shockwave"],"picked":"Wild Strike","floor":4.0},{"not_picked":["Havoc","Dark Embrace"],"picked":"Burning Pact","floor":7.0},{"not_picked":["Spot Weakness","Rampage"],"picked":"Immolate","floor":8.0},{"not_picked":["Clash","Flex","Warcry"],"picked":"SKIP","floor":11.0},{"not_picked":["Cleave","Disarm"],"picked":"Evolve","floor":12.0},{"not_picked":["Headbutt","Uppercut"],"picked":"Fiend Fire","floor":15.0},{"not_picked":["Juggernaut","Limit Break"],"picked":"Corruption","floor":16.0},{"not_picked":["Cleave+1","Shrug It Off"],"picked":"Feel No Pain+1","floor":18.0},{"not_picked":["Whirlwind+1","Perfected Strike+1","Shockwave"],"picked":"SKIP","floor":19.0},{"not_picked":["Flex+1","Twin Strike+1"],"picked":"Body Slam+1","floor":21.0},{"not_picked":["Intimidate+1","Rampage+1"],"picked":"Flame Barrier+1","floor":24.0},{"not_picked":["Heavy Blade+1","Clash+1","Armaments+1"],"picked":"SKIP","floor":28.0},{"not_picked":["Metallicize","Twin Strike+1"],"picked":"Power Through+1","floor":29.0},{"not_picked":["Warcry+1","Iron Wave+1","Berserk"],"picked":"True Grit+1","floor":31.0},{"not_picked":["Limit Break+1","Brutality","Demon Form"],"picked":"Barricade","floor":33.0},{"not_picked":["Armaments+1","Iron Wave+1","True Grit+1"],"picked":"Carnage+1","floor":35.0},{"not_picked":["Thunderclap+1","Flame Barrier+1","Headbutt+1"],"picked":"Dark Embrace","floor":37.0},{"not_picked":["Rampage+1","Carnage+1","Sword Boomerang+1"],"picked":"Dual Wield+1","floor":39.0},{"not_picked":["Clothesline+1","Blood for Blood+1","Feed+1","Anger+1"],"picked":"SKIP","floor":41.0},{"not_picked":["Hemokinesis+1","Intimidate+1","Sever Soul+1"],"picked":"Flame Barrier+1","floor":44.0},{"not_picked":["Sever Soul+1","Thunderclap+1","Cleave+1"],"picked":"Power Through+1","floor":47.0},{"not_picked":["Combust+1","Thunderclap+1","Ghostly Armor+1"],"picked":"True Grit+1","floor":48.0}],"player_experience":396512,"relics_obtained":[{"floor":8.0,"key":"Blue Candle"},{"floor":9.0,"key":"Dream Catcher"},{"floor":12.0,"key":"MealTicket"},{"floor":17.0,"key":"Anchor"},{"floor":17.0,"key":"Molten Egg 2"},{"floor":17.0,"key":"Pocketwatch"},{"floor":21.0,"key":"Red Mask"},{"floor":24.0,"key":"Bag of Marbles"},{"floor":25.0,"key":"Pen Nib"},{"floor":26.0,"key":"Ornamental Fan"},{"floor":29.0,"key":"Question Card"},{"floor":43.0,"key":"TungstenRod"},{"floor":44.0,"key":"Regal Pillow"},{"floor":48.0,"key":"Incense Burner"}],"event_choices":[{"cards_removed":["Strike_R"],"damage_healed":0.0,"max_hp_gain":0.0,"max_hp_loss":0.0,"gold_gain":0.0,"event_name":"The Cleric","player_choice":"Card Removal","floor":2.0,"gold_loss":50.0,"damage_taken":0.0},{"damage_healed":0.0,"max_hp_gain":0.0,"max_hp_loss":0.0,"gold_gain":0.0,"event_name":"Shining Light","player_choice":"Entered Light","floor":10.0,"gold_loss":0.0,"damage_taken":16.0,"cards_upgraded":["Shrug It Off","Strike_R"]},{"damage_healed":0.0,"max_hp_gain":0.0,"max_hp_loss":0.0,"gold_gain":0.0,"event_name":"Match and Keep!","player_choice":"2 cards matched","floor":14.0,"gold_loss":0.0,"damage_taken":0.0,"cards_obtained":["Finesse","Feed"]},{"damage_healed":0.0,"max_hp_gain":0.0,"max_hp_loss":0.0,"gold_gain":0.0,"event_name":"Masked Bandits","player_choice":"Fought Bandits","floor":21.0,"gold_loss":0.0,"damage_taken":0.0},{"damage_healed":0.0,"max_hp_gain":0.0,"max_hp_loss":0.0,"gold_gain":0.0,"event_name":"Vampires","player_choice":"Ignored","floor":22.0,"gold_loss":0.0,"damage_taken":0.0},{"cards_removed":["Strike_R"],"damage_healed":0.0,"max_hp_gain":0.0,"max_hp_loss":0.0,"gold_gain":0.0,"event_name":"Beggar","player_choice":"Gave Gold","floor":30.0,"gold_loss":75.0,"damage_taken":0.0},{"damage_healed":0.0,"max_hp_gain":0.0,"max_hp_loss":0.0,"gold_gain":0.0,"event_name":"Duplicator","player_choice":"Copied","floor":36.0,"gold_loss":0.0,"damage_taken":0.0,"cards_obtained":["Body Slam"]},{"damage_healed":0.0,"max_hp_gain":0.0,"max_hp_loss":0.0,"gold_gain":0.0,"event_name":"MindBloom","player_choice":"Fight","floor":48.0,"gold_loss":0.0,"damage_taken":0.0}],"is_beta":false,"boss_relics":[{"not_picked":["Velvet Choker","SacredBark"],"picked":"Calling Bell"},{"not_picked":["Sozu","Runic Dome"],"picked":"Philosopher\u0027s Stone"}],"items_purged_floors":[],"is_endless":false,"potions_floor_spawned":[4,7,8,12,18,21,29,31,39,41,47],"ascension_level":4}}