{"host":"ga4s3hj9m6nkn6gp","time":1612456807,"event":{"mods":["AchievementEnabler","BaseMod","Bestiary","Colored Powertips","Highlight Path","Minty Spire (QoL Compilation)","Relic Stats","everything is the same but u backflip on backflip"],"gold_per_floor":[115,135,155,120,135,135,135,159,183,206,250,274,274,308,308,308,308],"floor_reached":16,"language":"ENG","playtime":906,"items_purged":[],"score":228,"play_id":"b5a4e7cb-15a4-4ba0-959b-3ad84f6db1d0","local_time":"20210204174007","is_ascension_mode":true,"campfire_choices":[{"data":"Phantasmal Killer","floor":6,"key":"SMITH"},{"data":"Finisher","floor":13,"key":"SMITH"},{"floor":15,"key":"REST"}],"circlet_count":0,"master_deck":["AscendersBane","Strike_G","Strike_G","Strike_G+1","Strike_G+1","Strike_G","Defend_G","Defend_G","Defend_G","Defend_G","Defend_G","Survivor","Neutralize","Phantasmal Killer+1","Masterful Stab","Slice","Leg Sweep","Backstab","Adrenaline","Finisher+1","Blade Dance"],"relics":["Ring of the Snake","Golden Idol","PreservedInsect","Blood Vial","Whetstone"],"acts_visited":["Exordium"],"potions_floor_usage":[5,5,16],"damage_taken":[{"damage":8,"enemies":"2 Louse","floor":1,"turns":4},{"damage":0,"enemies":"Jaw Worm","floor":2,"turns":3},{"damage":9,"enemies":"Small Slimes","floor":3,"turns":5},{"damage":1,"enemies":"2 Fungi Beasts","floor":5,"turns":4},{"damage":8,"enemies":"Looter","floor":8,"turns":4},{"damage":1,"enemies":"Red Slaver","floor":10,"turns":3},{"damage":21,"enemies":"Lagavulin","floor":11,"turns":7},{"damage":4,"enemies":"Large Slime","floor":12,"turns":3},{"damage":8,"enemies":"Gremlin Nob","floor":14,"turns":3},{"damage":46,"enemies":"The Guardian","floor":16,"turns":11}],"seed_played":"-5037843719037673393","potions_obtained":[{"floor":2,"key":"Swift Potion"},{"floor":3,"key":"SkillPotion"},{"floor":10,"key":"Regen Potion"},{"floor":11,"key":"Block Potion"}],"is_trial":false,"path_per_floor":["M","M","M","?","M","R","?","M","T","M","E","M","R","E","R","B"],"character_chosen":"THE_SILENT","items_purchased":[],"campfire_rested":1,"item_purchase_floors":[],"current_hp_per_floor":[36,36,27,43,42,42,42,34,34,33,12,10,10,4,22,0,0],"gold":308,"neow_bonus":"THREE_RARE_CARDS","is_daily":false,"chose_seed":false,"campfire_upgraded":2,"win_rate":0.0,"timestamp":1612456807,"path_taken":["M","M","M","?","M","R","?","M","T","M","E","M","R","E","R","BOSS"],"items_purchased_type":[],"build_version":"2020-12-22","purchased_purges":0,"victory":false,"max_hp_per_floor":[66,66,66,66,66,66,60,60,60,60,60,60,60,60,60,60,60],"relic_stats":{"Blood Vial":6,"counters":[10,47],"Golden Idol":31,"PreservedInsect":50,"Whetstone":["Strike_G","Strike_G"],"obtain_stats":[{"Blood Vial":11,"Golden Idol":7,"PreservedInsect":9,"Whetstone":14,"Ring of the Snake":0},{"Blood Vial":7,"Golden Idol":4,"PreservedInsect":5,"Whetstone":9,"Ring of the Snake":0},{"Blood Vial":30,"Golden Idol":16,"PreservedInsect":20,"Whetstone":36,"Ring of the Snake":0}],"Ring of the Snake":[20]},"card_choices":[{"not_picked":["Unload","Wraith Form v2"],"picked":"Phantasmal Killer","floor":0},{"not_picked":["Deflect","Outmaneuver"],"picked":"Masterful Stab","floor":1},{"not_picked":["All Out Attack","Sucker Punch"],"picked":"Slice","floor":2},{"not_picked":["Finisher","Tactician"],"picked":"Leg Sweep","floor":3},{"not_picked":["Flying Knee","Prepared","Cloak And Dagger"],"picked":"SKIP","floor":5},{"not_picked":["Outmaneuver","Bane"],"picked":"Backstab","floor":8},{"not_picked":["Deadly Poison","Prepared","Sucker Punch"],"picked":"SKIP","floor":10},{"not_picked":["Concentrate","Quick Slash"],"picked":"Adrenaline","floor":11},{"not_picked":["Masterful Stab","Setup"],"picked":"Finisher","floor":12},{"not_picked":["Dodge and Roll","Bane"],"picked":"Blade Dance","floor":14}],"player_experience":728522,"relics_obtained":[{"floor":9,"key":"PreservedInsect"},{"floor":11,"key":"Blood Vial"},{"floor":14,"key":"Whetstone"}],"event_choices":[{"damage_healed":16,"gold_gain":0,"player_choice":"Healed","damage_taken":0,"max_hp_gain":0,"max_hp_loss":0,"event_name":"The Cleric","floor":4,"gold_loss":35},{"damage_healed":0,"gold_gain":0,"player_choice":"Lose Max HP","damage_taken":0,"relics_obtained":["Golden Idol"],"max_hp_gain":0,"max_hp_loss":6,"event_name":"Golden Idol","floor":7,"gold_loss":0}],"is_beta":false,"boss_relics":[],"items_purged_floors":[],"is_endless":false,"potions_floor_spawned":[2,3,10,11,12],"killed_by":"The Guardian","ascension_level":20}}