{"host":"facnppb4175fcpe2","time":1612457176,"event":{"mods":["AchievementEnabler","BaseMod","Colored Map","Colored Powertips","Highlight Path","Minty Spire (QoL Compilation)","Quick Restart","Rare Cards Sparkle","Relic Stats","StSLib","SuperFastMode"],"gold_per_floor":[118,138,154,154,154,11,337,337,362,432,449,483,497,515,534,534,534,534],"floor_reached":17,"language":"ZHS","playtime":487,"items_purged":[],"score":174,"play_id":"ea67c599-5dbf-403c-9a34-a7434944372a","local_time":"20210205004616","is_ascension_mode":true,"campfire_choices":[{"data":"Flame Barrier","floor":8.0,"key":"SMITH"},{"floor":16,"key":"REST"}],"circlet_count":0,"master_deck":["Strike_R","Strike_R","Strike_R","Strike_R","Defend_R","Defend_R","Defend_R","Defend_R","Bash","Body Slam+1","Flame Barrier+1"],"relics":["Burning Blood","PreservedInsect","Old Coin","Art of War","Oddly Smooth Stone"],"acts_visited":["Exordium"],"potions_floor_usage":[13,15,17],"damage_taken":[{"damage":8.0,"enemies":"Jaw Worm","floor":1.0,"turns":4.0},{"damage":1.0,"enemies":"2 Louse","floor":2.0,"turns":3.0},{"damage":0.0,"enemies":"Cultist","floor":3.0,"turns":4.0},{"damage":30.0,"enemies":"Lagavulin","floor":7.0,"turns":6.0},{"damage":40.0,"enemies":"3 Sentries","floor":9.0,"turns":10.0},{"damage":3.0,"enemies":"Blue Slaver","floor":11.0,"turns":4.0},{"damage":17,"enemies":"Gremlin Nob","floor":12,"turns":4},{"damage":0,"enemies":"Looter","floor":13,"turns":4},{"damage":14,"enemies":"Lots of Slimes","floor":14,"turns":5},{"damage":12,"enemies":"Exordium Thugs","floor":15,"turns":6},{"damage":37,"enemies":"The Guardian","floor":17,"turns":11}],"seed_played":"-3945815248278606423","potions_obtained":[{"floor":1.0,"key":"ElixirPotion"},{"floor":7.0,"key":"SneckoOil"},{"floor":12,"key":"PowerPotion"},{"floor":14,"key":"Explosive Potion"},{"floor":15,"key":"Fire Potion"}],"is_trial":false,"path_per_floor":["M","M","M","?","?","$","E","R","E","T","M","E","M","M","M","R","B"],"character_chosen":"IRONCLAD","items_purchased":["PreservedInsect"],"campfire_rested":1,"item_purchase_floors":[6],"current_hp_per_floor":[78,83,88,81,81,81,57,57,23,23,26,15,21,13,7,33,0,0],"gold":534,"neow_bonus":"TEN_PERCENT_HP_BONUS","is_daily":false,"chose_seed":false,"campfire_upgraded":1,"win_rate":0.0,"timestamp":1612457176,"path_taken":["M","M","M","?","?","$","E","R","E","T","M","E","?","M","M","R","BOSS"],"items_purchased_type":["Relic"],"build_version":"2020-12-22","purchased_purges":0,"victory":false,"max_hp_per_floor":[88,88,88,88,88,88,88,88,88,88,88,88,88,88,88,88,88,88],"relic_stats":{"counters":[11,61],"PreservedInsect":80,"Art of War":[4],"obtain_stats":[{"Oddly Smooth Stone":12,"PreservedInsect":6,"Art of War":9,"Burning Blood":0,"Old Coin":7},{"Oddly Smooth Stone":7,"PreservedInsect":3,"Art of War":5,"Burning Blood":0,"Old Coin":4},{"Oddly Smooth Stone":35,"PreservedInsect":11,"Art of War":27,"Burning Blood":0,"Old Coin":17}],"Burning Blood":59},"card_choices":[{"not_picked":["Combust","Whirlwind"],"picked":"Body Slam","floor":1.0},{"not_picked":["Havoc","Reckless Charge","Body Slam"],"picked":"SKIP","floor":2.0},{"not_picked":["Battle Trance","Pommel Strike","Thunderclap"],"picked":"SKIP","floor":3.0},{"not_picked":["Spot Weakness","Demon Form"],"picked":"Flame Barrier","floor":7.0},{"not_picked":["Havoc","Headbutt","True Grit"],"picked":"SKIP","floor":9.0},{"not_picked":["Heavy Blade","Second Wind","Sword Boomerang"],"picked":"SKIP","floor":11.0},{"not_picked":["Intimidate","Disarm","Combust"],"picked":"SKIP","floor":12},{"not_picked":["Sword Boomerang","Clash","Hemokinesis"],"picked":"SKIP","floor":13},{"not_picked":["Seeing Red","Armaments","Anger"],"picked":"SKIP","floor":14},{"not_picked":["Twin Strike","Wild Strike","Feel No Pain"],"picked":"SKIP","floor":15}],"player_experience":128382,"relics_obtained":[{"floor":7.0,"key":"Old Coin"},{"floor":9.0,"key":"Art of War"},{"floor":12,"key":"Oddly Smooth Stone"}],"event_choices":[{"cards_removed":["Strike_R"],"damage_healed":0.0,"max_hp_gain":0.0,"max_hp_loss":0.0,"gold_gain":0.0,"event_name":"Golden Wing","player_choice":"Card Removal","floor":4.0,"gold_loss":0.0,"damage_taken":7.0},{"damage_healed":0.0,"max_hp_gain":0.0,"max_hp_loss":0.0,"gold_gain":0.0,"event_name":"Upgrade Shrine","player_choice":"Upgraded","floor":5.0,"gold_loss":0.0,"damage_taken":0.0,"cards_upgraded":["Body Slam"]}],"is_beta":false,"boss_relics":[],"items_purged_floors":[],"is_endless":false,"potions_floor_spawned":[1,7,12,14,15],"killed_by":"The Guardian","ascension_level":7}}