{"host":"4eao2pkwlmv012cz","time":1612430061,"event":{"mods":["BaseMod","Colored Powertips","Minty Spire (QoL Compilation)","Permanent Neow","Quick Restart","Random Character Button","StSLib"],"gold_per_floor":[118,193,204,223,243,243,272,272,296,296,316,316,330,354,354,432,432,447,69,69,88,88,88],"floor_reached":22,"language":"ENG","playtime":663,"items_purged":[],"score":372,"play_id":"70d715b5-bf79-4ce8-8aec-4d19c3455ea2","local_time":"20210204041421","is_ascension_mode":true,"campfire_choices":[{"floor":6.0,"key":"REST"},{"floor":10.0,"key":"REST"},{"floor":12.0,"key":"REST"},{"floor":15,"key":"REST"}],"circlet_count":0,"master_deck":["AscendersBane","Strike_B","Strike_B","Strike_B+1","Strike_B","Defend_B+1","Defend_B","Defend_B","Defend_B","Dualcast","Leap","Beam Cell","Doom and Gloom","Streamline","Capacitor","Echo Form","Ball Lightning","Rip and Tear","Seek","Glacier","Sunder","Panache","Compile Driver"],"relics":["Snecko Eye","Dream Catcher","Oddly Smooth Stone","Odd Mushroom","Inserter"],"acts_visited":["Exordium","TheCity"],"potions_floor_usage":[13,22],"damage_taken":[{"damage":2.0,"enemies":"Small Slimes","floor":1.0,"turns":3.0},{"damage":11.0,"enemies":"2 Louse","floor":3.0,"turns":2.0},{"damage":6.0,"enemies":"Jaw Worm","floor":4.0,"turns":4.0},{"damage":7.0,"enemies":"Looter","floor":5.0,"turns":5.0},{"damage":10.0,"enemies":"3 Sentries","floor":7.0,"turns":3.0},{"damage":2.0,"enemies":"Exordium Thugs","floor":11.0,"turns":3.0},{"damage":0,"enemies":"Gremlin Gang","floor":13,"turns":1},{"damage":8,"enemies":"The Mushroom Lair","floor":14,"turns":4},{"damage":33,"enemies":"Hexaghost","floor":16,"turns":6},{"damage":20,"enemies":"Spheric Guardian","floor":18,"turns":4},{"damage":12,"enemies":"2 Thieves","floor":21,"turns":4},{"damage":34,"enemies":"Masked Bandits","floor":22,"turns":3}],"seed_played":"6067893069917902586","potions_obtained":[{"floor":4.0,"key":"Dexterity Potion"},{"floor":5.0,"key":"ColorlessPotion"},{"floor":11.0,"key":"DuplicationPotion"},{"floor":21,"key":"Weak Potion"}],"is_trial":false,"path_per_floor":["M","?","M","M","M","R","E","?","T","R","M","R","M","?","R","B",null,"M","$","?","M","?"],"character_chosen":"DEFECT","items_purchased":["Glacier","Sunder","Panache"],"campfire_rested":4,"item_purchase_floors":[19,19,19],"current_hp_per_floor":[62,51,40,34,27,48,38,17,17,38,36,57,57,49,70,37,63,43,43,43,31,0,0],"gold":88,"neow_bonus":"BOSS_RELIC","is_daily":false,"chose_seed":false,"campfire_upgraded":0,"win_rate":0.0,"timestamp":1612430061,"path_taken":["M","?","M","M","M","R","E","?","T","R","M","R","M","?","R","BOSS","M","$","?","M","?"],"items_purchased_type":["Card","Card","Card"],"build_version":"2020-12-22","purchased_purges":0,"victory":false,"max_hp_per_floor":[71,71,71,71,71,71,71,71,71,71,71,71,71,71,71,71,71,71,71,71,71,71,71],"card_choices":[{"not_picked":["Stack","FTL","Steam"],"picked":"SKIP","floor":1.0},{"not_picked":["Genetic Algorithm","Conserve Battery"],"picked":"Leap","floor":3.0},{"not_picked":["Storm","Hologram"],"picked":"Beam Cell","floor":4.0},{"not_picked":["Loop","Streamline"],"picked":"Doom and Gloom","floor":5.0},{"not_picked":["Rebound","Storm"],"picked":"Streamline","floor":7.0},{"not_picked":["Ball Lightning","Steam"],"picked":"Capacitor","floor":11.0},{"not_picked":["Double Energy","FTL"],"picked":"Echo Form","floor":13},{"not_picked":["Turbo","Barrage"],"picked":"Ball Lightning","floor":14},{"not_picked":["Leap","Steam"],"picked":"Rip and Tear","floor":15},{"not_picked":["Hyperbeam","Reboot"],"picked":"Seek","floor":16},{"not_picked":["Redo+1","Hologram","Double Energy"],"picked":"SKIP","floor":18},{"not_picked":["Rebound","Leap"],"picked":"Compile Driver","floor":21}],"player_experience":2873448,"relics_obtained":[{"floor":7.0,"key":"Dream Catcher"},{"floor":9.0,"key":"Oddly Smooth Stone"},{"floor":14,"key":"Odd Mushroom"}],"event_choices":[{"damage_healed":0.0,"max_hp_gain":0.0,"max_hp_loss":0.0,"gold_gain":75.0,"event_name":"World of Goop","player_choice":"Gather Gold","floor":2.0,"gold_loss":0.0,"damage_taken":11.0},{"damage_healed":0.0,"max_hp_gain":0.0,"max_hp_loss":0.0,"gold_gain":0.0,"event_name":"Shining Light","player_choice":"Entered Light","floor":8.0,"gold_loss":0.0,"damage_taken":21.0,"cards_upgraded":["Defend_B","Strike_B"]},{"damage_healed":0,"gold_gain":0,"player_choice":"Fought Mushrooms","damage_taken":0,"max_hp_gain":0,"max_hp_loss":0,"event_name":"Mushrooms","floor":14,"gold_loss":0},{"cards_removed":["Zap"],"damage_healed":0,"gold_gain":0,"player_choice":"Elegance","damage_taken":0,"max_hp_gain":0,"max_hp_loss":0,"event_name":"Back to Basics","floor":20,"gold_loss":0},{"damage_healed":0,"gold_gain":0,"player_choice":"Fought Bandits","damage_taken":0,"max_hp_gain":0,"max_hp_loss":0,"event_name":"Masked Bandits","floor":22,"gold_loss":0}],"is_beta":false,"boss_relics":[{"not_picked":["SacredBark","Ectoplasm"],"picked":"Inserter"}],"items_purged_floors":[],"is_endless":false,"potions_floor_spawned":[4,5,11,21],"killed_by":"Masked Bandits","ascension_level":20}}