{"host":"bf5upntvbdompq33","time":1612471623,"event":{"mods":["BaseMod","Colored Map","Colored Powertips","Curses Come First","Minty Spire (QoL Compilation)","Replay The Spire","StSLib","The Animator","The Disciple","The Dragon Tamer","The Hierophant","The Marked","The Mystic","The Necromancer","The Servant 0.9.4"],"gold_per_floor":[111,111,111,286,302,302,106,106,106,106,144,144,157,182,182,313,313,334,334,255,255,255,255,155,166,193,208,208,236,151,59,59,158,158,169,169,119,135,147,181,181,181,181,181,194,211,230,245,245,245,245],"floor_reached":50,"language":"ENG","playtime":2988,"items_purged":["Doubt","Strike_G","SwitchConfidence","animator:Curse_Greed"],"score":513,"play_id":"93a0c48a-6931-4a14-a025-252abb567b28","local_time":"20210204134703","is_ascension_mode":false,"campfire_choices":[{"data":"Poisoned Stab","floor":6,"key":"SMITH"},{"data":"Replay:Sssssssssshield","floor":8,"key":"SMITH"},{"data":"Deadly Poison","floor":12,"key":"SMITH"},{"data":"Draining Mist","floor":15,"key":"SMITH"},{"data":"Poison Darts","floor":23,"key":"SMITH"},{"data":"Crippling Poison","floor":28,"key":"SMITH"},{"data":"Bane","floor":32,"key":"SMITH"},{"data":"Replay:Bag of Tricks","floor":41,"key":"SMITH"},{"floor":49,"key":"REST"}],"circlet_count":0,"master_deck":["Defend_G+1","Defend_G","Defend_G","Defend_G","Survivor","Neutralize","Poisoned Stab+1","Deflect","Quick Slash+1","Replay:Sssssssssshield+1","Deadly Poison+1","Draining Mist+1","Outmaneuver","Poison Darts+1","Bane+1","Poisoned Stab+1","Crippling Poison+1","Replay:Poison Smokescreen","Leg Sweep","Fluid Movement+1","Bullet Time+1","Hallucinations","Prepared+1","Replay:Bag of Tricks+1","Crippling Poison+1","Backflip","Decay","Catalyst+1"],"relics":["NeowsBlessing","Sizzling Blood","Meat on the Bone","Bloody Idol","Durian","Sozu","Smiling Mask","Blue Doll","Nunchaku","ReplayTheSpireMod:CursedCoin","Oddly Smooth Stone","Kintsugi","Centennial Puzzle","Quantum Egg"],"acts_visited":["Exordium","TheCity","TheBeyond"],"potions_floor_usage":[16],"damage_taken":[{"damage":0,"enemies":"Jaw Worm","floor":1,"turns":1},{"damage":0,"enemies":"Small Slimes","floor":5,"turns":1},{"damage":0,"enemies":"Gremlin Nob","floor":11,"turns":1},{"damage":6,"enemies":"2 Louse","floor":13,"turns":2},{"damage":19,"enemies":"Exordium Thugs","floor":14,"turns":6},{"damage":29,"enemies":"Slime Boss","floor":16,"turns":15},{"damage":10,"enemies":"Chosen","floor":18,"turns":3},{"damage":2,"enemies":"3 Byrds","floor":25,"turns":4},{"damage":16,"enemies":"Centurion and Healer","floor":27,"turns":4},{"damage":20,"enemies":"Book of Stabbing","floor":29,"turns":5},{"damage":21,"enemies":"Champ","floor":33,"turns":11},{"damage":27,"enemies":"Orb Walker","floor":35,"turns":4},{"damage":12,"enemies":"3 Darklings","floor":38,"turns":4},{"damage":0,"enemies":"Sphere and 2 Shapes","floor":39,"turns":5},{"damage":35,"enemies":"Nemesis","floor":40,"turns":7},{"damage":7,"enemies":"Transient","floor":45,"turns":5},{"damage":33,"enemies":"Spire Growth","floor":46,"turns":5},{"damage":0,"enemies":"Maw","floor":47,"turns":4},{"damage":2,"enemies":"Jaw Worm Horde","floor":48,"turns":3},{"damage":77,"enemies":"Replay:Hell Engine","floor":50,"turns":6}],"seed_played":"1192847495409577399","potions_obtained":[{"floor":1,"key":"ColorlessPotion"},{"floor":16,"key":"Dexterity Potion"}],"is_trial":false,"path_per_floor":["M","?","?","?","M","R","$","R","T","?","E","R","M","M","R","B",null,"M","?","$","?","?","R","$","M","T","M","R","E","?","$","R","B",null,"M","?","$","M","M","E","R","?","T","?","M","M","M","M","R","B"],"character_chosen":"THE_SILENT","items_purchased":["Quick Slash+1","Replay:Sssssssssshield","Crippling Poison","ReplayTheSpireMod:CursedCoin","Fluid Movement+1","Oddly Smooth Stone"],"campfire_rested":1,"item_purchase_floors":[7,7,20,31,31,31],"current_hp_per_floor":[70,70,74,74,74,74,74,74,74,69,74,74,72,57,57,44,74,68,68,68,68,68,68,68,74,74,67,67,56,56,61,61,49,74,56,56,56,53,62,48,48,48,48,48,50,38,47,54,70,0,0],"gold":245,"neow_bonus":"THREE_ENEMY_KILL","is_daily":false,"chose_seed":false,"campfire_upgraded":8,"win_rate":0.0,"timestamp":1612471623,"path_taken":["M","?","?","?","M","R","$","R","T","?","E","R","M","M","R","BOSS","M","?","?","?","?","R","$","M","T","M","R","E","?","$","R","BOSS","M","?","$","M","?","E","R","?","T","?","?","M","M","M","R","BOSS"],"items_purchased_type":["Card","Card","Card","Relic","Card","Relic"],"build_version":"2020-12-22","purchased_purges":4,"victory":false,"max_hp_per_floor":[70,70,74,74,74,74,74,74,74,69,74,74,74,74,74,74,74,74,74,74,74,74,74,74,74,74,74,74,74,74,74,74,74,74,74,74,74,74,74,74,74,70,70,70,70,70,70,70,70,70,70],"card_choices":[{"not_picked":["Endless Agony","Deflect"],"picked":"Poisoned Stab","floor":1},{"not_picked":["Flechettes","Hidden Blade"],"picked":"Deflect","floor":5},{"not_picked":["Backflip","Accuracy"],"picked":"Deadly Poison","floor":11},{"not_picked":["Endless Agony","Replay:Poison Smokescreen"],"picked":"Draining Mist","floor":13},{"not_picked":["Slice","Heel Hook"],"picked":"Outmaneuver","floor":14},{"not_picked":["Doppelganger","Venomology"],"picked":"Poison Darts","floor":16},{"not_picked":["Cloak And Dagger","Tactician"],"picked":"Bane","floor":18},{"not_picked":["Underhanded Strike+1","ReplayTheSpireMod:Scrap Shanks","Blade Dance"],"picked":"SKIP","floor":25},{"not_picked":["Slice","PiercingWail+1"],"picked":"Replay:Poison Smokescreen","floor":27},{"not_picked":["Blade Dance","Draining Mist"],"picked":"Leg Sweep","floor":29},{"not_picked":["Glass Knife","Malaise"],"picked":"Bullet Time","floor":33},{"not_picked":["Flying Knee+1","Blade Dance+1"],"picked":"Prepared+1","floor":35},{"not_picked":["Infinite Blades+1","Dagger Spray+1"],"picked":"Replay:Bag of Tricks","floor":38},{"not_picked":["Deflect+1","Slice+1"],"picked":"Crippling Poison+1","floor":39},{"not_picked":["Tactician","Flying Knee"],"picked":"Backflip","floor":40},{"not_picked":["Underhanded Strike","Prepared+1","Dagger Throw"],"picked":"SKIP","floor":45},{"not_picked":["Acrobatics","Prepared"],"picked":"Catalyst+1","floor":46},{"not_picked":["Distraction","Dagger Spray+1","Draining Mist+1"],"picked":"SKIP","floor":47},{"not_picked":["Deflect+1","Blur","Riddle With Holes+1"],"picked":"SKIP","floor":48}],"player_experience":1398022,"relics_obtained":[{"floor":9,"key":"Meat on the Bone"},{"floor":11,"key":"Durian"},{"floor":26,"key":"Smiling Mask"},{"floor":29,"key":"Blue Doll"},{"floor":40,"key":"Centennial Puzzle"},{"floor":43,"key":"Quantum Egg"}],"event_choices":[{"damage_healed":0,"gold_gain":175,"player_choice":"AGREE","damage_taken":0,"max_hp_gain":0,"max_hp_loss":0,"event_name":"Liars Game","floor":4,"gold_loss":0,"cards_obtained":["Doubt"]},{"damage_healed":0,"gold_gain":0,"player_choice":"Lose Max HP","damage_taken":0,"relics_obtained":["Golden Idol"],"max_hp_gain":0,"max_hp_loss":5,"event_name":"Golden Idol","floor":10,"gold_loss":0},{"damage_healed":0,"gold_gain":0,"player_choice":"Copied","damage_taken":0,"max_hp_gain":0,"max_hp_loss":0,"event_name":"Duplicator","floor":19,"gold_loss":0,"cards_obtained":["Poisoned Stab"]},{"damage_healed":0,"gold_gain":0,"cards_transformed":["Strike_G","Strike_G"],"player_choice":"Became Test Subject","damage_taken":0,"max_hp_gain":0,"max_hp_loss":0,"event_name":"Drug Dealer","floor":21,"gold_loss":0,"cards_obtained":["Expertise","Blade Dance"]},{"damage_healed":0,"gold_gain":0,"player_choice":"Gave Idol","damage_taken":0,"relics_obtained":["Bloody Idol"],"max_hp_gain":0,"max_hp_loss":0,"event_name":"Forgotten Altar","floor":22,"relics_lost":["Golden Idol"],"gold_loss":0},{"damage_healed":0,"gold_gain":0,"player_choice":"Obtained Relic","damage_taken":0,"relics_obtained":["Nunchaku"],"max_hp_gain":0,"max_hp_loss":0,"event_name":"Addict","floor":30,"gold_loss":85},{"damage_healed":0,"gold_gain":0,"player_choice":"Upgraded","damage_taken":0,"max_hp_gain":0,"max_hp_loss":0,"event_name":"Upgrade Shrine","floor":36,"gold_loss":0,"cards_upgraded":["Bullet Time"]},{"damage_healed":0,"gold_gain":0,"player_choice":"Max HP","damage_taken":0,"max_hp_gain":0,"max_hp_loss":4,"event_name":"Winding Halls","floor":42,"gold_loss":0},{"damage_healed":0,"gold_gain":0,"player_choice":"Cursed","damage_taken":0,"max_hp_gain":0,"max_hp_loss":0,"event_name":"Wheel of Change","floor":44,"gold_loss":0,"cards_obtained":["Decay"]}],"is_beta":false,"boss_relics":[{"not_picked":["Runic Dome","WristBlade"],"picked":"Sozu"},{"not_picked":["SacredBark","Pandora\u0027s Box"],"picked":"Kintsugi"}],"items_purged_floors":[7,24,31,37],"is_endless":false,"potions_floor_spawned":[1,16,25,29,33,39,46,48],"killed_by":"Replay:Hell Engine","ascension_level":0}}