{"host":"kig4ty9d1aubg29s","time":1612423259,"event":{"mods":["BaseMod","Minty Spire (QoL Compilation)","READ ME - Guardian Mod","READ ME - Snecko Mod","StSLib","The Cursed","The Gatherer","The Hierophant","The Runesmith"],"gold_per_floor":[111,111,123,134,134,134,151,151,151,164,164,164,164],"floor_reached":12,"language":"KOR","playtime":237,"items_purged":[],"score":140,"play_id":"b3781d9b-6920-4ba2-b2a1-fd48d7054f9d","local_time":"20210204162059","is_ascension_mode":true,"campfire_choices":[{"data":"Storm","floor":6,"key":"SMITH"},{"data":"Zap","floor":8,"key":"SMITH"}],"circlet_count":0,"master_deck":["AscendersBane","Strike_B","Strike_B","Strike_B","Strike_B","Defend_B","Defend_B","Defend_B","Zap+1","Dualcast","Double Energy","Storm+1","Gash","Rebound","Sweeping Beam"],"relics":["Cracked Core","NeowsBlessing","Shuriken"],"acts_visited":["Exordium"],"potions_floor_usage":[10],"damage_taken":[{"damage":0,"enemies":"Small Slimes","floor":1,"turns":1},{"damage":0,"enemies":"2 Louse","floor":3,"turns":1},{"damage":0,"enemies":"Cultist","floor":4,"turns":1},{"damage":10,"enemies":"Gremlin Gang","floor":7,"turns":5},{"damage":25,"enemies":"Exordium Wildlife","floor":10,"turns":4},{"damage":35,"enemies":"3 Sentries","floor":12,"turns":3}],"seed_played":"6127985881870651665","potions_obtained":[{"floor":4,"key":"Swift Potion"}],"is_trial":false,"path_per_floor":["M","?","M","M","?","R","M","R","T","M","$","E"],"character_chosen":"DEFECT","items_purchased":[],"campfire_rested":0,"item_purchase_floors":[],"current_hp_per_floor":[64,64,64,64,64,64,54,54,54,29,29,0,0],"gold":164,"neow_bonus":"THREE_ENEMY_KILL","is_daily":false,"chose_seed":false,"campfire_upgraded":2,"win_rate":0.0,"timestamp":1612423259,"path_taken":["M","?","M","M","?","R","?","R","T","?","$","E"],"items_purchased_type":[],"build_version":"2020-12-22","purchased_purges":0,"victory":false,"max_hp_per_floor":[71,71,71,71,71,71,71,71,71,71,71,71,71],"card_choices":[{"not_picked":["Beam Cell","Tempest"],"picked":"Double Energy","floor":1},{"not_picked":["Gash","Sweeping Beam"],"picked":"Storm","floor":3},{"not_picked":["Steam","Barrage"],"picked":"Gash","floor":4},{"not_picked":["Tempest","Hologram"],"picked":"Rebound","floor":7},{"not_picked":["Darkness","Turbo"],"picked":"Sweeping Beam","floor":10}],"player_experience":1962107,"relics_obtained":[{"floor":9,"key":"Shuriken"}],"event_choices":[{"damage_healed":0,"gold_gain":0,"player_choice":"Leave","damage_taken":0,"max_hp_gain":0,"max_hp_loss":0,"event_name":"The Cleric","floor":2,"gold_loss":0},{"cards_removed":["Defend_B"],"damage_healed":0,"gold_gain":0,"player_choice":"Purged","damage_taken":0,"max_hp_gain":0,"max_hp_loss":0,"event_name":"Purifier","floor":5,"gold_loss":0}],"is_beta":false,"boss_relics":[],"items_purged_floors":[],"is_endless":false,"potions_floor_spawned":[4],"killed_by":"3 Sentries","ascension_level":20}}