{"host":"p5axfb00mxhraew6","time":1612441606,"event":{"mods":["100% Spire Juice","Abigail Mod","Act Like it!","BaseMod","CapriCore","Friendly Minions","GifTheSpireLib","Jedi Mod","KomeijiMod","Lobotomy","MarisaÅiñ∂âJÅ@ñÇóùçπÅj","Minty Spire (QoL Compilation)","Prisma Mod","ReimuÅiîé??öÎÅj","RemiliaÅiÂQïƒ‰ª?Åj","SOSÅiézîb?îVéqÅj","StSLib","Td1madao Mod","The Alterego","The Immortal","The Problem Sleuth","Yakumo Yukari mod"],"gold_per_floor":[213,231,171,181,37,37,71,71,96,161,161,176,5,23,23,99,99,110,110,123,137,149,177,177,15,70,70,88,98,118,151,151,230,230,240,265,265,285,285,320,330,330,410,425,452,452,463,473,473,473],"floor_reached":51,"language":"ENG","playtime":2564,"items_purged":["CentralCode"],"score":1687,"play_id":"8f203f0e-a4b2-4dd6-a9f5-6e1c60f985fe","local_time":"20210204212646","is_ascension_mode":true,"campfire_choices":[{"data":"Twilight","floor":49,"key":"SMITH"}],"circlet_count":0,"master_deck":["SpecialBullet","SpecialBullet","SpecialBullet","SpecialBullet","InformationCode","SecurityCode","ExtractionCode","OSAHOGD","Penitence","Pleasure","SwordSharpenedByTears+1","Penitence","RapturousDream","VoidDream","Mimicry","LongBird","Ecstasy","Noise","Regret_ego","DaCapo","GoldRush","OldLady","Regret_ego","ShyLook","TodaysExpression","RapturousDream","BeautyBeast","Penitence","Noise","Wingbeat","BigBird","Twilight+1","Gaze","Noise","UniverseFragment","Regret_ego","Pleasure+1","Gaze","RapturousDream","Moonlight","Justitia","GoldRush","TrainingCode","Noise","Spore+1","Horn","Logging","Diffraction","QueenOfHatred","Lantern+1","SpecialBullet","SpecialBullet","MHz","Penitence+1"],"relics":["CogitoBucket","PaintedHorse:ReiMu","Whetstone","Art of War","Bronze Scales","Coffee Dripper","Dream Catcher","Anchor","Mastiff:ReiMu","Philosopher\u0027s Stone","Bird Faced Urn","Omamori","InkBottle","Singing Bowl"],"acts_visited":["Exordium","TheCity","TheBeyond"],"potions_floor_usage":[7,51,51],"damage_taken":[{"damage":0,"enemies":"Small Slimes","floor":1,"turns":3},{"damage":22,"enemies":"2 Louse","floor":2,"turns":3},{"damage":6,"enemies":"Cultist","floor":4,"turns":3},{"damage":50,"enemies":"Lagavulin","floor":7,"turns":6},{"damage":0,"enemies":"Lots of Slimes","floor":12,"turns":1},{"damage":0,"enemies":"Looter","floor":14,"turns":3},{"damage":8,"enemies":"Hexaghost","floor":16,"turns":8},{"damage":0,"enemies":"2 Thieves","floor":18,"turns":1},{"damage":12,"enemies":"Chosen","floor":20,"turns":2},{"damage":11,"enemies":"Sentry and Sphere","floor":21,"turns":3},{"damage":0,"enemies":"Snake Plant","floor":22,"turns":3},{"damage":29,"enemies":"Slavers","floor":23,"turns":2},{"damage":1,"enemies":"Snecko","floor":28,"turns":3},{"damage":6,"enemies":"Centurion and Healer","floor":29,"turns":2},{"damage":15,"enemies":"Shelled Parasite and Fungi","floor":30,"turns":5},{"damage":4,"enemies":"Gremlin Leader","floor":31,"turns":7},{"damage":0,"enemies":"Collector","floor":33,"turns":8},{"damage":13,"enemies":"3 Darklings","floor":35,"turns":3},{"damage":0,"enemies":"Mind Bloom Boss Battle","floor":36,"turns":3},{"damage":6,"enemies":"3 Shapes","floor":38,"turns":3},{"damage":0,"enemies":"Nemesis","floor":40,"turns":5},{"damage":0,"enemies":"Sphere and 2 Shapes","floor":41,"turns":3},{"damage":10,"enemies":"4 Shapes","floor":44,"turns":3},{"damage":0,"enemies":"Reptomancer","floor":45,"turns":3},{"damage":0,"enemies":"Writhing Mass","floor":47,"turns":3},{"damage":0,"enemies":"Maw","floor":48,"turns":3},{"damage":3,"enemies":"Donu and Deca","floor":50,"turns":5},{"damage":0,"enemies":"Malkuth","floor":51,"turns":3},{"damage":8,"enemies":"Netzach","floor":51,"turns":7},{"damage":51,"enemies":"Chesed","floor":51,"turns":8}],"seed_played":"-3252187466480318877","potions_obtained":[{"floor":4,"key":"AttackPotion"},{"floor":12,"key":"Fire Potion"},{"floor":14,"key":"Explosive Potion"},{"floor":16,"key":"Energy Potion"},{"floor":20,"key":"Ancient Potion"},{"floor":35,"key":"Swift Potion"},{"floor":45,"key":"EssenceOfSteel"}],"is_trial":false,"path_per_floor":["M","M","?","M","$","R","E","R","T","?","R","M","$","M","R","B",null,"M","?","M","M","M","E","R","$","T","R","M","M","M","E","R","B",null,"M","?","?","M","?","E","M","R","T","M","E","R","M","M","R","B",null],"character_chosen":"Angela","items_purchased":["SwordSharpenedByTears","Penitence","Bronze Scales","Gaze"],"campfire_rested":0,"item_purchase_floors":[5,5,13,25],"current_hp_per_floor":[70,56,56,58,58,58,16,16,16,16,16,28,28,44,44,48,71,82,82,86,90,90,77,83,89,94,94,98,98,98,98,98,98,98,97,102,102,102,102,102,102,102,102,102,108,108,112,114,114,114],"gold":473,"neow_bonus":"HUNDRED_GOLD","is_daily":false,"chose_seed":false,"campfire_upgraded":1,"win_rate":0.0,"timestamp":1612441606,"path_taken":["M","M","?","M","$","R","E","R","T","?","R","M","$","M","R","BOSS","M","?","?","?","M","E","R","$","T","R","M","M","M","E","R","BOSS","M","?","?","?","?","E","M","R","T","M","E","R","M","M","R","BOSS"],"items_purchased_type":["Card","Card","Relic","Card"],"build_version":"2020-12-22","purchased_purges":1,"victory":true,"max_hp_per_floor":[70,70,70,70,70,70,70,70,70,70,70,74,74,78,78,78,78,82,82,86,90,90,94,94,94,94,94,98,98,98,98,98,98,98,98,102,102,102,102,102,102,102,102,102,108,108,112,114,114,114],"card_choices":[{"not_picked":["SpiderBud","Alriune"],"picked":"OSAHOGD","floor":1},{"not_picked":["SomewhereSpear","Christmas"],"picked":"SKIP","floor":1},{"not_picked":["Soda","FeatherOfHonor"],"picked":"SKIP","floor":1},{"not_picked":["Horn"],"picked":"Penitence","floor":2},{"not_picked":["Reverberation","Tough"],"picked":"SKIP","floor":2},{"not_picked":["Loneliness"],"picked":"Pleasure","floor":4},{"not_picked":["CherryBlossom","GreenStem"],"picked":"SKIP","floor":4},{"not_picked":["Galaxy"],"picked":"RapturousDream","floor":7},{"not_picked":["BigBird","WallGazer"],"picked":"VoidDream","floor":7},{"not_picked":["MagicBullet"],"picked":"Mimicry","floor":7},{"not_picked":["LaLuna","Scorched"],"picked":"LongBird","floor":12},{"not_picked":["Laetitia_ego"],"picked":"Ecstasy","floor":12},{"not_picked":["Soda"],"picked":"Noise","floor":14},{"not_picked":["PunishingBird","Murderer"],"picked":"BeautyBeast","floor":14},{"not_picked":["Pleasure"],"picked":"Regret_ego","floor":14},{"not_picked":["SoundOfStar"],"picked":"DaCapo","floor":16},{"not_picked":["TheSmile"],"picked":"GoldRush","floor":16},{"not_picked":["BlackArmy","Wellcheers"],"picked":"OldLady","floor":18},{"not_picked":["Horn"],"picked":"Regret_ego","floor":18},{"not_picked":["Funeral","Woodsman"],"picked":"ShyLook","floor":20},{"not_picked":["Heaven"],"picked":"TodaysExpression","floor":20},{"not_picked":["Beak"],"picked":"RapturousDream","floor":21},{"not_picked":["Wellcheers","LaLuna"],"picked":"BeautyBeast","floor":21},{"not_picked":["CrimsonScar"],"picked":"Penitence","floor":21},{"not_picked":["FourthMatchFlame+1"],"picked":"Noise","floor":22},{"not_picked":["LifeForTheDareDevil"],"picked":"Wingbeat","floor":22},{"not_picked":["RedShoes","Wellcheers"],"picked":"BigBird","floor":23},{"not_picked":["Tough"],"picked":"Twilight","floor":23},{"not_picked":["Horn"],"picked":"Noise","floor":28},{"not_picked":["LaLuna","Bloodbath"],"picked":"UniverseFragment","floor":28},{"not_picked":["Horn","SolemnVow"],"picked":"SKIP","floor":28},{"not_picked":["Galaxy"],"picked":"Regret_ego","floor":29},{"not_picked":["MagicBullet"],"picked":"Pleasure+1","floor":30},{"not_picked":["SomewhereSpear"],"picked":"Gaze","floor":30},{"not_picked":["Pinks"],"picked":"RapturousDream","floor":31},{"not_picked":["Soda"],"picked":"Moonlight","floor":31},{"not_picked":["Mimicry"],"picked":"Justitia","floor":33},{"not_picked":["Mimicry"],"picked":"GoldRush","floor":33},{"not_picked":["CherryBlossom"],"picked":"Noise","floor":35},{"not_picked":["Discord"],"picked":"Spore+1","floor":36},{"not_picked":["GreedKing","WallGazer"],"picked":"CherryBlossoms","floor":36},{"not_picked":["CherryBlossom","Reverberation"],"picked":"SKIP","floor":38},{"not_picked":["Beak+1"],"picked":"Horn","floor":40},{"not_picked":["BearPaw","FrostShard+1"],"picked":"SKIP","floor":40},{"not_picked":["MagicBullet","FourthMatchFlame"],"picked":"SKIP","floor":41},{"not_picked":["GoldRush"],"picked":"Logging","floor":44},{"not_picked":["Horn"],"picked":"Diffraction","floor":44},{"not_picked":["QueenBee","GalaxyChild"],"picked":"QueenOfHatred","floor":45},{"not_picked":["MagicBullet+1","RedEyes"],"picked":"Singing Bowl","floor":45},{"not_picked":["BlueScar"],"picked":"Lantern+1","floor":47},{"not_picked":["LittlePrince","WhiteNight"],"picked":"MHz","floor":47},{"not_picked":["Discord"],"picked":"Penitence+1","floor":47},{"not_picked":["Adoration","InTheNameOfLoveAndHate"],"picked":"Singing Bowl","floor":48}],"player_experience":1280907,"relics_obtained":[{"floor":7,"key":"Whetstone"},{"floor":9,"key":"Art of War"},{"floor":23,"key":"Dream Catcher"},{"floor":26,"key":"Anchor"},{"floor":31,"key":"Mastiff:ReiMu"},{"floor":36,"key":"Bird Faced Urn"},{"floor":40,"key":"Omamori"},{"floor":43,"key":"InkBottle"},{"floor":45,"key":"Singing Bowl"}],"event_choices":[{"damage_healed":0,"gold_gain":0,"player_choice":"Donate","damage_taken":0,"relics_obtained":["PaintedHorse:ReiMu"],"max_hp_gain":0,"max_hp_loss":0,"event_name":"yidonshenshe","floor":3,"gold_loss":60},{"damage_healed":0,"gold_gain":65,"player_choice":"Gained Gold","damage_taken":0,"max_hp_gain":0,"max_hp_loss":0,"event_name":"Golden Wing","floor":10,"gold_loss":0},{"cards_removed":["BeautyBeast"],"damage_healed":0,"gold_gain":0,"player_choice":"Purged","damage_taken":0,"max_hp_gain":0,"max_hp_loss":0,"event_name":"Purifier","floor":19,"gold_loss":0},{"damage_healed":0,"gold_gain":0,"player_choice":"Fight","damage_taken":0,"max_hp_gain":0,"max_hp_loss":0,"event_name":"MindBloom","floor":36,"gold_loss":0},{"cards_removed":["CherryBlossoms"],"damage_healed":5,"gold_gain":0,"player_choice":"Offered Common","damage_taken":0,"max_hp_gain":0,"max_hp_loss":0,"event_name":"Bonfire Elementals","floor":37,"gold_loss":0},{"cards_removed":["CherryBlossoms"],"damage_healed":5,"gold_gain":0,"player_choice":"Offered Special","damage_taken":0,"max_hp_gain":0,"max_hp_loss":0,"event_name":"Bonfire Elementals","floor":37,"gold_loss":0},{"damage_healed":0,"gold_gain":0,"player_choice":"Ignored","damage_taken":0,"max_hp_gain":0,"max_hp_loss":0,"event_name":"Tomb of Lord Red Mask","floor":39,"gold_loss":0}],"is_beta":false,"boss_relics":[{"not_picked":["jedi:hotpepper","Astrolabe"],"picked":"Coffee Dripper"},{"not_picked":["SacredBark","Velvet Choker"],"picked":"Philosopher\u0027s Stone"}],"items_purged_floors":[25],"is_endless":false,"potions_floor_spawned":[4,12,14,16,20,22,23,29,30,35,36,45],"ascension_level":16}}