{"host":"fuszjwm6fqgjjp4d","time":1612399208,"event":{"mods":["BaseMod","Bestiary","Colored Map","DeckTracker","Minty Spire (QoL Compilation)","Permanent Neow","Relic Sorter","Relic Stats","StSLib"],"gold_per_floor":[119,119,137,152,170,170,180,210,210,236,252,252,280,290,290,364,364,375,375,375,375,290,290,315,315,315,315,97,117,133,176,176,259,259,274,294,294,294,319,319,319],"floor_reached":40,"language":"ENG","playtime":1251,"items_purged":[],"score":938,"play_id":"1ac18f58-6da5-4a27-b836-ded4856eb04b","local_time":"20210203184008","is_ascension_mode":true,"campfire_choices":[{"data":"White Noise","floor":6.0,"key":"SMITH"},{"floor":12.0,"key":"REST"},{"data":"Reinforced Body","floor":15.0,"key":"SMITH"},{"floor":23.0,"key":"REST"},{"data":"Zap","floor":25.0,"key":"SMITH"},{"floor":27.0,"key":"REST"},{"data":"Defragment","floor":32.0,"key":"SMITH"}],"circlet_count":0,"master_deck":["AscendersBane","Strike_B","Strike_B","Strike_B","Strike_B","Defend_B","Defend_B","Defend_B","Defend_B","Zap+1","Dualcast","Lockon+1","White Noise+1","Glacier","Compile Driver","BootSequence","Core Surge","Self Repair","Coolheaded","Turbo","Double Energy","Defragment+1","Leap+1","Electrodynamics"],"relics":["Cracked Core","Boot","Pantograph","Mercury Hourglass","Cables","Centennial Puzzle","Sozu","HornCleat","Ice Cream","Toy Ornithopter","StrikeDummy","Happy Flower","CeramicFish","Busted Crown","Regal Pillow"],"acts_visited":["Exordium","TheCity","TheBeyond"],"potions_floor_usage":[],"damage_taken":[{"damage":2.0,"enemies":"Jaw Worm","floor":1.0,"turns":3.0},{"damage":5.0,"enemies":"Small Slimes","floor":3.0,"turns":3.0},{"damage":7.0,"enemies":"2 Louse","floor":4.0,"turns":3.0},{"damage":13.0,"enemies":"Red Slaver","floor":5.0,"turns":3.0},{"damage":16.0,"enemies":"Lots of Slimes","floor":7.0,"turns":5.0},{"damage":11.0,"enemies":"Gremlin Nob","floor":8.0,"turns":3.0},{"damage":0.0,"enemies":"3 Sentries","floor":10.0,"turns":4.0},{"damage":6.0,"enemies":"Exordium Wildlife","floor":11.0,"turns":3.0},{"damage":8.0,"enemies":"Gremlin Nob","floor":13.0,"turns":3.0},{"damage":0.0,"enemies":"Large Slime","floor":14.0,"turns":4.0},{"damage":22.0,"enemies":"Slime Boss","floor":16.0,"turns":7.0},{"damage":13.0,"enemies":"2 Thieves","floor":18.0,"turns":5.0},{"damage":35.0,"enemies":"Gremlin Leader","floor":24.0,"turns":8.0},{"damage":5.0,"enemies":"3 Byrds","floor":29.0,"turns":3.0},{"damage":0.0,"enemies":"Snecko","floor":30.0,"turns":4.0},{"damage":28.0,"enemies":"Book of Stabbing","floor":31.0,"turns":5.0},{"damage":44.0,"enemies":"Collector","floor":33.0,"turns":18.0},{"damage":0.0,"enemies":"Orb Walker","floor":35.0,"turns":4.0},{"damage":2.0,"enemies":"3 Darklings","floor":36.0,"turns":4.0},{"damage":71,"enemies":"Giant Head","floor":40,"turns":7}],"seed_played":"-7673080804185746320","potions_obtained":[{"floor":4.0,"key":"FearPotion"},{"floor":7.0,"key":"AttackPotion"},{"floor":8.0,"key":"FearPotion"},{"floor":13.0,"key":"SkillPotion"},{"floor":16.0,"key":"Ancient Potion"}],"is_trial":false,"path_per_floor":["M","?","M","M","M","R","M","E","T","E","M","R","E","M","R","B",null,"M","?","T","?","?","R","E","R","T","R","$","M","M","E","R","B",null,"M","M","?","?","T","E"],"character_chosen":"DEFECT","items_purchased":["Happy Flower","Turbo"],"campfire_rested":3,"item_purchase_floors":[28,28],"current_hp_per_floor":[62,62,57,50,37,37,21,10,10,10,4,25,17,17,17,20,58,45,45,45,25,25,47,19,19,19,41,41,43,50,29,29,17,61,61,66,66,66,66,0,0],"gold":319,"neow_bonus":"RANDOM_COMMON_RELIC","is_daily":false,"chose_seed":false,"campfire_upgraded":4,"win_rate":0.0,"timestamp":1612399208,"path_taken":["M","?","M","M","M","R","M","E","T","E","M","R","E","M","R","BOSS","M","?","?","?","?","R","E","R","T","R","?","?","M","E","R","BOSS","M","?","?","?","?","E"],"items_purchased_type":["Relic","Card"],"build_version":"2020-12-22","purchased_purges":0,"victory":false,"max_hp_per_floor":[71,71,71,71,71,71,71,71,71,71,71,71,71,71,71,71,71,71,71,71,76,76,76,76,76,76,76,76,76,76,76,76,76,76,76,76,76,76,76,76,76],"relic_stats":{"Regal Pillow":0,"Happy Flower":[15],"counters":[20,99],"CeramicFish":18,"Boot":[16],"Mercury Hourglass":[383],"Cables":[66,34,32,0,0],"Sozu":4,"Centennial Puzzle":[24],"Busted Crown":4,"Pantograph":50,"obtain_stats":[{"Ice Cream":22,"Regal Pillow":39,"Happy Flower":28,"CeramicFish":31,"Boot":0,"Mercury Hourglass":9,"Cables":10,"Sozu":17,"Centennial Puzzle":13,"HornCleat":20,"Busted Crown":34,"Pantograph":8,"Cracked Core":0,"StrikeDummy":26,"Toy Ornithopter":24},{"Ice Cream":12,"Regal Pillow":19,"Happy Flower":13,"CeramicFish":16,"Boot":0,"Mercury Hourglass":6,"Cables":7,"Sozu":11,"Centennial Puzzle":9,"HornCleat":12,"Busted Crown":17,"Pantograph":6,"Cracked Core":0,"StrikeDummy":13,"Toy Ornithopter":13},{"Ice Cream":46,"Regal Pillow":92,"Happy Flower":54,"CeramicFish":66,"Boot":0,"Mercury Hourglass":20,"Cables":24,"Sozu":41,"Centennial Puzzle":30,"HornCleat":46,"Busted Crown":84,"Pantograph":20,"Cracked Core":0,"StrikeDummy":54,"Toy Ornithopter":54}],"Toy Ornithopter":0},"card_choices":[{"not_picked":["Rebound","Capacitor"],"picked":"Lockon","floor":1.0},{"not_picked":["Beam Cell","Go for the Eyes","Redo"],"picked":"SKIP","floor":3.0},{"not_picked":["Streamline","Beam Cell"],"picked":"White Noise","floor":4.0},{"not_picked":["Machine Learning","Loop"],"picked":"Glacier","floor":5.0},{"not_picked":["Blizzard","Streamline"],"picked":"Compile Driver","floor":7.0},{"not_picked":["Consume","Chaos"],"picked":"Reinforced Body","floor":8.0},{"not_picked":["Cold Snap","Consume","Go for the Eyes"],"picked":"SKIP","floor":10.0},{"not_picked":["Streamline","Hologram"],"picked":"BootSequence","floor":11.0},{"not_picked":["Compile Driver","Glacier","Sunder"],"picked":"SKIP","floor":13.0},{"not_picked":["Compile Driver","Hologram","Reprogram"],"picked":"SKIP","floor":14.0},{"not_picked":["Rainbow","Machine Learning"],"picked":"Core Surge","floor":16.0},{"not_picked":["Scrape","Cold Snap","Rip and Tear"],"picked":"SKIP","floor":18.0},{"not_picked":["Steam","Turbo"],"picked":"Coolheaded","floor":24.0},{"not_picked":["Beam Cell","Streamline"],"picked":"Double Energy","floor":29.0},{"not_picked":["Ball Lightning+1","Go for the Eyes"],"picked":"Defragment","floor":30.0},{"not_picked":["Streamline","Sunder+1"],"picked":"Leap+1","floor":31.0},{"not_picked":["Buffer","Rainbow"],"picked":"Electrodynamics","floor":33.0},{"not_picked":["Go for the Eyes"],"picked":"SKIP","floor":35.0},{"not_picked":["Scrape"],"picked":"SKIP","floor":36.0}],"player_experience":1431599,"relics_obtained":[{"floor":8.0,"key":"Pantograph"},{"floor":9.0,"key":"Mercury Hourglass"},{"floor":10.0,"key":"Cables"},{"floor":13.0,"key":"Centennial Puzzle"},{"floor":20.0,"key":"HornCleat"},{"floor":24.0,"key":"Toy Ornithopter"},{"floor":26.0,"key":"StrikeDummy"},{"floor":31.0,"key":"CeramicFish"},{"floor":39,"key":"Regal Pillow"}],"event_choices":[{"damage_healed":0.0,"max_hp_gain":0.0,"max_hp_loss":0.0,"gold_gain":0.0,"event_name":"Living Wall","player_choice":"Grow","floor":2.0,"gold_loss":0.0,"damage_taken":0.0,"cards_upgraded":["Lockon"]},{"damage_healed":0.0,"max_hp_gain":0.0,"max_hp_loss":0.0,"gold_gain":0.0,"event_name":"The Library","player_choice":"Read","floor":19.0,"gold_loss":0.0,"damage_taken":0.0,"cards_obtained":["Self Repair"]},{"damage_healed":0.0,"max_hp_gain":5.0,"max_hp_loss":0.0,"gold_gain":0.0,"event_name":"Forgotten Altar","player_choice":"Shed Blood","floor":21.0,"gold_loss":0.0,"damage_taken":25.0},{"damage_healed":0.0,"max_hp_gain":0.0,"max_hp_loss":0.0,"gold_gain":0.0,"event_name":"Addict","player_choice":"Obtained Relic","floor":22.0,"gold_loss":85.0,"damage_taken":0.0,"relics_obtained":["Ice Cream"]},{"damage_healed":0,"gold_gain":0,"player_choice":"Ignored","damage_taken":0,"max_hp_gain":0,"max_hp_loss":0,"event_name":"Mysterious Sphere","floor":37,"gold_loss":0},{"cards_removed":["Reinforced Body"],"damage_healed":0,"gold_gain":0,"player_choice":"Removed Skill","damage_taken":0,"max_hp_gain":0,"max_hp_loss":0,"event_name":"Falling","floor":38,"gold_loss":0}],"is_beta":false,"boss_relics":[{"not_picked":["Fusion Hammer","Coffee Dripper"],"picked":"Sozu"},{"not_picked":["Velvet Choker","Runic Dome"],"picked":"Busted Crown"}],"items_purged_floors":[],"is_endless":false,"potions_floor_spawned":[4,7,8,13,16,18,30,31,33],"killed_by":"Giant Head","ascension_level":20}}