{"host":"lrlw254gqe5layub","time":1612422985,"event":{"mods":["AchievementEnabler","BaseMod","Colored Map","Colored Powertips","Minty Spire (QoL Compilation)","Rare Cards Sparkle","SuperFastMode"],"gold_per_floor":[119,44,44,44,58,86,99,99,99,118,118,134,151,167,167,265,265,282,32,32,44,44,70,70,70,70,70,70,80,90,90,90,193,193,213,213,213,213],"floor_reached":37,"language":"KOR","playtime":1701,"items_purged":["Defend_P","Strike_P"],"score":430,"play_id":"a990002d-c382-459e-9a05-21b70789b533","local_time":"20210204161625","is_ascension_mode":true,"campfire_choices":[{"data":"Perseverance","floor":11.0,"key":"SMITH"},{"floor":15.0,"key":"REST"},{"floor":24.0,"key":"RECALL"},{"floor":27.0,"key":"REST"},{"data":"Devotion","floor":32.0,"key":"SMITH"}],"circlet_count":0,"master_deck":["Strike_P","Strike_P","Defend_P+1","Eruption+1","Vigilance","FearNoEvil","Perseverance+1","MentalFortress+1","EmptyBody","Halt","Devotion+1","CurseOfTheBell","FollowUp","SandsOfTime","Consecrate","MentalFortress+1","Prostrate","JustLucky+1"],"relics":["PureWater","Shuriken","Bird Faced Urn","Calling Bell","Bag of Preparation","Darkstone Periapt","Mango","Juzu Bracelet","Ancient Tea Set","Torii","Empty Cage"],"acts_visited":["Exordium","TheCity","TheBeyond"],"potions_floor_usage":[33,33,33,33,35],"damage_taken":[{"damage":4.0,"enemies":"Small Slimes","floor":1.0,"turns":4.0},{"damage":0.0,"enemies":"2 Louse","floor":5.0,"turns":1.0},{"damage":36.0,"enemies":"Gremlin Nob","floor":6.0,"turns":3.0},{"damage":0.0,"enemies":"Cultist","floor":7.0,"turns":2.0},{"damage":3.0,"enemies":"Looter","floor":10.0,"turns":2.0},{"damage":10.0,"enemies":"Gremlin Gang","floor":12.0,"turns":3.0},{"damage":5.0,"enemies":"Exordium Wildlife","floor":13.0,"turns":3.0},{"damage":0.0,"enemies":"2 Fungi Beasts","floor":14.0,"turns":4.0},{"damage":5.0,"enemies":"Slime Boss","floor":16.0,"turns":16.0},{"damage":23.0,"enemies":"Shell Parasite","floor":18.0,"turns":9.0},{"damage":7.0,"enemies":"2 Thieves","floor":20.0,"turns":4.0},{"damage":33.0,"enemies":"Snake Plant","floor":21.0,"turns":5.0},{"damage":7.0,"enemies":"Gremlin Leader","floor":23.0,"turns":5.0},{"damage":21.0,"enemies":"3 Cultists","floor":29.0,"turns":5.0},{"damage":1.0,"enemies":"Sentry and Sphere","floor":30.0,"turns":4.0},{"damage":16,"enemies":"Automaton","floor":33,"turns":8},{"damage":51,"enemies":"3 Shapes","floor":35,"turns":5},{"damage":17,"enemies":"3 Darklings","floor":37,"turns":3}],"seed_played":"1489422770267798396","potions_obtained":[{"floor":1.0,"key":"DistilledChaos"},{"floor":6.0,"key":"CultistPotion"},{"floor":7.0,"key":"Fire Potion"},{"floor":14.0,"key":"BlessingOfTheForge"},{"floor":20.0,"key":"BottledMiracle"},{"floor":29.0,"key":"Energy Potion"},{"floor":30.0,"key":"EntropicBrew"},{"floor":35,"key":"Weak Potion"}],"is_trial":false,"path_per_floor":["M","$","?","?","M","E","M","?","T","M","R","M","M","M","R","B",null,"M","$","M","M","?","E","R","$","T","R","$","M","M","?","R","B",null,"M","?","M"],"character_chosen":"WATCHER","items_purchased":["Juzu Bracelet"],"campfire_rested":2,"item_purchase_floors":[19],"current_hp_per_floor":[68,68,61,47,47,11,11,35,35,32,32,22,19,21,42,39,86,65,65,60,29,29,26,26,26,26,51,51,34,39,39,39,29,86,39,39,28,28],"gold":213,"neow_bonus":"REMOVE_CARD","is_daily":false,"chose_seed":false,"campfire_upgraded":2,"win_rate":0.0,"timestamp":1612422985,"path_taken":["M","$","?","?","M","E","M","?","T","M","R","M","M","M","R","BOSS","M","$","M","M","?","E","R","$","T","R","$","M","M","?","R","BOSS","M","?","M"],"items_purchased_type":["Relic"],"build_version":"2020-12-22","purchased_purges":2,"victory":false,"max_hp_per_floor":[72,72,72,72,72,72,72,72,72,72,72,72,72,72,72,72,86,86,86,86,86,86,86,86,86,86,86,86,86,86,86,86,86,86,86,86,86,86],"card_choices":[{"not_picked":["Perseverance","FlyingSleeves","Protect"],"picked":"SKIP","floor":1.0},{"not_picked":["BattleHymn","Meditate"],"picked":"Indignation","floor":5.0},{"not_picked":["InnerPeace","Protect","BowlingBash"],"picked":"SKIP","floor":6.0},{"not_picked":["JustLucky","BowlingBash"],"picked":"FearNoEvil","floor":7.0},{"not_picked":["Adaptation","Crescendo"],"picked":"Perseverance","floor":10.0},{"not_picked":["PathToVictory","EmptyFist"],"picked":"MentalFortress","floor":12.0},{"not_picked":["FollowUp","Crescendo"],"picked":"EmptyBody","floor":13.0},{"not_picked":["Study","Protect"],"picked":"Halt","floor":14.0},{"not_picked":["Alpha","SpiritShield"],"picked":"Devotion","floor":16.0},{"not_picked":["EmptyFist","Crescendo"],"picked":"FollowUp","floor":18.0},{"not_picked":["ThirdEye+1","Protect"],"picked":"SandsOfTime","floor":20.0},{"not_picked":["Fasting2+1","CarveReality"],"picked":"Consecrate","floor":21.0},{"not_picked":["Evaluate","ForeignInfluence+1","Consecrate"],"picked":"SKIP","floor":23.0},{"not_picked":["CrushJoints+1","CarveReality"],"picked":"MentalFortress+1","floor":29.0},{"not_picked":["EmptyBody","Consecrate"],"picked":"Prostrate","floor":30.0},{"not_picked":["ClearTheMind","CutThroughFate+1"],"picked":"JustLucky+1","floor":35}],"player_experience":481392,"relics_obtained":[{"floor":6.0,"key":"Bird Faced Urn"},{"floor":17.0,"key":"Bag of Preparation"},{"floor":17.0,"key":"Darkstone Periapt"},{"floor":17.0,"key":"Mango"},{"floor":23.0,"key":"Ancient Tea Set"},{"floor":26.0,"key":"Torii"}],"event_choices":[{"damage_healed":0.0,"max_hp_gain":0.0,"max_hp_loss":0.0,"gold_gain":0.0,"event_name":"Scrap Ooze","player_choice":"Success","floor":3.0,"gold_loss":0.0,"damage_taken":7.0,"relics_obtained":["Shuriken"]},{"damage_healed":0.0,"max_hp_gain":0.0,"max_hp_loss":0.0,"gold_gain":0.0,"event_name":"Shining Light","player_choice":"Entered Light","floor":4.0,"gold_loss":0.0,"damage_taken":14.0,"cards_upgraded":["Defend_P","Eruption"]},{"damage_healed":24.0,"max_hp_gain":0.0,"max_hp_loss":0.0,"gold_gain":0.0,"event_name":"Big Fish","player_choice":"Banana","floor":8.0,"gold_loss":0.0,"damage_taken":0.0},{"damage_healed":0.0,"max_hp_gain":0.0,"max_hp_loss":0.0,"gold_gain":0.0,"event_name":"Upgrade Shrine","player_choice":"Upgraded","floor":31.0,"gold_loss":0.0,"damage_taken":0.0,"cards_upgraded":["MentalFortress"]},{"cards_removed":["Indignation"],"damage_healed":0,"gold_gain":0,"player_choice":"Removed Skill","damage_taken":0,"max_hp_gain":0,"max_hp_loss":0,"event_name":"Falling","floor":36,"gold_loss":0}],"is_beta":false,"boss_relics":[{"not_picked":["Fusion Hammer","Philosopher\u0027s Stone"],"picked":"Calling Bell"},{"not_picked":["Coffee Dripper","Busted Crown"],"picked":"Empty Cage"}],"items_purged_floors":[2,19],"is_endless":false,"potions_floor_spawned":[1,6,7,14,20,29,30,35],"killed_by":"3 Darklings","ascension_level":2}}