{"host":"8anmd7ibyxevnonj","time":1612437934,"event":{"mods":["BaseMod","Curses Come First","Downfall","Minty Spire (QoL Compilation)","StSLib"],"gold_per_floor":[0,15,25,175,175,175,221,221,213,213,225,240,240,1,20,120,120,120,120,120,137,137,177,177,24,24,46,69,95,88,88,113,113,113,113],"floor_reached":33,"language":"ENG","playtime":1780,"items_purged":["Regret"],"score":396,"play_id":"353448c5-a5e1-423e-a121-a594d8822e87","local_time":"20210204122534","is_ascension_mode":false,"campfire_choices":[{"data":"Chrysalis","floor":1,"key":"SMITH"},{"data":"hexamod:Sear","floor":6,"key":"SMITH"},{"data":"hexamod:PowerFromBeyond","floor":8,"key":"SMITH"},{"data":"hexamod:BurningTouch","floor":13,"key":"SMITH"},{"data":"hexamod:TimeOfNeed","floor":18,"key":"SMITH"}],"circlet_count":0,"master_deck":["hexamod:Sear+1","hexamod:Float+1","Chrysalis+1","hexamod:PowerFromBeyond+1","hexamod:FourthSeal","downfall:Icky","hexamod:SecondSeal","hexamod:FirstSeal","hexamod:BurningTouch+1","hexamod:PowerFromBeyond+1","hexamod:SpectersWail","hexamod:FlamesFromBeyond","hexamod:TimeOfNeed+1","hexamod:SwordOfDarkness","Pride","hexamod:RadiantFlame+1","Parasite","hexamod:RainOfEmbers","Ghostly","Ghostly","Ghostly","hexamod:CouncilsJustice","hexamod:CouncilsJustice+1","hexamod:CouncilsJustice","hexamod:AdvancingGuard+1","Pain","hexamod:GhostOfSpirePresent","hexamod:SuperheatedStrike","downfall:Haunted","CurseOfTheBell","Injury","hexamod:SixthSeal","downfall:Bewildered","hexamod:RadiantFlame"],"relics":["hexamod:SpiritBrand","Dream Catcher","Vajra","Mercury Hourglass","ClockworkSouvenir","Cursed Key","TungstenRod","hexamod:SoulConsumer","Anchor","PreservedInsect","hexamod:MatchstickCase","War Paint","Calling Bell","Ancient Tea Set","Sundial","CaptainsWheel"],"acts_visited":["Exordium","TheCity"],"potions_floor_usage":[12,14,15,16,23,33],"damage_taken":[{"damage":0,"enemies":"Small Slimes","floor":2,"turns":3},{"damage":8,"enemies":"2 Louse","floor":3,"turns":3},{"damage":1,"enemies":"Cultist","floor":11,"turns":3},{"damage":16,"enemies":"Exordium Thugs","floor":12,"turns":6},{"damage":2,"enemies":"downfall:FleeingMerchant","floor":14,"turns":4},{"damage":7,"enemies":"Blue Slaver","floor":15,"turns":4},{"damage":50,"enemies":"DF_ARCHETYPE_STREAMLINE","floor":16,"turns":9},{"damage":10,"enemies":"Chosen","floor":21,"turns":3},{"damage":48,"enemies":"Slavers","floor":23,"turns":3},{"damage":4,"enemies":"downfall:FleeingMerchant","floor":25,"turns":4},{"damage":1,"enemies":"Shell Parasite","floor":27,"turns":3},{"damage":0,"enemies":"Book of Stabbing","floor":29,"turns":3},{"damage":0,"enemies":"downfall:FleeingMerchant","floor":30,"turns":4},{"damage":8,"enemies":"Centurion and Healer","floor":32,"turns":6},{"damage":45,"enemies":"SI_MIRROR_ARCHETYPE","floor":33,"turns":8}],"seed_played":"-2671131580365372582","potions_obtained":[{"floor":2,"key":"AttackPotion"},{"floor":11,"key":"hexamod:DoubleChargePotion"},{"floor":11,"key":"Guardian:BlockOnCardUsePotion"},{"floor":12,"key":"sneckomod:MuddlingPotion"},{"floor":14,"key":"Fruit Juice"},{"floor":15,"key":"Explosive Potion"},{"floor":16,"key":"Dexterity Potion"},{"floor":20,"key":"Energy Potion"},{"floor":20,"key":"CultistPotion"},{"floor":21,"key":"AttackPotion"},{"floor":23,"key":"LiquidBronze"}],"is_trial":false,"path_per_floor":["R","M","M","?","?","R","T","R","?","T","M","M","R","$","M","B",null,"R","?","?","M","?","E","T","$","?","M","T","E","$","?","M","B"],"character_chosen":"THE_SPIRIT","items_purchased":["ClockworkSouvenir","PreservedInsect"],"campfire_rested":0,"item_purchase_floors":[14,25],"current_hp_per_floor":[70,70,62,62,62,62,62,62,55,55,61,52,52,57,62,12,75,75,75,75,72,72,31,31,31,31,34,34,37,37,42,42,0,0,0],"gold":113,"neow_bonus":"RANDOM_COLORLESS_2","is_daily":false,"chose_seed":false,"campfire_upgraded":5,"win_rate":0.0,"timestamp":1612437934,"path_taken":["R","M","M","?","?","R","T","R","?","?","M","?","R","?","M","BOSS","R","?","?","?","?","E","T","$","?","M","?","E","?","?","M","BOSS"],"items_purchased_type":["Relic","Relic"],"build_version":"2020-12-13","purchased_purges":1,"victory":false,"max_hp_per_floor":[70,70,70,70,70,70,70,70,70,70,70,70,70,70,75,75,75,75,75,75,75,75,75,75,75,37,37,37,37,37,42,42,42,42,42],"card_choices":[{"not_picked":["Secret Weapon","Thinking Ahead"],"picked":"Chrysalis","floor":0},{"not_picked":["hexamod:HeatShield","hexamod:BacktrackSmack"],"picked":"hexamod:PowerFromBeyond","floor":2},{"not_picked":["hexamod:SpectersWail","hexamod:SpectralSpark"],"picked":"hexamod:FourthSeal","floor":3},{"not_picked":["hexamod:PowerFromBeyond","hexamod:HeatCrush"],"picked":"hexamod:BurningTouch","floor":11},{"not_picked":["hexamod:FastForward","hexamod:BacktrackSmack"],"picked":"hexamod:PowerFromBeyond","floor":12},{"not_picked":["hexamod:InspiringFlames","hexamod:RecurringNightmare"],"picked":"hexamod:SpectersWail","floor":14},{"not_picked":["hexamod:AdvancingGuard","hexamod:GhostShield"],"picked":"hexamod:FlamesFromBeyond","floor":15},{"not_picked":["hexamod:Toasty","hexamod:SearingWound"],"picked":"hexamod:TimeOfNeed","floor":16},{"not_picked":["hexamod:NecessarySacrifice","hexamod:BacktrackSmack"],"picked":"hexamod:SwordOfDarkness","floor":21},{"not_picked":["hexamod:SuperheatedStrike","hexamod:HauntingEcho"],"picked":"hexamod:RadiantFlame+1","floor":23},{"not_picked":["hexamod:NightmareGuise","hexamod:RadiantFlame"],"picked":"hexamod:RainOfEmbers","floor":25},{"not_picked":["hexamod:FirstSeal","hexamod:NightmareGuise"],"picked":"hexamod:AdvancingGuard+1","floor":27},{"not_picked":["hexamod:HeatShield+1","hexamod:SpectersWail"],"picked":"hexamod:GhostOfSpirePresent","floor":29},{"not_picked":["hexamod:HauntingEcho","hexamod:SwordOfDarkness"],"picked":"hexamod:SuperheatedStrike","floor":30},{"not_picked":["hexamod:Firestarter","hexamod:ShieldOfDarkness"],"picked":"hexamod:RadiantFlame","floor":32}],"player_experience":80275,"relics_obtained":[{"floor":7,"key":"Vajra"},{"floor":10,"key":"Mercury Hourglass"},{"floor":23,"key":"hexamod:SoulConsumer"},{"floor":24,"key":"Anchor"},{"floor":28,"key":"hexamod:MatchstickCase"},{"floor":29,"key":"War Paint"},{"floor":31,"key":"Ancient Tea Set"},{"floor":31,"key":"Sundial"},{"floor":31,"key":"CaptainsWheel"}],"event_choices":[{"damage_healed":0,"gold_gain":0,"player_choice":"Box","damage_taken":0,"relics_obtained":["Dream Catcher"],"max_hp_gain":0,"max_hp_loss":0,"event_name":"Big Fish","floor":5,"gold_loss":0,"cards_obtained":["Regret"]},{"damage_healed":0,"gold_gain":0,"player_choice":"Got Potions","damage_taken":0,"max_hp_gain":0,"max_hp_loss":0,"event_name":"Lab","floor":20,"gold_loss":0},{"damage_healed":0,"gold_gain":0,"player_choice":"Stole Relic","damage_taken":0,"relics_obtained":["TungstenRod"],"max_hp_gain":0,"max_hp_loss":0,"event_name":"Addict","floor":22,"gold_loss":0,"cards_obtained":["Pride"]}],"is_beta":false,"boss_relics":[{"not_picked":["Runic Pyramid","Philosopher\u0027s Stone"],"picked":"Cursed Key"}],"items_purged_floors":[14],"is_endless":false,"potions_floor_spawned":[2,11,15,16,23],"killed_by":"SI_MIRROR_ARCHETYPE","ascension_level":0}}