{"host":"fj5i6t4nkss7815d","time":1612400074,"event":{"mods":["AchievementEnabler","BaseMod","Minty Spire (QoL Compilation)","Quick Restart","Relic Stats"],"gold_per_floor":[117,267,342,342,54,79,79,94,175,100,15,45,56,66,66,66,66],"floor_reached":16,"language":"ENG","playtime":445,"items_purged":["Regret"],"score":316,"play_id":"1cdc5c3f-de61-41cd-8cc1-eab4c76608db","local_time":"20210203165434","is_ascension_mode":true,"campfire_choices":[{"data":"Eruption","floor":15.0,"key":"SMITH"}],"circlet_count":0,"master_deck":["AscendersBane","Strike_P","Strike_P","Strike_P","Strike_P","Defend_P","Defend_P","Defend_P","Defend_P","Eruption+1","Vigilance","WindmillStrike","Protect","BowlingBash","Ragnarok"],"relics":["PureWater","NeowsBlessing","Art of War","Membership Card","Blood Vial","Shuriken","Gremlin Horn","ClockworkSouvenir","Tiny Chest"],"acts_visited":["Exordium"],"potions_floor_usage":[16],"damage_taken":[{"damage":0.0,"enemies":"2 Louse","floor":1.0,"turns":2.0},{"damage":0.0,"enemies":"Gremlin Nob","floor":6.0,"turns":1.0},{"damage":0.0,"enemies":"Jaw Worm","floor":8.0,"turns":1.0},{"damage":0.0,"enemies":"Lagavulin","floor":12.0,"turns":5.0},{"damage":0.0,"enemies":"Small Slimes","floor":13.0,"turns":3.0},{"damage":9.0,"enemies":"Blue Slaver","floor":14.0,"turns":4.0},{"damage":38,"enemies":"Hexaghost","floor":16,"turns":9}],"seed_played":"4023625074071599839","potions_obtained":[{"floor":6.0,"key":"Swift Potion"},{"floor":8.0,"key":"PowerPotion"},{"floor":12.0,"key":"Swift Potion"},{"floor":14.0,"key":"Explosive Potion"}],"is_trial":false,"path_per_floor":["M","?","?","?","$","E","$","M","T","?","$","E","M","M","R","B"],"character_chosen":"WATCHER","items_purchased":["Membership Card","Blood Vial","ClockworkSouvenir"],"campfire_rested":0,"item_purchase_floors":[5,5,11],"current_hp_per_floor":[61,61,50,50,50,52,52,54,54,54,54,56,58,51,51,15,15],"gold":66,"neow_bonus":"THREE_ENEMY_KILL","is_daily":false,"chose_seed":false,"campfire_upgraded":1,"win_rate":0.0,"timestamp":1612400074,"path_taken":["M","?","?","?","$","E","?","?","T","?","$","E","M","M","R","BOSS"],"items_purchased_type":["Relic","Relic","Relic"],"build_version":"2020-12-22","purchased_purges":1,"victory":false,"max_hp_per_floor":[68,68,68,68,68,68,68,68,68,68,68,68,68,68,68,68,68],"relic_stats":{"Blood Vial":12,"Gremlin Horn":[1,1],"counters":[7,25],"Shuriken":[3],"Tiny Chest":0,"Art of War":[4],"obtain_stats":[{"Blood Vial":5,"NeowsBlessing":0,"Gremlin Horn":9,"Shuriken":6,"Tiny Chest":12,"Art of War":4,"Membership Card":5,"PureWater":0,"ClockworkSouvenir":11},{"Blood Vial":1,"NeowsBlessing":0,"Gremlin Horn":3,"Shuriken":2,"Tiny Chest":4,"Art of War":1,"Membership Card":1,"PureWater":0,"ClockworkSouvenir":3},{"Blood Vial":2,"NeowsBlessing":0,"Gremlin Horn":4,"Shuriken":3,"Tiny Chest":9,"Art of War":2,"Membership Card":2,"PureWater":0,"ClockworkSouvenir":4}]},"card_choices":[{"not_picked":["Protect","WreathOfFlame"],"picked":"WindmillStrike","floor":1.0},{"not_picked":["Crescendo","Study"],"picked":"Protect","floor":6.0},{"not_picked":["CutThroughFate","DeceiveReality"],"picked":"BowlingBash","floor":8.0},{"not_picked":["Protect","FlyingSleeves"],"picked":"Ragnarok","floor":12.0},{"not_picked":["FlyingSleeves","Collect","ClearTheMind"],"picked":"SKIP","floor":13.0},{"not_picked":["Protect","BowlingBash","ClearTheMind"],"picked":"SKIP","floor":14.0}],"player_experience":1013294,"relics_obtained":[{"floor":6.0,"key":"Shuriken"},{"floor":9.0,"key":"Gremlin Horn"},{"floor":12.0,"key":"Tiny Chest"}],"event_choices":[{"damage_healed":0.0,"max_hp_gain":0.0,"max_hp_loss":0.0,"gold_gain":150.0,"event_name":"Liars Game","player_choice":"AGREE","floor":2.0,"gold_loss":0.0,"damage_taken":0.0,"cards_obtained":["Doubt"]},{"damage_healed":0.0,"max_hp_gain":0.0,"max_hp_loss":0.0,"gold_gain":75.0,"event_name":"World of Goop","player_choice":"Gather Gold","floor":3.0,"gold_loss":0.0,"damage_taken":11.0},{"damage_healed":0.0,"max_hp_gain":0.0,"max_hp_loss":0.0,"gold_gain":0.0,"event_name":"Big Fish","player_choice":"Box","floor":4.0,"gold_loss":0.0,"damage_taken":0.0,"relics_obtained":["Art of War"],"cards_obtained":["Regret"]},{"cards_removed":["Doubt"],"damage_healed":0.0,"max_hp_gain":0.0,"max_hp_loss":0.0,"gold_gain":0.0,"event_name":"The Cleric","player_choice":"Card Removal","floor":10.0,"gold_loss":75.0,"damage_taken":0.0}],"is_beta":false,"boss_relics":[],"items_purged_floors":[5],"is_endless":false,"potions_floor_spawned":[6,8,12,14],"killed_by":"Hexaghost","ascension_level":20}}