{"host":"928gv66myv2vlnsd","time":1612399174,"event":{"mods":["BaseMod","Highlight Path","Minty Spire (QoL Compilation)","StSLib"],"gold_per_floor":[116,129,144,40,57,85,85,104,149,149,149],"floor_reached":10,"language":"ENG","playtime":669,"items_purged":[],"score":140,"play_id":"af05ba4c-cf21-4686-bbd4-145d2965d2ef","local_time":"20210203193934","is_ascension_mode":true,"campfire_choices":[{"floor":7,"key":"REST"}],"circlet_count":0,"master_deck":["AscendersBane","Strike_R","Strike_R","Strike_R","Strike_R","Strike_R","Defend_R","Defend_R","Defend_R","Defend_R","Bash","Corruption","Pummel","True Grit","Inflame","Fire Breathing","Warcry+1","Sentinel+1","Spot Weakness","Sentinel"],"relics":["Burning Blood","War Paint","PreservedInsect"],"acts_visited":["Exordium"],"potions_floor_usage":[6],"damage_taken":[{"damage":13,"enemies":"Cultist","floor":1,"turns":5},{"damage":26,"enemies":"Jaw Worm","floor":2,"turns":5},{"damage":11,"enemies":"2 Louse","floor":3,"turns":4},{"damage":12,"enemies":"Blue Slaver","floor":5,"turns":4},{"damage":16,"enemies":"3 Sentries","floor":6,"turns":6},{"damage":18,"enemies":"3 Louse","floor":8,"turns":4},{"damage":32,"enemies":"Gremlin Nob","floor":10,"turns":3}],"seed_played":"-3204477155454357859","potions_obtained":[{"floor":1,"key":"HeartOfIron"},{"floor":6,"key":"CultistPotion"},{"floor":8,"key":"SpeedPotion"}],"is_trial":false,"path_per_floor":["M","M","M","$","M","E","R","M","T","E"],"character_chosen":"IRONCLAD","items_purchased":["Fire Breathing","Warcry"],"campfire_rested":1,"item_purchase_floors":[4,4],"current_hp_per_floor":[61,41,36,36,30,20,40,28,28,0,0],"gold":149,"neow_bonus":"THREE_RARE_CARDS","is_daily":false,"chose_seed":false,"campfire_upgraded":0,"win_rate":0.0,"timestamp":1612399174,"path_taken":["M","M","M","?","M","E","R","M","T","E"],"items_purchased_type":["Card","Card"],"build_version":"2020-12-22","purchased_purges":0,"victory":false,"max_hp_per_floor":[68,68,68,68,68,68,68,68,68,68,68],"card_choices":[{"not_picked":["Limit Break","Offering"],"picked":"Corruption","floor":0},{"not_picked":["Shrug It Off","Pommel Strike"],"picked":"Pummel","floor":1},{"not_picked":["Pommel Strike","Twin Strike"],"picked":"True Grit","floor":2},{"not_picked":["Rupture","Perfected Strike"],"picked":"Inflame","floor":3},{"not_picked":["True Grit","Hemokinesis"],"picked":"Sentinel","floor":5},{"not_picked":["True Grit","Inflame"],"picked":"Spot Weakness","floor":6},{"not_picked":["Perfected Strike","Body Slam"],"picked":"Sentinel","floor":8}],"player_experience":1437659,"relics_obtained":[{"floor":6,"key":"War Paint"},{"floor":9,"key":"PreservedInsect"}],"event_choices":[],"is_beta":false,"boss_relics":[],"items_purged_floors":[],"is_endless":false,"potions_floor_spawned":[1,6,8],"killed_by":"Gremlin Nob","ascension_level":20}}