{"host":"b9id4afcchnn1rfb","time":1612447799,"event":{"mods":["Act Like it!","BaseMod","Better Note","Colored Map","Colored Powertips","Hallownest","Hermit","Infinite Spire","Minty Spire (QoL Compilation)","StSLib","SuperFastMode","The Death Knight","The Necromancer"],"gold_per_floor":[116,116,146,146,166,166,166,166,191,226,240,240,259,269,269,367,367,380,17,32,32,32,32,57,57,57,57,86,86,86,105,105,204,204,222,222,238,513,532,532,551,551,576,607,607,652,652,654,654,666,666],"floor_reached":50,"language":"ENG","playtime":1286,"items_purged":["Defend_B"],"score":861,"play_id":"e35ed585-5832-4dd1-8235-858d3c2d8cdf","local_time":"20210204150959","is_ascension_mode":true,"campfire_choices":[{"data":"Defragment","floor":6,"key":"SMITH"},{"data":"Go for the Eyes","floor":8,"key":"SMITH"},{"data":"Self Repair","floor":12,"key":"SMITH"},{"data":"Beam Cell","floor":15,"key":"SMITH"},{"data":"Loop","floor":23,"key":"SMITH"},{"floor":27,"key":"RECALL"},{"data":"Chill","floor":29,"key":"SMITH"},{"data":"Creative AI","floor":32,"key":"SMITH"},{"floor":40,"key":"REST"},{"data":"Buffer","floor":42,"key":"SMITH"},{"floor":45,"key":"REST"},{"data":"infinitespire:UltimateForm","floor":49,"key":"SMITH"}],"circlet_count":0,"master_deck":["AscendersBane","Strike_B","Strike_B","Strike_B","Defend_B","Defend_B","Defend_B","Zap","Dualcast","Go for the Eyes+1","Meteor Strike","Sweeping Beam","Defragment+1","Self Repair+1","Cold Snap","Beam Cell+1","Storm","Creative AI+1","Loop+1","Undo","Chill+1","Glacier","Compile Driver","Buffer+1","Coolheaded","Stack","infinitespire:UltimateForm+1"],"relics":["Cracked Core","NeowsBlessing","Bronze Scales","infinitespire:PuzzleCube","Omamori","Sozu","Membership Card","Incense Burner","WarpedTongs","Du-Vu Doll","Hallownest:NailmastersGloryRelic","Juzu Bracelet","Anchor","Mango","Black Star","MealTicket","infinitespire:Midas Blood","infinitespire:Bottled Soul","Centennial Puzzle","infinitespire:Eraser"],"acts_visited":["Exordium","Hallownest:Greenpath","TheBeyond"],"potions_floor_usage":[10,16,50],"damage_taken":[{"damage":0,"enemies":"2_ Uuma","floor":1,"turns":1},{"damage":0,"enemies":"Hallownest:eliteVengeflyKing","floor":3,"turns":1},{"damage":0,"enemies":"Hallownest:monsterHuskGuard","floor":5,"turns":1},{"damage":17,"enemies":"Hallownest:eliteVengeflyKing","floor":10,"turns":5},{"damage":2,"enemies":"Hallownest:2_Baldur","floor":11,"turns":3},{"damage":6,"enemies":"Hallownest:Wandering_and_Horned","floor":13,"turns":4},{"damage":1,"enemies":"Hallownest:monsterAspidMother","floor":14,"turns":5},{"damage":46,"enemies":"Hallownest:BossBrokenVessel","floor":16,"turns":10},{"damage":9,"enemies":"Hallownest:3_Youths","floor":18,"turns":6},{"damage":19,"enemies":"Hallownest:Guard_and_Sentry","floor":20,"turns":3},{"damage":9,"enemies":"Hallownest:eliteSoulWarrior","floor":24,"turns":5},{"damage":0,"enemies":"Hallownest:Nosk","floor":28,"turns":6},{"damage":2,"enemies":"Hallownest:2_Flukemon","floor":31,"turns":5},{"damage":43,"enemies":"Hallownest:BossGrimm","floor":33,"turns":9},{"damage":0,"enemies":"Orb Walker","floor":35,"turns":3},{"damage":25,"enemies":"3 Darklings","floor":37,"turns":7},{"damage":37,"enemies":"4 Shapes","floor":39,"turns":6},{"damage":22,"enemies":"Sphere and 2 Shapes","floor":41,"turns":5},{"damage":32,"enemies":"Reptomancer","floor":44,"turns":8},{"damage":68,"enemies":"Nemesis","floor":46,"turns":7},{"damage":77,"enemies":"Donu and Deca","floor":50,"turns":9}],"seed_played":"533592826512940138","potions_obtained":[{"floor":1,"key":"Regen Potion"},{"floor":5,"key":"FocusPotion"},{"floor":13,"key":"Regen Potion"}],"is_trial":false,"path_per_floor":["M","?","?","T","M","R","?","R","T","E","M","R","M","M","R","B",null,"M","$","M","?","?","R","E","?","T","R","E","R","T","M","R","B",null,"M","?","M","?","M","R","M","R","T","E","R","E","?","?","R","B"],"character_chosen":"DEFECT","items_purchased":["Loop","Membership Card","Incense Burner"],"campfire_rested":2,"item_purchase_floors":[19,19,19],"current_hp_per_floor":[68,68,68,68,68,68,59,59,59,42,47,47,41,50,50,23,62,63,63,54,54,54,54,55,55,55,55,65,65,79,87,87,54,80,89,89,74,74,47,73,61,61,61,49,75,17,82,63,63,0,0],"gold":666,"neow_bonus":"THREE_ENEMY_KILL","is_daily":false,"chose_seed":false,"campfire_upgraded":9,"win_rate":0.0,"timestamp":1612447799,"path_taken":["M","?","?","?","M","R","?","R","T","E","M","R","M","M","R","BOSS","M","$","M","?","?","R","E","?","T","R","E","R","?","M","R","BOSS","M","?","M","?","M","R","M","R","T","E","R","E","?","?","R","BOSS"],"items_purchased_type":["Card","Relic","Relic"],"build_version":"2020-12-22","purchased_purges":1,"victory":false,"max_hp_per_floor":[75,75,75,75,75,75,75,75,75,75,75,75,75,75,75,75,75,75,75,75,75,75,75,75,75,75,75,75,75,89,89,89,89,89,89,89,89,89,89,89,89,89,89,89,89,89,82,82,82,82,82],"card_choices":[{"not_picked":["Melter","Genetic Algorithm"],"picked":"Go for the Eyes","floor":1},{"not_picked":["BootSequence","Static Discharge"],"picked":"Sweeping Beam","floor":3},{"not_picked":["Cold Snap","Auto Shields"],"picked":"Defragment","floor":5},{"not_picked":["Amplify","Darkness"],"picked":"Self Repair","floor":10},{"not_picked":["Fusion","Steam"],"picked":"Cold Snap","floor":11},{"not_picked":["Static Discharge","Sweeping Beam"],"picked":"Beam Cell","floor":13},{"not_picked":["Stack","Cold Snap"],"picked":"Storm","floor":14},{"not_picked":["Multi-Cast","Hyperbeam"],"picked":"Creative AI","floor":16},{"not_picked":["Auto Shields","Turbo","Beam Cell+1"],"picked":"SKIP","floor":18},{"not_picked":["Go for the Eyes+1","Steam"],"picked":"Undo","floor":20},{"not_picked":["Rip and Tear+1","Machine Learning"],"picked":"Chill","floor":24},{"not_picked":["Sunder","Static Discharge"],"picked":"Glacier","floor":28},{"not_picked":["Rebound","Steam"],"picked":"Compile Driver","floor":31},{"not_picked":["Reboot","Multi-Cast"],"picked":"Buffer","floor":33},{"not_picked":["Rebound+1","Steam+1"],"picked":"Coolheaded","floor":35},{"not_picked":["Streamline","Glacier","Compile Driver"],"picked":"SKIP","floor":37},{"not_picked":["Glacier+1","Undo","Reprogram+1"],"picked":"SKIP","floor":39},{"not_picked":["Streamline","Coolheaded+1","Reprogram+1"],"picked":"SKIP","floor":41},{"not_picked":["Steam","Rip and Tear"],"picked":"Stack","floor":44},{"not_picked":["Doom and Gloom+1","Redo+1","Compile Driver"],"picked":"SKIP","floor":46},{"not_picked":["infinitespire:DeathsTouch","infinitespire:TheBestDefense"],"picked":"infinitespire:UltimateForm","floor":48}],"player_experience":482516,"relics_obtained":[{"floor":3,"key":"Bronze Scales"},{"floor":9,"key":"infinitespire:PuzzleCube"},{"floor":10,"key":"Omamori"},{"floor":24,"key":"Du-Vu Doll"},{"floor":26,"key":"Juzu Bracelet"},{"floor":28,"key":"Anchor"},{"floor":30,"key":"Mango"},{"floor":43,"key":"MealTicket"},{"floor":44,"key":"infinitespire:Midas Blood"},{"floor":44,"key":"infinitespire:Bottled Soul"},{"floor":46,"key":"Centennial Puzzle"},{"floor":46,"key":"infinitespire:Eraser"}],"event_choices":[{"damage_healed":0,"gold_gain":0,"player_choice":"Ignored","damage_taken":0,"max_hp_gain":0,"max_hp_loss":0,"event_name":"Tomb of Lord Red Mask","floor":36,"gold_loss":0},{"damage_healed":0,"gold_gain":275,"player_choice":"Desecrate","damage_taken":0,"max_hp_gain":0,"max_hp_loss":0,"event_name":"Golden Shrine","floor":38,"gold_loss":0,"cards_obtained":["Regret"]}],"is_beta":false,"boss_relics":[{"not_picked":["Ectoplasm","Calling Bell"],"picked":"Sozu"},{"not_picked":["Busted Crown","Snecko Eye"],"picked":"Black Star"}],"items_purged_floors":[19],"is_endless":false,"potions_floor_spawned":[1,5,13,20,24,35,41],"killed_by":"Donu and Deca","ascension_level":10}}