{"host":"xxj0bkgoog7xyy18","time":1612434284,"event":{"mods":["BaseMod","Colored Map","Colored Powertips","Downfall","Googly Eyes","Minty Spire (QoL Compilation)","StSLib"],"gold_per_floor":[99,115,132,143,143,163,163,183,83,142,153,181,81,96,109,213,213,213,224,241,251,251,251,251],"floor_reached":22,"language":"ENG","playtime":1514,"items_purged":[],"score":192,"play_id":"7fd1f634-c441-49b0-980a-33d83826dbf4","local_time":"20210204032444","is_ascension_mode":false,"campfire_choices":[{"floor":1,"key":"RECALL"},{"data":"Slimebound:ItLooksTasty","floor":9,"key":"SMITH"},{"data":"1","floor":13,"key":"LIFT"},{"data":"2","floor":18,"key":"LIFT"}],"circlet_count":0,"master_deck":["Slimebound:Strike_Slimebound","Slimebound:Strike_Slimebound","Slimebound:Strike_Slimebound","Slimebound:Defend_Slimebound","Slimebound:Defend_Slimebound","Slimebound:Defend_Slimebound","Slimebound:Split+1","Slimebound:CorrosiveSpit","Slimebound:LeechEnergy","Slimebound:AcidTongue","Slimebound:SpikyOuterGoop","Slimebound:HauntingLick","Slimebound:ItLooksTasty+1","Slimebound:RejuvenatingLick","Slimebound:LeechingTouch","Slimebound:Schlurp","Slimebound:OozeBath","Slimebound:GoopSpray","Slimebound:Replication"],"relics":["Slimebound:AbsorbEndCombat","Bag of Preparation","downfall:HeartBlessingBlue","Girya","Akabeko","downfall:HeartBlessingRed","Empty Cage"],"acts_visited":["Exordium","TheCity"],"potions_floor_usage":[12],"damage_taken":[{"damage":12,"enemies":"Small Slimes","floor":2,"turns":4},{"damage":6,"enemies":"Jaw Worm","floor":3,"turns":3},{"damage":11,"enemies":"2 Louse","floor":4,"turns":3},{"damage":9,"enemies":"2 Fungi Beasts","floor":6,"turns":5},{"damage":10,"enemies":"Blue Slaver","floor":8,"turns":4},{"damage":28,"enemies":"3 Sentries","floor":10,"turns":10},{"damage":13,"enemies":"Lots of Slimes","floor":11,"turns":3},{"damage":2,"enemies":"Gremlin Nob","floor":12,"turns":4},{"damage":5,"enemies":"Large Slime","floor":14,"turns":3},{"damage":0,"enemies":"Exordium Thugs","floor":15,"turns":3},{"damage":34,"enemies":"DF_ARCHETYPE_STREAMLINE","floor":16,"turns":9},{"damage":16,"enemies":"Shell Parasite","floor":19,"turns":4},{"damage":27,"enemies":"Snecko","floor":20,"turns":5},{"damage":19,"enemies":"Sentry and Sphere","floor":21,"turns":6},{"damage":47,"enemies":"Cultist and Chosen","floor":22,"turns":5}],"seed_played":"-6452773056396278741","potions_obtained":[{"floor":3,"key":"Slimebound:SlimedPotion"},{"floor":6,"key":"SteroidPotion"},{"floor":8,"key":"DuplicationPotion"},{"floor":16,"key":"SteroidPotion"}],"is_trial":false,"path_per_floor":["R","M","M","M","?","M","T","M","R","?","M","E","R","M","M","B",null,"R","M","M","M","M"],"character_chosen":"SLIMEBOUND","items_purchased":[],"campfire_rested":0,"item_purchase_floors":[],"current_hp_per_floor":[65,55,53,46,46,43,43,41,51,31,26,30,30,31,37,11,75,75,65,44,33,0,0,0],"gold":251,"neow_bonus":"RANDOM_COMMON_RELIC","is_daily":false,"chose_seed":false,"campfire_upgraded":1,"win_rate":0.0,"timestamp":1612434284,"path_taken":["R","M","M","M","?","M","T","M","R","?","M","E","R","M","M","BOSS","R","M","M","M","M"],"items_purchased_type":[],"build_version":"2020-12-22","purchased_purges":0,"victory":false,"max_hp_per_floor":[65,65,65,65,65,65,65,65,75,75,75,75,75,75,75,75,75,75,75,75,75,75,75,75],"card_choices":[{"not_picked":["Slimebound:SlimeTap","Slimebound:BestDefense"],"picked":"Slimebound:LeechEnergy","floor":2},{"not_picked":["Slimebound:Prepare","Slimebound:DisruptingSlam"],"picked":"Slimebound:AcidTongue","floor":3},{"not_picked":["Slimebound:Chomp","Slimebound:TongueLash"],"picked":"Slimebound:SpikyOuterGoop","floor":4},{"not_picked":["Slimebound:RollThrough","Slimebound:SplitAcid"],"picked":"Slimebound:HauntingLick","floor":6},{"not_picked":["Slimebound:SlimeBarrage","Slimebound:Schlurp"],"picked":"Slimebound:ItLooksTasty","floor":8},{"not_picked":["Slimebound:Dissolve","Slimebound:HauntingLick"],"picked":"Slimebound:RejuvenatingLick","floor":10},{"not_picked":["Slimebound:ViciousTackle","Slimebound:Chomp"],"picked":"Slimebound:LeechingTouch","floor":11},{"not_picked":["Slimebound:LeechingTouch","Slimebound:LivingWall"],"picked":"Slimebound:Schlurp","floor":12},{"not_picked":["Slimebound:CheckThePlaybook","Slimebound:LeechingTouch","Slimebound:GoopTackle"],"picked":"SKIP","floor":14},{"not_picked":["Slimebound:ForwardTackle","Slimebound:SplitAcid","Slimebound:RollThrough"],"picked":"SKIP","floor":15},{"not_picked":["Slimebound:MinionMaster","Slimebound:SlimeSlap"],"picked":"Slimebound:OozeBath","floor":16},{"not_picked":["Slimebound:AcidTongue","Slimebound:LivingWall"],"picked":"Slimebound:GoopSpray","floor":19},{"not_picked":["Slimebound:ComboTackle+1","Slimebound:FormOfPuddle","Slimebound:GoopTackle"],"picked":"SKIP","floor":20},{"not_picked":["Slimebound:ViciousTackle","Slimebound:DivideAndConquer"],"picked":"Slimebound:Replication","floor":21}],"player_experience":192356,"relics_obtained":[{"floor":10,"key":"Girya"},{"floor":12,"key":"Akabeko"}],"event_choices":[{"damage_healed":0,"gold_gain":0,"player_choice":"Grow","damage_taken":0,"max_hp_gain":0,"max_hp_loss":0,"event_name":"Living Wall","floor":5,"gold_loss":0,"cards_upgraded":["Slimebound:Split"]}],"is_beta":false,"boss_relics":[{"not_picked":["Tiny House","Fusion Hammer"],"picked":"Empty Cage"}],"items_purged_floors":[],"is_endless":false,"potions_floor_spawned":[3,6,8,10,11,16,21],"killed_by":"Cultist and Chosen","ascension_level":0}}