{"host":"6q6idgl71g9ab7at","time":1612424567,"event":{"mods":["BaseMod","Minty Spire (QoL Compilation)","StSLib","SuperFastMode"],"gold_per_floor":[116,216,236,74,90,101,101,115,189,114,134,147,147,173,173,268,268,284,302,302,12,27,27,27],"floor_reached":23,"language":"KOR","playtime":571,"items_purged":["Strike_R","Strike_R"],"score":354,"play_id":"83da1306-6978-4d55-8deb-eda852c8a8d0","local_time":"20210204164247","is_ascension_mode":true,"campfire_choices":[{"data":"Dual Wield","floor":7.0,"key":"SMITH"},{"data":"Bloodletting","floor":13.0,"key":"SMITH"},{"data":"Bash","floor":15.0,"key":"SMITH"}],"circlet_count":0,"master_deck":["Strike_R","Strike_R","Strike_R","Defend_R","Defend_R","Defend_R","Defend_R","Bash+1","Exhume","Shrug It Off","Dual Wield+1","Flash of Steel","Bloodletting+1","Dropkick","Secret Weapon+1"],"relics":["Burning Blood","Toxic Egg 2","Lizard Tail","Busted Crown"],"acts_visited":["Exordium","TheCity"],"potions_floor_usage":[22,23],"damage_taken":[{"damage":0.0,"enemies":"2 Louse","floor":1.0,"turns":2.0},{"damage":6.0,"enemies":"Cultist","floor":3.0,"turns":4.0},{"damage":0.0,"enemies":"Small Slimes","floor":5.0,"turns":3.0},{"damage":9.0,"enemies":"3 Louse","floor":6.0,"turns":5.0},{"damage":7.0,"enemies":"Large Slime","floor":8.0,"turns":7.0},{"damage":6.0,"enemies":"Blue Slaver","floor":11.0,"turns":2.0},{"damage":9.0,"enemies":"Looter","floor":12.0,"turns":3.0},{"damage":42.0,"enemies":"Lagavulin","floor":14.0,"turns":8.0},{"damage":46.0,"enemies":"The Guardian","floor":16.0,"turns":9.0},{"damage":44.0,"enemies":"Spheric Guardian","floor":18.0,"turns":6.0},{"damage":14.0,"enemies":"3 Byrds","floor":19.0,"turns":5.0},{"damage":31,"enemies":"Centurion and Healer","floor":22,"turns":7},{"damage":11,"enemies":"Slavers","floor":23,"turns":1}],"seed_played":"7931410525325572938","potions_obtained":[{"floor":1.0,"key":"ColorlessPotion"},{"floor":8.0,"key":"DistilledChaos"},{"floor":12.0,"key":"Swift Potion"},{"floor":16.0,"key":"SteroidPotion"},{"floor":18.0,"key":"SkillPotion"}],"is_trial":false,"path_per_floor":["M","?","M","$","M","M","R","M","T","$","M","M","R","E","R","B",null,"M","M","?","$","M","E"],"character_chosen":"IRONCLAD","items_purchased":["Dual Wield","Flash of Steel","Secret Weapon+1"],"campfire_rested":0,"item_purchase_floors":[4,4,21],"current_hp_per_floor":[80,80,80,80,80,77,77,76,76,76,76,73,73,37,37,37,80,42,34,34,34,9,0,0],"gold":27,"neow_bonus":"ONE_RANDOM_RARE_CARD","is_daily":false,"chose_seed":false,"campfire_upgraded":3,"win_rate":0.0,"timestamp":1612424567,"path_taken":["M","?","M","$","?","M","R","M","T","$","?","M","R","E","R","BOSS","M","M","?","$","M","E"],"items_purchased_type":["Card","Card","Card"],"build_version":"2020-12-22","purchased_purges":2,"victory":false,"max_hp_per_floor":[80,80,80,80,80,80,80,80,80,80,80,80,80,80,80,80,80,80,80,80,80,80,80,80],"card_choices":[{"not_picked":["Perfected Strike","Shockwave","Havoc"],"picked":"SKIP","floor":1.0},{"not_picked":["Armaments","Flame Barrier"],"picked":"Shrug It Off","floor":3.0},{"not_picked":["Cleave","Corruption","Thunderclap"],"picked":"SKIP","floor":5.0},{"not_picked":["Entrench","Sever Soul"],"picked":"Bloodletting","floor":6.0},{"not_picked":["True Grit","Havoc"],"picked":"Dropkick","floor":8.0},{"not_picked":["Clash","Sever Soul","Armaments+1"],"picked":"SKIP","floor":11.0},{"not_picked":["Thunderclap","Anger","Shockwave+1"],"picked":"SKIP","floor":12.0},{"not_picked":["Flex+1","Combust","Anger"],"picked":"SKIP","floor":14.0},{"not_picked":["Body Slam"],"picked":"SKIP","floor":18.0},{"not_picked":["Clothesline"],"picked":"SKIP","floor":19.0},{"not_picked":["Infernal Blade+1"],"picked":"SKIP","floor":22}],"player_experience":6643,"relics_obtained":[{"floor":9.0,"key":"Toxic Egg 2"},{"floor":14.0,"key":"Lizard Tail"}],"event_choices":[{"damage_healed":0.0,"max_hp_gain":0.0,"max_hp_loss":0.0,"gold_gain":100.0,"event_name":"Golden Shrine","player_choice":"Pray","floor":2.0,"gold_loss":0.0,"damage_taken":0.0},{"damage_healed":0.0,"max_hp_gain":0.0,"max_hp_loss":0.0,"gold_gain":0.0,"event_name":"Ghosts","player_choice":"Ignored","floor":20.0,"gold_loss":0.0,"damage_taken":0.0}],"is_beta":false,"boss_relics":[{"not_picked":["Ectoplasm","Mark of Pain"],"picked":"Busted Crown"}],"items_purged_floors":[10,21],"is_endless":false,"potions_floor_spawned":[1,8,12,16,18],"killed_by":"Slavers","ascension_level":4}}