{"host":"rtw1tnr74gozsrw1","time":1612404007,"event":{"mods":["BaseMod","Colored Map","Colored Powertips","Highlight Path","Minty Spire (QoL Compilation)","StSLib","The Jungle"],"gold_per_floor":[111,211,224,11,36,70,86,53,53,53,53,79,79,79,79,175,175,195,208,228,328,328,328],"floor_reached":22,"language":"ENG","playtime":510,"items_purged":["Strike_B"],"score":260,"play_id":"716c5922-8b80-4e97-b29c-cc5399821445","local_time":"20210204030007","is_ascension_mode":true,"campfire_choices":[{"data":"Rainbow","floor":10,"key":"SMITH"},{"floor":15,"key":"REST"}],"circlet_count":0,"master_deck":["Strike_B","Strike_B","Strike_B","Defend_B","Defend_B","Defend_B","Defend_B","Zap","Dualcast","Doom and Gloom","Ball Lightning","Rainbow+1","Machine Learning","Glacier","Glacier","Capacitor+1","Electrodynamics","Defragment+1","White Noise"],"relics":["Cracked Core","NeowsBlessing","Dream Catcher","Singing Bowl","Regal Pillow","WingedGreaves","Sozu"],"acts_visited":["Exordium","TheCity"],"potions_floor_usage":[16,22],"damage_taken":[{"damage":0,"enemies":"2 Louse","floor":1,"turns":1},{"damage":0,"enemies":"Cultist","floor":3,"turns":1},{"damage":0,"enemies":"3 Sentries","floor":6,"turns":1},{"damage":5,"enemies":"Jaw Worm","floor":7,"turns":2},{"damage":25,"enemies":"Gremlin Nob","floor":12,"turns":4},{"damage":57,"enemies":"Hexaghost","floor":16,"turns":10},{"damage":17,"enemies":"Chosen","floor":18,"turns":5},{"damage":37,"enemies":"2 Thieves","floor":19,"turns":3},{"damage":23,"enemies":"Chosen and Byrds","floor":20,"turns":5},{"damage":6,"enemies":"Snake Plant","floor":22,"turns":2}],"seed_played":"3532836780554533683","potions_obtained":[{"floor":1,"key":"FearPotion"},{"floor":7,"key":"SpeedPotion"},{"floor":12,"key":"BlessingOfTheForge"}],"is_trial":false,"path_per_floor":["M","?","M","$","T","E","M","$","T","R","?","E","$","?","R","B",null,"M","M","M","?","M"],"character_chosen":"DEFECT","items_purchased":["Rainbow","Glacier"],"campfire_rested":1,"item_purchase_floors":[4,8],"current_hp_per_floor":[75,75,75,75,75,75,70,70,70,70,70,45,45,45,77,20,77,62,25,2,2,0,0],"gold":328,"neow_bonus":"THREE_ENEMY_KILL","is_daily":false,"chose_seed":false,"campfire_upgraded":1,"win_rate":0.0,"timestamp":1612404007,"path_taken":["M","?","M","$","?","E","?","?","T","R","?","E","$","?","R","BOSS","M","M","?","?","M"],"items_purchased_type":["Card","Card"],"build_version":"2020-12-22","purchased_purges":1,"victory":false,"max_hp_per_floor":[75,75,75,75,75,75,75,75,75,75,75,75,75,75,77,77,77,79,79,79,79,79,79],"card_choices":[{"not_picked":["Hello World","Steam"],"picked":"Doom and Gloom","floor":1},{"not_picked":["Compile Driver","Force Field"],"picked":"Ball Lightning","floor":3},{"not_picked":["Sweeping Beam","Coolheaded"],"picked":"Machine Learning","floor":6},{"not_picked":["Rebound","Compile Driver"],"picked":"Glacier","floor":7},{"not_picked":["Glacier","Stack"],"picked":"Capacitor","floor":12},{"not_picked":["Hyperbeam","Leap","Sunder"],"picked":"Singing Bowl","floor":15},{"not_picked":["Reboot","Echo Form"],"picked":"Electrodynamics","floor":16},{"not_picked":["Beam Cell","Hologram+1","Aggregate"],"picked":"Singing Bowl","floor":18},{"not_picked":["Compile Driver+1","Barrage"],"picked":"Defragment+1","floor":19},{"not_picked":["Tempest","Stack"],"picked":"White Noise","floor":20}],"player_experience":100710,"relics_obtained":[{"floor":5,"key":"Dream Catcher"},{"floor":6,"key":"Singing Bowl"},{"floor":9,"key":"Regal Pillow"},{"floor":12,"key":"WingedGreaves"}],"event_choices":[{"damage_healed":0,"gold_gain":100,"player_choice":"Gold","damage_taken":0,"max_hp_gain":0,"max_hp_loss":0,"event_name":"Wheel of Change","floor":2,"gold_loss":0},{"damage_healed":0,"gold_gain":0,"player_choice":"Ignored","damage_taken":0,"max_hp_gain":0,"max_hp_loss":0,"event_name":"Liars Game","floor":11,"gold_loss":0},{"damage_healed":0,"gold_gain":0,"player_choice":"Upgraded","damage_taken":0,"max_hp_gain":0,"max_hp_loss":0,"event_name":"Upgrade Shrine","floor":14,"gold_loss":0,"cards_upgraded":["Capacitor"]},{"damage_healed":0,"gold_gain":100,"player_choice":"Pray","damage_taken":0,"max_hp_gain":0,"max_hp_loss":0,"event_name":"Golden Shrine","floor":21,"gold_loss":0}],"is_beta":false,"boss_relics":[{"not_picked":["FrozenCore","SacredBark"],"picked":"Sozu"}],"items_purged_floors":[4],"is_endless":false,"potions_floor_spawned":[1,7,12,18],"killed_by":"Snake Plant","ascension_level":4}}