{"host":"drjz7zl15rqtgg20","time":1612400269,"event":{"mods":["BaseMod","Colored Map","Downfall","Minty Spire (QoL Compilation)","Permanent Neow","Quick Restart","StSLib"],"gold_per_floor":[99,110,126,126,137,168,168,68,68,100,100,10,30,42,61,163,163,63,75,89,89,101,101,101,50,85,179,179,210,210,243,253,358,358,258,268,268,75,75,75,75,75,103,28,57,74,74,90,109,109,109,137,79,79,79,79,79,79],"floor_reached":56,"language":"ENG","playtime":4053,"items_purged":["bronze:Strike","bronze:Defend","bronze:Refactor","bronze:CleanCode"],"score":890,"play_id":"03d34857-1884-4921-bb8c-0c86668b8f48","local_time":"20210203195749","is_ascension_mode":true,"campfire_choices":[{"floor":1,"key":"RECALL"},{"data":"bronze:Terminator","floor":8,"key":"SMITH"},{"data":"bronze:FollowUp","floor":11,"key":"SMITH"},{"data":"bronze:Return","floor":18,"key":"SMITH"},{"data":"bronze:CloningBeam","floor":35,"key":"SMITH"},{"data":"bronze:Shell","floor":47,"key":"SMITH"},{"floor":54,"key":"REST"}],"circlet_count":0,"master_deck":["bronze:Defend","bronze:Defend","bronze:Replicate","bronze:Goto","bronze:Flail","bronze:DelayedSlice","bronze:MaxOutput+1","bronze:Terminator+1","bronze:FollowUp+1","bronze:Return+1","bronze:ChosenStrike","bronze:Shell+1","bronze:CloningBeam+1","bronze:ForLoop+1","bronze:Backtrace","bronze:Boost+1","bronze:ThunderWave","bronze:Terminator+1","bronze:Shell+1","bronze:ChosenStrike"],"relics":["bronze:BronzeCore","Kunai","downfall:HeartBlessingRed","Letter Opener","Sozu","downfall:HeartBlessingGreen","Bottled Lightning","FossilizedHelix","Membership Card","Ornamental Fan","InkBottle","Black Star","downfall:HeartBlessingBlue","Bottled Tornado","bronze:BottledCode","Mummified Hand","Question Card","Darkstone Periapt","Bag of Marbles","Blue Candle","The Courier","bronze:ProtectiveGoggles","Anchor","DollysMirror"],"acts_visited":["TheCity","TheBeyond","TheEnding"],"potions_floor_usage":[10,12,26,56],"damage_taken":[{"damage":2,"enemies":"2 Louse","floor":2,"turns":2},{"damage":0,"enemies":"Cultist","floor":3,"turns":2},{"damage":0,"enemies":"Small Slimes","floor":5,"turns":1},{"damage":20,"enemies":"Gremlin Nob","floor":6,"turns":4},{"damage":17,"enemies":"3 Sentries","floor":10,"turns":4},{"damage":3,"enemies":"downfall:FleeingMerchant","floor":12,"turns":4},{"damage":0,"enemies":"3 Louse","floor":13,"turns":2},{"damage":0,"enemies":"2 Fungi Beasts","floor":14,"turns":1},{"damage":0,"enemies":"Blue Slaver","floor":15,"turns":2},{"damage":25,"enemies":"DF_ARCHETYPE_STREAMLINE","floor":16,"turns":6},{"damage":9,"enemies":"Shell Parasite","floor":19,"turns":3},{"damage":0,"enemies":"3 Cultists","floor":20,"turns":3},{"damage":4,"enemies":"Cultist and Chosen","floor":22,"turns":3},{"damage":0,"enemies":"downfall:FleeingMerchant","floor":25,"turns":4},{"damage":0,"enemies":"Slavers","floor":26,"turns":4},{"damage":0,"enemies":"downfall:FleeingMerchant","floor":27,"turns":4},{"damage":0,"enemies":"Book of Stabbing","floor":29,"turns":3},{"damage":9,"enemies":"Gremlin Leader","floor":31,"turns":5},{"damage":0,"enemies":"Snecko","floor":32,"turns":3},{"damage":6,"enemies":"SI_MIRROR_ARCHETYPE","floor":33,"turns":7},{"damage":3,"enemies":"Orb Walker","floor":36,"turns":3},{"damage":0,"enemies":"Reptomancer","floor":43,"turns":3},{"damage":0,"enemies":"Giant Head","floor":45,"turns":6},{"damage":0,"enemies":"3 Shapes","floor":46,"turns":1},{"damage":0,"enemies":"Sphere and 2 Shapes","floor":48,"turns":1},{"damage":0,"enemies":"Transient","floor":49,"turns":5},{"damage":4,"enemies":"IC_BLOCK_ARCHETYPE","floor":50,"turns":8},{"damage":36,"enemies":"downfall:CharBossMerchant","floor":52,"turns":8},{"damage":1,"enemies":"downfall:NeowBoss","floor":55,"turns":14},{"damage":57,"enemies":"downfall:NeowBossFinal","floor":56,"turns":8}],"seed_played":"1283037598248004938","potions_obtained":[{"floor":5,"key":"bronze:BurnAndBuffPotion"},{"floor":10,"key":"ColorlessPotion"},{"floor":14,"key":"FearPotion"},{"floor":16,"key":"hexamod:SoulburnPotion"}],"is_trial":false,"path_per_floor":["R","M","M","?","M","E","T","R","?","E","R","$","M","M","M","B",null,"R","M","M","?","M","?","T","$","E","$","?","E","?","E","M","B",null,"R","M","?","$","?","T","T","?","E","$","E","M","R","M","M","B",null,"E","$","R","B","B"],"character_chosen":"THE_AUTOMATON","items_purchased":["bronze:CloningBeam","Membership Card","bronze:Backtrace","Bottled Tornado","DollysMirror"],"campfire_rested":1,"item_purchase_floors":[25,27,27,38,53],"current_hp_per_floor":[70,68,68,68,68,48,48,48,48,31,31,28,28,28,28,3,70,70,61,61,61,57,57,57,57,57,57,57,57,57,48,48,42,70,80,77,77,77,70,70,70,70,70,70,70,70,70,70,70,66,70,34,34,55,54,0,0,0],"gold":79,"neow_bonus":"REMOVE_CARD","is_daily":false,"chose_seed":false,"campfire_upgraded":5,"win_rate":0.0,"timestamp":1612400269,"path_taken":["R","M","M","?","M","E","T","R","?","E","R","$","?","M","M","BOSS","R","M","M","?","?","?","T","?","E","$","?","E","?","E","M","BOSS","R","M","?","$","?","?","T","?","E","?","E","M","R","M","M","BOSS","E","$","R","BOSS","BOSS"],"items_purchased_type":["Card","Relic","Card","Relic","Relic"],"build_version":"2020-12-22","purchased_purges":4,"victory":false,"max_hp_per_floor":[70,70,70,70,70,70,70,70,70,70,70,70,70,70,70,70,70,70,70,70,70,70,70,70,70,70,70,70,70,70,70,70,70,70,80,80,80,80,70,70,70,70,70,70,70,70,70,70,70,70,70,70,70,70,70,70,70,70],"card_choices":[{"not_picked":["bronze:Turbo","bronze:CloningBeam"],"picked":"bronze:Flail","floor":2},{"not_picked":["bronze:BugBarrage","bronze:Iterate"],"picked":"bronze:DelayedSlice","floor":3},{"not_picked":["bronze:BugBarrage","bronze:Shield"],"picked":"bronze:MaxOutput","floor":5},{"not_picked":["bronze:Deprecate","bronze:WhirlingStrike"],"picked":"bronze:Terminator","floor":6},{"not_picked":["bronze:Invalidate","bronze:Branch"],"picked":"bronze:FollowUp","floor":10},{"not_picked":["bronze:MaxOutput","bronze:BronzeArmor"],"picked":"bronze:Return","floor":12},{"not_picked":["bronze:Constructor","bronze:Invalidate"],"picked":"bronze:Refactor","floor":13},{"not_picked":["bronze:Shield","bronze:BuggyMess"],"picked":"bronze:ShipIt","floor":14},{"not_picked":["bronze:BuggyMess","bronze:Allocate"],"picked":"bronze:ChosenStrike","floor":15},{"not_picked":["bronze:Turbo","bronze:Branch"],"picked":"bronze:Shell","floor":19},{"not_picked":["bronze:Return","bronze:BronzeArmor","bronze:DelayedSlice"],"picked":"SKIP","floor":20},{"not_picked":["bronze:BitShift","bronze:Virus","bronze:BugBarrage"],"picked":"SKIP","floor":22},{"not_picked":["bronze:OilSpill","bronze:DelayedGuard+1","bronze:BugBarrage+1"],"picked":"SKIP","floor":25},{"not_picked":["bronze:FineTuning","bronze:Terminator+1"],"picked":"bronze:ForLoop+1","floor":26},{"not_picked":["bronze:NullPointer","bronze:OilSpill","bronze:Branch"],"picked":"SKIP","floor":27},{"not_picked":["bronze:OilSpill+1","bronze:Virus","bronze:DelayedSlice+1"],"picked":"SKIP","floor":29},{"not_picked":["bronze:FollowUp","bronze:FindAndReplace"],"picked":"bronze:Boost+1","floor":31},{"not_picked":["bronze:Iterate","bronze:Flail","bronze:BugBarrage"],"picked":"SKIP","floor":32},{"not_picked":["bronze:RecursiveStrike","bronze:TinkerersToolbox"],"picked":"bronze:ThunderWave","floor":33},{"not_picked":["bronze:Repulsor","bronze:Allocate"],"picked":"bronze:Terminator+1","floor":36},{"not_picked":["bronze:WhirlingStrike+1","bronze:Refactor","bronze:BronzeOrb+1","bronze:Optimize"],"picked":"SKIP","floor":43},{"not_picked":["bronze:Break","bronze:Shield+1","bronze:ThunderWave","bronze:CloningBeam"],"picked":"SKIP","floor":45},{"not_picked":["bronze:FineTuning","bronze:Separator+1","bronze:Backtrace","bronze:Shield+1"],"picked":"SKIP","floor":46},{"not_picked":["bronze:ChosenStrike+1","bronze:Iterate+1","bronze:Invalidate"],"picked":"bronze:Shell+1","floor":48},{"not_picked":["bronze:BitShift+1","bronze:Separator+1","bronze:AlphaBuild","bronze:Backtrace"],"picked":"SKIP","floor":49},{"not_picked":["bronze:Turbo","bronze:ChosenStrike","bronze:BronzeArmor","bronze:Return"],"picked":"SKIP","floor":52}],"player_experience":659149,"relics_obtained":[{"floor":6,"key":"Kunai"},{"floor":10,"key":"Letter Opener"},{"floor":24,"key":"Bottled Lightning"},{"floor":26,"key":"FossilizedHelix"},{"floor":29,"key":"Ornamental Fan"},{"floor":31,"key":"InkBottle"},{"floor":40,"key":"Mummified Hand"},{"floor":41,"key":"Question Card"},{"floor":43,"key":"Darkstone Periapt"},{"floor":43,"key":"Bag of Marbles"},{"floor":45,"key":"Blue Candle"},{"floor":45,"key":"The Courier"},{"floor":52,"key":"bronze:ProtectiveGoggles"},{"floor":52,"key":"Anchor"}],"event_choices":[{"cards_removed":["bronze:Strike"],"damage_healed":0,"gold_gain":0,"player_choice":"Card Removal","damage_taken":0,"max_hp_gain":0,"max_hp_loss":0,"event_name":"The Cleric","floor":4,"gold_loss":0},{"damage_healed":0,"gold_gain":0,"player_choice":"Got Potions","damage_taken":0,"max_hp_gain":0,"max_hp_loss":0,"event_name":"Lab","floor":21,"gold_loss":0},{"cards_removed":["bronze:ShipIt"],"damage_healed":0,"gold_gain":0,"player_choice":"Removed Attack","damage_taken":0,"max_hp_gain":0,"max_hp_loss":0,"event_name":"Falling","floor":37,"gold_loss":0}],"is_beta":false,"boss_relics":[{"not_picked":["Fusion Hammer","SlaversCollar"],"picked":"Sozu"},{"not_picked":["Philosopher\u0027s Stone","Snecko Eye"],"picked":"Black Star"}],"items_purged_floors":[12,27,38,44],"is_endless":false,"potions_floor_spawned":[5,10,14,16,20,29,32,33,36,46,49,52],"killed_by":"downfall:NeowBossFinal","ascension_level":1}}