{"host":"jpcy2bclvs7juczu","time":1612408387,"event":{"mods":["Alarm Clock","BaseMod","Bestiary","Block Reminder","Colored Map","Colored Powertips","Curses Come First","Dark Map","Filter the Spire","Minty Spire (QoL Compilation)","Quick Restart","RNG Fix","Relic Stats","Slay the Relics Exporter","Smile Girya","StSLib","everything is the same but u backflip on backflip","ojb\u0027s Better Paths Mod","ojb\u0027s Info Mod","slay the spire mod where everything is the same but ironclad has a cowboy hat"],"gold_per_floor":[110,54,54,69,80,80,409,409,409,40,54,74,108,132,132,222,222,240,263,263,279,12,12,12,50,73,92,112,151,151,165,165,259,259,282,282,32,32,48,82,107,148,171,35,51,51,84,98,98,98,98],"floor_reached":50,"language":"ENG","playtime":3031,"items_purged":["Strike_P","Pain"],"score":1268,"play_id":"3d464c00-f453-4b7f-b8d1-220e4a0bce9e","local_time":"20210203221307","is_ascension_mode":true,"campfire_choices":[{"data":"Blasphemy","floor":6,"key":"SMITH"},{"data":"CrushJoints","floor":15,"key":"SMITH"},{"data":"Secret Technique","floor":23,"key":"SMITH"},{"floor":30,"key":"REST"},{"floor":32,"key":"REST"},{"floor":49,"key":"RECALL"}],"circlet_count":0,"master_deck":["AscendersBane","Strike_P","Defend_P","Defend_P","Defend_P","Defend_P","Eruption","Vigilance","Blasphemy+1","Sanctity","EmptyFist","CrushJoints+1","Tantrum","Wireheading","WheelKick","EmptyFist","Protect","FlurryOfBlows","Vault","Meditate+1","Conclude","Vengeance","EmptyBody","EmptyBody","Secret Technique+1","EmptyMind","Fasting2","Injury","CutThroughFate","Weave","ReachHeaven","DeusExMachina","ThirdEye","WaveOfTheHand","Scrawl","FlyingSleeves","MentalFortress","BowlingBash","CutThroughFate+1","Wallop","Wish","Ragnarok","EmptyBody+1"],"relics":["PureWater","Du-Vu Doll","Old Coin","Golden Idol","Calipers","OrangePellets","Smiling Mask","Cursed Key","Dream Catcher","Damaru","Lantern","Runic Pyramid","Bag of Preparation","Strawberry","Boot","Sundial"],"acts_visited":["Exordium","TheCity","TheBeyond"],"potions_floor_usage":[12,16,16,25,29,29,33,42,45,47,50],"damage_taken":[{"damage":0,"enemies":"Small Slimes","floor":1,"turns":2},{"damage":2,"enemies":"2 Louse","floor":4,"turns":5},{"damage":0,"enemies":"Jaw Worm","floor":5,"turns":1},{"damage":32,"enemies":"3 Sentries","floor":7,"turns":10},{"damage":0,"enemies":"2 Fungi Beasts","floor":11,"turns":2},{"damage":2,"enemies":"Red Slaver","floor":12,"turns":2},{"damage":0,"enemies":"Gremlin Nob","floor":13,"turns":2},{"damage":0,"enemies":"Lots of Slimes","floor":14,"turns":2},{"damage":4,"enemies":"The Guardian","floor":16,"turns":7},{"damage":2,"enemies":"Chosen","floor":18,"turns":3},{"damage":0,"enemies":"Spheric Guardian","floor":19,"turns":3},{"damage":0,"enemies":"Snecko","floor":21,"turns":3},{"damage":19,"enemies":"Book of Stabbing","floor":25,"turns":3},{"damage":0,"enemies":"3 Cultists","floor":27,"turns":3},{"damage":6,"enemies":"Snake Plant","floor":28,"turns":2},{"damage":8,"enemies":"Slavers","floor":29,"turns":5},{"damage":16,"enemies":"Centurion and Healer","floor":31,"turns":4},{"damage":11,"enemies":"Champ","floor":33,"turns":5},{"damage":0,"enemies":"3 Shapes","floor":35,"turns":3},{"damage":0,"enemies":"Orb Walker","floor":39,"turns":3},{"damage":24,"enemies":"Reptomancer","floor":40,"turns":5},{"damage":10,"enemies":"3 Darklings","floor":41,"turns":5},{"damage":2,"enemies":"Nemesis","floor":42,"turns":5},{"damage":15,"enemies":"Jaw Worm Horde","floor":45,"turns":3},{"damage":1,"enemies":"Giant Head","floor":47,"turns":5},{"damage":6,"enemies":"Writhing Mass","floor":48,"turns":4},{"damage":18,"enemies":"Awakened One","floor":50,"turns":2}],"seed_played":"-7239224053583796431","potions_obtained":[{"floor":1,"key":"BlessingOfTheForge"},{"floor":7,"key":"Block Potion"},{"floor":12,"key":"StancePotion"},{"floor":14,"key":"SpeedPotion"},{"floor":16,"key":"SneckoOil"},{"floor":19,"key":"LiquidMemories"},{"floor":25,"key":"SpeedPotion"},{"floor":27,"key":"AttackPotion"},{"floor":29,"key":"Swift Potion"},{"floor":35,"key":"Swift Potion"},{"floor":41,"key":"SmokeBomb"},{"floor":42,"key":"Energy Potion"},{"floor":47,"key":"ColorlessPotion"}],"is_trial":false,"path_per_floor":["M","?","?","M","M","R","E","?","T","$","M","M","E","M","R","B",null,"M","M","?","M","$","R","?","E","T","M","M","E","R","M","R","B",null,"M","?","$","?","M","E","M","E","T","$","M","T","E","M","R","B"],"character_chosen":"WATCHER","items_purchased":["OrangePellets","Wireheading","WheelKick","Secret Technique","EmptyMind","Bag of Preparation","MentalFortress","DistilledChaos"],"campfire_rested":2,"item_purchase_floors":[10,10,10,22,22,37,37,44],"current_hp_per_floor":[43,43,48,46,46,46,14,14,14,14,14,12,12,12,12,8,52,50,50,50,50,50,50,50,31,31,31,25,17,36,20,39,28,57,57,57,57,57,57,40,30,28,28,28,13,13,12,6,6,0,0],"gold":98,"neow_bonus":"THREE_RARE_CARDS","is_daily":false,"chose_seed":false,"campfire_upgraded":3,"win_rate":0.0,"timestamp":1612408387,"path_taken":["M","?","?","M","M","R","E","?","T","$","M","?","E","M","R","BOSS","M","M","?","M","$","R","?","E","T","?","M","E","R","M","R","BOSS","M","?","$","?","M","E","M","E","T","$","M","?","E","?","R","BOSS"],"items_purchased_type":["Relic","Card","Card","Card","Card","Relic","Card","Potion"],"build_version":"2020-12-22","purchased_purges":2,"victory":false,"max_hp_per_floor":[68,68,73,73,73,73,73,66,66,66,66,66,66,66,66,66,66,66,66,66,66,66,66,66,66,66,66,66,66,66,66,66,66,66,66,66,66,63,63,70,70,70,70,70,70,70,70,70,70,70,70],"relic_stats":{"OrangePellets":[7],"Dream Catcher":2,"counters":[27,99],"Golden Idol":136,"Sundial":[0],"Bag of Preparation":[16],"Smiling Mask":50,"Cursed Key":2,"Boot":[7],"obtain_stats":[{"Lantern":29,"Calipers":9,"Golden Idol":8,"Damaru":26,"Bag of Preparation":37,"Smiling Mask":13,"Cursed Key":17,"Boot":42,"Old Coin":7,"Du-Vu Doll":2,"OrangePellets":10,"Dream Catcher":25,"Sundial":47,"Strawberry":40,"PureWater":0,"Runic Pyramid":34},{"Lantern":16,"Calipers":4,"Golden Idol":4,"Damaru":13,"Bag of Preparation":19,"Smiling Mask":7,"Cursed Key":9,"Boot":23,"Old Coin":4,"Du-Vu Doll":1,"OrangePellets":4,"Dream Catcher":13,"Sundial":25,"Strawberry":21,"PureWater":0,"Runic Pyramid":18},{"Lantern":55,"Calipers":18,"Golden Idol":18,"Damaru":45,"Bag of Preparation":67,"Smiling Mask":24,"Cursed Key":33,"Boot":85,"Old Coin":18,"Du-Vu Doll":2,"OrangePellets":18,"Dream Catcher":45,"Sundial":93,"Strawberry":75,"PureWater":0,"Runic Pyramid":64}]},"card_choices":[{"not_picked":["MasterReality","Alpha"],"picked":"Blasphemy","floor":0},{"not_picked":["Perseverance","Pray"],"picked":"Sanctity","floor":1},{"not_picked":["Halt","ReachHeaven"],"picked":"EmptyFist","floor":4},{"not_picked":["PathToVictory","InnerPeace"],"picked":"CrushJoints","floor":5},{"not_picked":["PathToVictory","SignatureMove"],"picked":"Tantrum","floor":7},{"not_picked":["Prostrate","Crescendo"],"picked":"EmptyFist","floor":11},{"not_picked":["Weave","JustLucky"],"picked":"Protect","floor":12},{"not_picked":["LikeWater","ReachHeaven"],"picked":"FlurryOfBlows","floor":13},{"not_picked":["Halt","Crescendo","JustLucky"],"picked":"SKIP","floor":14},{"not_picked":["Alpha","SpiritShield"],"picked":"Vault","floor":16},{"not_picked":["Prostrate","EmptyFist"],"picked":"Meditate+1","floor":18},{"not_picked":["Halt","Pray"],"picked":"Conclude","floor":19},{"not_picked":["Halt","CrushJoints"],"picked":"EmptyBody","floor":21},{"not_picked":["ThirdEye","FlyingSleeves"],"picked":"Fasting2","floor":25},{"not_picked":["ThirdEye+1","FollowUp"],"picked":"CutThroughFate","floor":27},{"not_picked":["Protect","Crescendo","Weave"],"picked":"SKIP","floor":28},{"not_picked":["Protect","Crescendo"],"picked":"Weave","floor":28},{"not_picked":["Sanctity","Halt"],"picked":"ReachHeaven","floor":29},{"not_picked":["Perseverance","FollowUp+1"],"picked":"DeusExMachina","floor":30},{"not_picked":["WreathOfFlame","WindmillStrike"],"picked":"ThirdEye","floor":31},{"not_picked":["BowlingBash","ForeignInfluence"],"picked":"WaveOfTheHand","floor":32},{"not_picked":["Devotion","DeusExMachina"],"picked":"Scrawl","floor":33},{"not_picked":["Consecrate","Wireheading"],"picked":"FlyingSleeves","floor":35},{"not_picked":["ForeignInfluence","JustLucky","Crescendo"],"picked":"SKIP","floor":39},{"not_picked":["MentalFortress","PathToVictory+1"],"picked":"BowlingBash","floor":40},{"not_picked":["Halt+1","Adaptation+1"],"picked":"CutThroughFate+1","floor":41},{"not_picked":["EmptyFist","ForeignInfluence"],"picked":"Wallop","floor":42},{"not_picked":["Consecrate","ReachHeaven"],"picked":"Wish","floor":45},{"not_picked":["ForeignInfluence","EmptyFist+1"],"picked":"Ragnarok","floor":47},{"not_picked":["FollowUp","Consecrate"],"picked":"EmptyBody+1","floor":48}],"player_experience":1565130,"relics_obtained":[{"floor":7,"key":"Old Coin"},{"floor":9,"key":"Calipers"},{"floor":13,"key":"Smiling Mask"},{"floor":25,"key":"Dream Catcher"},{"floor":26,"key":"Damaru"},{"floor":29,"key":"Lantern"},{"floor":40,"key":"Strawberry"},{"floor":42,"key":"Boot"},{"floor":47,"key":"Sundial"}],"event_choices":[{"damage_healed":0,"gold_gain":0,"player_choice":"Paid Gold","damage_taken":0,"relics_obtained":["Du-Vu Doll"],"max_hp_gain":0,"max_hp_loss":0,"event_name":"WeMeetAgain","floor":2,"gold_loss":56},{"damage_healed":0,"gold_gain":0,"player_choice":"Donut","damage_taken":0,"max_hp_gain":5,"max_hp_loss":0,"event_name":"Big Fish","floor":3,"gold_loss":0},{"damage_healed":0,"gold_gain":0,"player_choice":"Lose Max HP","damage_taken":0,"relics_obtained":["Golden Idol"],"max_hp_gain":0,"max_hp_loss":7,"event_name":"Golden Idol","floor":8,"gold_loss":0},{"damage_healed":0,"gold_gain":0,"cards_transformed":["Strike_P","Strike_P"],"player_choice":"Became Test Subject","damage_taken":0,"max_hp_gain":0,"max_hp_loss":0,"event_name":"Drug Dealer","floor":20,"gold_loss":0,"cards_obtained":["Vengeance","EmptyBody"]},{"damage_healed":0,"gold_gain":0,"player_choice":"Ignored","damage_taken":0,"max_hp_gain":0,"max_hp_loss":0,"event_name":"The Mausoleum","floor":24,"gold_loss":0},{"damage_healed":0,"gold_gain":0,"player_choice":"Ignored","damage_taken":0,"max_hp_gain":0,"max_hp_loss":0,"event_name":"Tomb of Lord Red Mask","floor":36,"gold_loss":0},{"damage_healed":0,"gold_gain":0,"player_choice":"Max HP","damage_taken":0,"max_hp_gain":0,"max_hp_loss":3,"event_name":"Winding Halls","floor":38,"gold_loss":0}],"is_beta":false,"boss_relics":[{"not_picked":["Velvet Choker","SlaversCollar"],"picked":"Cursed Key"},{"not_picked":["Fusion Hammer","Empty Cage"],"picked":"Runic Pyramid"}],"items_purged_floors":[10,44],"is_endless":false,"potions_floor_spawned":[1,7,12,14,16,19,25,27,29,35,41,42,47],"killed_by":"Awakened One","ascension_level":20}}