{"host":"5mo0809oo9tcrmpl","time":1612405584,"event":{"mods":["BaseMod","Highlight Path","Minty Spire (QoL Compilation)","Relic Stats","Slay the Relics Exporter"],"gold_per_floor":[118,133,133,144,157,157,167,193,193,193,193,193,193,212,212,307,307,328,341,54,74,74,74,108,33,33,33,49,49,49,59,59,59,59],"floor_reached":33,"language":"ENG","playtime":1303,"items_purged":[],"score":534,"play_id":"c8abf11e-7933-43e1-aae4-65411231cae4","local_time":"20210203202624","is_ascension_mode":true,"campfire_choices":[{"data":"Perfected Strike","floor":6.0,"key":"SMITH"},{"data":"Metallicize","floor":11.0,"key":"SMITH"},{"data":"True Grit","floor":13.0,"key":"SMITH"},{"data":"Bash","floor":15,"key":"SMITH"},{"data":"Berserk","floor":23,"key":"SMITH"},{"data":"Cleave","floor":29,"key":"SMITH"},{"floor":32,"key":"REST"}],"circlet_count":0,"master_deck":["AscendersBane","Strike_R","Strike_R","Strike_R","Strike_R","Strike_R","Defend_R","Defend_R","Defend_R","Defend_R","Bash+1","Disarm+1","Perfected Strike+1","Metallicize+1","Double Tap+1","Iron Wave","True Grit+1","Injury","Cleave+1","Berserk+1","Whirlwind","Sword Boomerang+1","Disarm","Flame Barrier+1","Disarm+1"],"relics":["Burning Blood","Bag of Preparation","Darkstone Periapt","War Paint","Toy Ornithopter","Bloody Idol","Ancient Tea Set","Velvet Choker","Bottled Tornado","PreservedInsect","InkBottle","Bronze Scales"],"acts_visited":["Exordium","TheCity"],"potions_floor_usage":[19,24,24],"damage_taken":[{"damage":1.0,"enemies":"Cultist","floor":1.0,"turns":3.0},{"damage":1.0,"enemies":"2 Louse","floor":2.0,"turns":4.0},{"damage":7.0,"enemies":"Jaw Worm","floor":4.0,"turns":3.0},{"damage":29.0,"enemies":"Exordium Thugs","floor":5.0,"turns":6.0},{"damage":17.0,"enemies":"3 Louse","floor":7.0,"turns":5.0},{"damage":24.0,"enemies":"Gremlin Nob","floor":8.0,"turns":4.0},{"damage":0,"enemies":"2 Fungi Beasts","floor":14,"turns":3},{"damage":2,"enemies":"The Guardian","floor":16,"turns":15},{"damage":8,"enemies":"Chosen","floor":18,"turns":6},{"damage":18,"enemies":"Spheric Guardian","floor":19,"turns":5},{"damage":30,"enemies":"3 Cultists","floor":21,"turns":6},{"damage":21,"enemies":"Slavers","floor":24,"turns":14},{"damage":18,"enemies":"Snecko","floor":28,"turns":8},{"damage":22,"enemies":"Chosen and Byrds","floor":31,"turns":4},{"damage":51,"enemies":"Automaton","floor":33,"turns":6}],"seed_played":"4098426883336392780","potions_obtained":[{"floor":1.0,"key":"CultistPotion"},{"floor":4.0,"key":"Energy Potion"},{"floor":7.0,"key":"HeartOfIron"},{"floor":21,"key":"GamblersBrew"},{"floor":31,"key":"Fire Potion"}],"is_trial":false,"path_per_floor":["M","M","T","M","M","R","M","E","T","?","R","T","R","M","R","B",null,"M","M","$","M","?","R","E","?","T","?","M","R","$","M","R","B"],"character_chosen":"IRONCLAD","items_purchased":["Bottled Tornado"],"campfire_rested":1,"item_purchase_floors":[20],"current_hp_per_floor":[73,75,75,74,51,51,40,22,22,28,28,28,28,34,34,38,70,68,61,61,37,43,43,38,38,38,38,31,31,31,20,46,0,0],"gold":59,"neow_bonus":"RANDOM_COMMON_RELIC","is_daily":false,"chose_seed":false,"campfire_upgraded":6,"win_rate":0.0,"timestamp":1612405584,"path_taken":["M","M","?","M","M","R","M","E","T","?","R","?","R","?","R","BOSS","M","M","$","M","?","R","E","?","T","?","M","R","?","M","R","BOSS"],"items_purchased_type":["Relic"],"build_version":"2020-12-22","purchased_purges":0,"victory":false,"max_hp_per_floor":[75,75,75,75,75,75,75,75,75,81,81,81,81,81,81,81,81,81,81,81,81,87,87,87,87,87,87,87,87,87,87,87,87,87],"relic_stats":{"Darkstone Periapt":12,"counters":[15,92],"Bloody Idol":10,"Bronze Scales":[51],"PreservedInsect":42,"Bag of Preparation":[30],"War Paint":["Double Tap","Disarm"],"obtain_stats":[{"Darkstone Periapt":3,"Golden Idol":10,"Velvet Choker":17,"PreservedInsect":22,"Bag of Preparation":0,"War Paint":8,"Bottled Tornado":20,"Ancient Tea Set":12,"Burning Blood":0,"Bronze Scales":26,"Bloody Idol":27,"Toy Ornithopter":9,"InkBottle":24},{"Darkstone Periapt":2,"Golden Idol":6,"Velvet Choker":8,"PreservedInsect":11,"Bag of Preparation":0,"War Paint":6,"Bottled Tornado":10,"Ancient Tea Set":6,"Burning Blood":0,"Bronze Scales":12,"Bloody Idol":12,"Toy Ornithopter":6,"InkBottle":12},{"Darkstone Periapt":7,"Golden Idol":25,"Velvet Choker":43,"PreservedInsect":60,"Bag of Preparation":0,"War Paint":25,"Bottled Tornado":54,"Ancient Tea Set":25,"Burning Blood":0,"Bronze Scales":74,"Bloody Idol":74,"Toy Ornithopter":25,"InkBottle":74}],"Burning Blood":81,"Toy Ornithopter":15,"InkBottle":[6]},"card_choices":[{"not_picked":["Thunderclap","Rupture"],"picked":"Disarm","floor":1.0},{"not_picked":["Clash","Heavy Blade"],"picked":"Perfected Strike","floor":2.0},{"not_picked":["Pommel Strike","Heavy Blade"],"picked":"Metallicize","floor":4.0},{"not_picked":["Havoc","Fire Breathing"],"picked":"Double Tap","floor":5.0},{"not_picked":["Battle Trance","Pummel"],"picked":"Iron Wave","floor":7.0},{"not_picked":["Twin Strike","Perfected Strike"],"picked":"True Grit","floor":8.0},{"not_picked":["Infernal Blade","Flex"],"picked":"Cleave","floor":14},{"not_picked":["Corruption","Bludgeon"],"picked":"Berserk","floor":16},{"not_picked":["Wild Strike","Rupture"],"picked":"Whirlwind","floor":18},{"not_picked":["Clash+1","Entrench"],"picked":"Sword Boomerang+1","floor":19},{"not_picked":["Iron Wave","Shrug It Off"],"picked":"Disarm","floor":21},{"not_picked":["Bloodletting","Sentinel","Iron Wave"],"picked":"SKIP","floor":24},{"not_picked":["Pommel Strike","Reckless Charge"],"picked":"Flame Barrier+1","floor":28},{"not_picked":["Dropkick","Shockwave"],"picked":"Disarm+1","floor":31}],"player_experience":1234694,"relics_obtained":[{"floor":3.0,"key":"Darkstone Periapt"},{"floor":8.0,"key":"War Paint"},{"floor":9.0,"key":"Toy Ornithopter"},{"floor":12.0,"key":"Ancient Tea Set"},{"floor":24,"key":"InkBottle"},{"floor":26,"key":"Bronze Scales"}],"event_choices":[{"damage_healed":0.0,"max_hp_gain":0.0,"max_hp_loss":0.0,"gold_gain":0.0,"event_name":"Golden Idol","player_choice":"Take Wound","floor":10.0,"gold_loss":0.0,"damage_taken":0.0,"relics_obtained":["Golden Idol"],"cards_obtained":["Injury"]},{"damage_healed":0,"gold_gain":0,"player_choice":"Stole Relic","damage_taken":0,"relics_obtained":["PreservedInsect"],"max_hp_gain":0,"max_hp_loss":0,"event_name":"Addict","floor":22,"gold_loss":0,"cards_obtained":["Shame"]},{"cards_removed":["Shame"],"damage_healed":0,"gold_gain":0,"player_choice":"Gave Gold","damage_taken":0,"max_hp_gain":0,"max_hp_loss":0,"event_name":"Beggar","floor":25,"gold_loss":75},{"damage_healed":0,"gold_gain":0,"player_choice":"Gave Idol","damage_taken":0,"relics_obtained":["Bloody Idol"],"max_hp_gain":0,"max_hp_loss":0,"event_name":"Forgotten Altar","floor":27,"relics_lost":["Golden Idol"],"gold_loss":0}],"is_beta":false,"boss_relics":[{"not_picked":["Philosopher\u0027s Stone","Busted Crown"],"picked":"Velvet Choker"}],"items_purged_floors":[],"is_endless":false,"potions_floor_spawned":[1,4,7,8,16,18,21,31],"killed_by":"Automaton","ascension_level":20}}