{"host":"gf8hyl7jhl0is674","time":1612463715,"event":{"mods":["2.2 Compatiblity","Act Like it!","Aspiration","BaseMod","CapriCore","Chen","Colored Map","Gensokyo","Hallownest","Jorbs\u0027s Wanderer Trilogy","Koishi","Marisa????????","Minty Spire (QoL Compilation)","Onozuka Komachi Mod","Permanent Neow","Reimu??????","StSLib","The Administrix","The Blue Laboratory","The Immortal","The Jungle","The Servant 0.9.4","Waifu the Spire","Yakumo Yukari mod"],"gold_per_floor":[117,117,134,152,168,195,212,212,239,239,164,180,80,101,101,220,220,258,258,248,248,84,84,84,84],"floor_reached":24,"language":"ENG","playtime":1105,"items_purged":["Strike_P","Eruption","Decay"],"score":198,"play_id":"d632f1a7-6c1c-4142-bb87-1600063c91ad","local_time":"20210204113515","is_ascension_mode":false,"campfire_choices":[{"data":"Wallop","floor":8,"key":"SMITH"},{"data":"SashWhip","floor":15,"key":"SMITH"},{"data":"Protect","floor":23,"key":"SMITH"}],"circlet_count":0,"master_deck":["Strike_P","Strike_P","Defend_P","Defend_P","Defend_P+1","Defend_P+1","Wallop+1","ThirdEye","LikeWater","SandsOfTime","SashWhip+1","SandsOfTime","ForeignInfluence","Wish","Protect+1","Pray"],"relics":["PureWater","aspiration:Nostalgia","Memoryfragments_purpleEX","Vajra","aspiration:Lifesprig","Golden Idol","Empty Cage"],"acts_visited":["Exordium","TheCity"],"potions_floor_usage":[6,16,24],"damage_taken":[{"damage":1,"enemies":"2 Louse","floor":1,"turns":2},{"damage":1,"enemies":"Jaw Worm","floor":3,"turns":5},{"damage":1,"enemies":"Cultist","floor":4,"turns":4},{"damage":0,"enemies":"2 Fungi Beasts","floor":5,"turns":5},{"damage":26,"enemies":"Gremlin Nob","floor":6,"turns":3},{"damage":3,"enemies":"Large Slime","floor":7,"turns":7},{"damage":0,"enemies":"Exordium Thugs","floor":12,"turns":4},{"damage":0,"enemies":"2 Fungi Beasts","floor":14,"turns":4},{"damage":19,"enemies":"Hexaghost","floor":16,"turns":11},{"damage":34,"enemies":"Spheric Guardian","floor":18,"turns":6},{"damage":9,"enemies":"2 Thieves","floor":20,"turns":4},{"damage":49,"enemies":"Book of Stabbing","floor":24,"turns":10}],"seed_played":"-3566642657659520214","potions_obtained":[{"floor":4,"key":"blueLaboratory:NullPotion"},{"floor":5,"key":"blueLaboratory:EmptyBottle"},{"floor":7,"key":"ZuzhouPotion:ReiMu"},{"floor":12,"key":"Strength Potion"}],"is_trial":false,"path_per_floor":["M","?","M","M","M","E","M","R","T","?","$","M","$","M","R","B",null,"M","?","M","?","$","R","E"],"character_chosen":"WATCHER","items_purchased":["Pray"],"campfire_rested":0,"item_purchase_floors":[22],"current_hp_per_floor":[71,57,56,55,55,29,26,26,26,26,26,26,26,26,26,7,67,33,33,24,46,46,46,0,0],"gold":84,"neow_bonus":"NOSTALGIA","is_daily":false,"chose_seed":false,"campfire_upgraded":3,"win_rate":0.0,"timestamp":1612463715,"path_taken":["M","?","M","M","M","E","M","R","T","?","$","M","$","M","R","BOSS","M","?","?","?","$","R","E"],"items_purchased_type":["Card"],"build_version":"2020-12-22","purchased_purges":3,"victory":false,"max_hp_per_floor":[72,72,72,72,72,72,72,72,72,67,67,67,67,67,67,67,67,67,67,67,67,67,67,67,67],"card_choices":[{"not_picked":["Halt","WaveOfTheHand"],"picked":"Wallop","floor":1},{"not_picked":["ReachHeaven","PathToVictory"],"picked":"ThirdEye","floor":3},{"not_picked":["PathToVictory","Sanctity"],"picked":"LikeWater","floor":4},{"not_picked":["ClearTheMind","SashWhip"],"picked":"SandsOfTime","floor":5},{"not_picked":["ThirdEye","BowlingBash"],"picked":"SashWhip","floor":6},{"not_picked":["FlurryOfBlows","Conclude"],"picked":"SandsOfTime","floor":7},{"not_picked":["FlyingSleeves","Crescendo","MentalFortress"],"picked":"SKIP","floor":12},{"not_picked":["ClearTheMind","FlyingSleeves"],"picked":"ForeignInfluence","floor":14},{"not_picked":["LessonLearned","Ragnarok"],"picked":"Wish","floor":16},{"not_picked":["JustLucky","Adaptation+1","FollowUp+1"],"picked":"SKIP","floor":18},{"not_picked":["FollowUp","CutThroughFate"],"picked":"Protect","floor":20}],"player_experience":415801,"relics_obtained":[{"floor":6,"key":"Vajra"},{"floor":9,"key":"aspiration:Lifesprig"}],"event_choices":[{"damage_healed":0,"gold_gain":0,"player_choice":"Entered Light","damage_taken":14,"max_hp_gain":0,"max_hp_loss":0,"event_name":"Shining Light","floor":2,"gold_loss":0,"cards_upgraded":["Defend_P","Defend_P"]},{"damage_healed":0,"gold_gain":0,"player_choice":"Lose Max HP","damage_taken":0,"relics_obtained":["Golden Idol"],"max_hp_gain":0,"max_hp_loss":5,"event_name":"Golden Idol","floor":10,"gold_loss":0},{"damage_healed":0,"gold_gain":0,"player_choice":"Cursed","damage_taken":0,"max_hp_gain":0,"max_hp_loss":0,"event_name":"Wheel of Change","floor":19,"gold_loss":0,"cards_obtained":["Decay"]},{"damage_healed":22,"gold_gain":0,"player_choice":"Heal","damage_taken":0,"max_hp_gain":0,"max_hp_loss":0,"event_name":"The Library","floor":21,"gold_loss":0}],"is_beta":false,"boss_relics":[{"not_picked":["Philosopher\u0027s Stone","SacredBark"],"picked":"Empty Cage"}],"items_purged_floors":[11,13,22],"is_endless":false,"potions_floor_spawned":[4,5,7,12],"killed_by":"Book of Stabbing","ascension_level":0}}