{"host":"jzaz9xuivg238wzk","time":1612478926,"event":{"mods":["2.2 Compatiblity","AchievementEnabler","Aspiration","BaseMod","Better Match","Better Note","Better Skull","Better Third Choice","BetterRewards","Colored Map","Colored Powertips","Conspire","Defuse TimeMaze Blight","Downfall","Energized Spire","GifTheSpireLib","Halation","Highlight Path","Hubris","Infinite Spire","Lobotomy","LobotomyExtend","Minty Spire (QoL Compilation)","Quick Restart","Relic Sorter","Reliquary","Replay The Spire","Spicy Shops","StSLib","Stuff the Spire","The Sage","Waifu the Spire"],"gold_per_floor":[110,110,385,61,72,97,109,150,237,279,303,315,337,360,372,483,495,524,463,493,505,145,170,170,170,170,198,198,226,226,252,527,546,546,647,647,659,659,677,677,677,703,717,752,777,777,807,807,1082,1098,1098,1194,1194,1210,1210,1210,1252,453,451,451,465,465,470,96,96,96,100,100,174,174,189,189,192,192,192,207,203,203,255,255,261,274,348,366,366,462,462,462,466,192,192,192,192,207,207,234,254,10,30,305,300,300,376,376,380,305,3,0,13,31,31,54,54,73,73,91,101,128,128,216,216,228,228,244,252,251,271,275,302,302,302,302],"floor_reached":131,"language":"ENG","playtime":5503,"items_purged":["hubris:Lust","Regret","Regret","Regret","downfall:Bewildered","Regret"],"score":3778,"play_id":"baf858d9-9a2a-4735-88b7-03888d0f9e79","local_time":"20210205004846","is_ascension_mode":true,"campfire_choices":[{"floor":7.0,"key":"REST"},{"floor":12.0,"key":"REST"},{"data":"Regret","floor":34.0,"key":"PURGE"},{"data":"Blade Dance","floor":48.0,"key":"SMITH"},{"data":"Infinite Blades","floor":51.0,"key":"SMITH"},{"data":"Envenom","floor":68.0,"key":"SMITH"},{"floor":78.0,"key":"REST"},{"floor":80.0,"key":"REST"},{"floor":85.0,"key":"REST"},{"data":"hubris:InfiniteBlow+40","floor":95.0,"key":"SMITH"},{"data":"hubris:InfiniteBlow+41","floor":95.0,"key":"SMITH"},{"data":"1","floor":102.0,"key":"LIFT"},{"data":"2","floor":111.0,"key":"LIFT"},{"data":"3","floor":119.0,"key":"LIFT"}],"circlet_count":0,"master_deck":["Survivor","Neutralize","Slice+1","Blade Dance+1","Prepared+1","Bouncing Flask","Dagger Throw","Toxin Wave","Finisher","Dodge and Roll","ReplayTheSpireMod:Necrosis","Infinite Blades+1","Blade Dance+1","Blade Dance","Heel Hook","hubris:InfiniteBlow+58","ReplayTheSpireMod:The Works+1","ReplayTheSpireMod:From All Sides","Cloak And Dagger+1","Slice","Venomology","Dodge and Roll+1","CommonCold","Accuracy+1","Cloak And Dagger+1","Parasite","Blade Dance+1","Corpse Explosion","Poisoned Stab","Distraction","Envenom+1","Choke","Grand Finale+1","Outmaneuver","Hidden Blade","infinitespire:DeathsTouch","ReplayTheSpireMod:Shiv Toss","hubris:SlightOfHand","bronze:ChosenStrike","Burst","infinitespire:TheBestDefense","J.A.X.","Fluid Movement","StuffTheSpire:BrainWave","Cloak And Dagger","bronze:ShipIt","Backstab+1","StuffTheSpire:Incantation","ReplayTheSpireMod:Necrosis","StuffTheSpire:Injection+1","Quick Slash","Poisoned Stab+1","hubris:InfiniteBlow+58","StuffTheSpire:Shiver","StuffTheSpire:Vigor","Accuracy","Venomology","bronze:OilSpill","conspire:Banana+1","Enlightenment","infinitespire:Execution","bronze:OilSpill","bronze:NullPointer","Blade Dance","bronze:Mutator","Crippling Poison","ReplayTheSpireMod:Speed Training","ReplayTheSpireMod:Exploit Weakness","Hidden Blade","Slice","Masterful Stab","Corpse Explosion","Concentrate","conspire:DoublingDagger","Flying Knee","bronze:Philosophize","bronze:Shell","Noxious Fumes","bronze:Repair","StuffTheSpire:Shiver+1"],"relics":["Ring of the Serpent","halation:PapillonHeart","Art of War","Girya","halation:BlackBeret","Omamori","Incense Burner","hubris:BundleOfHerbs","aspiration:HummingbirdHeart","WingedGreaves","sagemod:Creepy_Carousel","ReplayTheSpireMod:Ring of Addiction","Pet Ghost","LetterFromLob","ReplayTheSpireMod:CursedCoin","Snake Skull","conspire:DeflatedDodgeball","Durian","MawBank","halation:Toothbrush","reliquary:BoilingFlask","aspiration:RitualDagger","hubris:MedicalManual","Counterbalance","aspiration:PoetsPen_weak","Frozen Eye","StuffTheSpire:RubySignet","reliquary:Aerogel","StuffTheSpire:Kangaroo","Ring of Fury","White Beast Statue","Potion Belt","Bronze Scales","reliquary:Buckler","Strawberry","hubris:TerracottaHorce","StuffTheSpire:RedRose","StuffTheSpire:WitherSkull","StuffTheSpire:Nightcore","Toolbox","Bag of Marbles","reliquary:NewFriend","Blue Doll","reliquary:Stiletto","conspire:TopHat","StuffTheSpire:Saxophone","hubris:DisguiseKit","reliquary:RedPaperclip","sneckomod:BabySnecko","hubris:DisguiseKit","reliquary:PartyBalloon","hubris:TenFootPole","Smiling Mask","Gremlin Food","Onion Ring","hubris:GlazedTorus","Sling","Orichalcum","Replay:Arrowhead","DollysMirror","WristBlade","Bag of Marbles","halation:PenCase","halation:IllGainedPizza","RedMistMask","Anchor","Ninja Scroll","Pandora\u0027s Box","WarpedTongs","Darkstone Periapt","Regal Pillow","HornCleat"],"acts_visited":["Exordium","TheCity","TheBeyond","Exordium","TheCity","TheBeyond","Exordium","TheCity"],"potions_floor_usage":[],"damage_taken":[{"damage":1.0,"enemies":"Jaw Worm","floor":1.0,"turns":7.0},{"damage":2.0,"enemies":"Cultist","floor":5.0,"turns":3.0},{"damage":38.0,"enemies":"Gremlin Nob","floor":6.0,"turns":5.0},{"damage":13.0,"enemies":"3 Sentries","floor":8.0,"turns":8.0},{"damage":23.0,"enemies":"Lagavulin","floor":10.0,"turns":5.0},{"damage":5.0,"enemies":"Small Slimes","floor":11.0,"turns":3.0},{"damage":0.0,"enemies":"2 Fungi Beasts","floor":13.0,"turns":3.0},{"damage":2.0,"enemies":"Looter","floor":14.0,"turns":2.0},{"damage":24.0,"enemies":"Hexaghost","floor":16.0,"turns":11.0},{"damage":37.0,"enemies":"Spheric Guardian","floor":18.0,"turns":5.0},{"damage":21.0,"enemies":"3 Byrds","floor":20.0,"turns":5.0},{"damage":47.0,"enemies":"Nightmare","floor":23.0,"turns":7.0},{"damage":26.0,"enemies":"Slavers","floor":27.0,"turns":5.0},{"damage":9.0,"enemies":"Gremlin Leader","floor":29.0,"turns":3.0},{"damage":21.0,"enemies":"Slavers","floor":31.0,"turns":3.0},{"damage":11.0,"enemies":"Cultist and Chosen","floor":33.0,"turns":3.0},{"damage":46.0,"enemies":"Collector","floor":35.0,"turns":7.0},{"damage":15.0,"enemies":"3 Darklings","floor":37.0,"turns":2.0},{"damage":2.0,"enemies":"3 Shapes","floor":39.0,"turns":2.0},{"damage":3.0,"enemies":"Nightmare","floor":42.0,"turns":3.0},{"damage":5.0,"enemies":"Writhing Mass","floor":43.0,"turns":2.0},{"damage":9.0,"enemies":"Giant Head","floor":44.0,"turns":4.0},{"damage":5.0,"enemies":"Reptomancer","floor":47.0,"turns":2.0},{"damage":7.0,"enemies":"Sphere and 2 Shapes","floor":50.0,"turns":1.0},{"damage":4.0,"enemies":"Time Eater","floor":52.0,"turns":2.0},{"damage":2.0,"enemies":"Cultist","floor":54.0,"turns":1.0},{"damage":2.0,"enemies":"Gremlin Nob","floor":57.0,"turns":1.0},{"damage":7.0,"enemies":"Nightmare","floor":59.0,"turns":3.0},{"damage":5.0,"enemies":"3 Sentries","floor":61.0,"turns":2.0},{"damage":2.0,"enemies":"Small Slimes","floor":63.0,"turns":1.0},{"damage":2.0,"enemies":"Jaw Worm","floor":67.0,"turns":1.0},{"damage":5.0,"enemies":"Hexaghost","floor":69.0,"turns":2.0},{"damage":2.0,"enemies":"Shell Parasite","floor":71.0,"turns":1.0},{"damage":16.0,"enemies":"3 Byrds","floor":73.0,"turns":2.0},{"damage":2.0,"enemies":"Book of Stabbing","floor":76.0,"turns":1.0},{"damage":38.0,"enemies":"Nightmare_Alpha","floor":77.0,"turns":6.0},{"damage":5.0,"enemies":"Gremlin Leader","floor":81.0,"turns":2.0},{"damage":2.0,"enemies":"Slavers","floor":82.0,"turns":1.0},{"damage":25.0,"enemies":"Book of Stabbing","floor":84.0,"turns":2.0},{"damage":2.0,"enemies":"hubris:MusketHawk","floor":86.0,"turns":1.0},{"damage":25.0,"enemies":"3 Shapes","floor":88.0,"turns":1.0},{"damage":2.0,"enemies":"Orb Walker","floor":89.0,"turns":2.0},{"damage":6.0,"enemies":"R_Hoarder","floor":94.0,"turns":3.0},{"damage":2.0,"enemies":"Giant Head","floor":97.0,"turns":2.0},{"damage":2.0,"enemies":"R_Hoarder","floor":99.0,"turns":1.0},{"damage":5.0,"enemies":"4 Shapes","floor":101.0,"turns":2.0},{"damage":2.0,"enemies":"Replay:Hell Engine","floor":103.0,"turns":3.0},{"damage":2.0,"enemies":"Jaw Worm","floor":105.0,"turns":1.0},{"damage":6.0,"enemies":"Cultist","floor":109.0,"turns":1.0},{"damage":43.0,"enemies":"Nightmare_Alpha","floor":110.0,"turns":3.0},{"damage":5.0,"enemies":"Lagavulin","floor":112.0,"turns":2.0},{"damage":0.0,"enemies":"3 Sentries","floor":114.0,"turns":2.0},{"damage":2.0,"enemies":"Gremlin Nob","floor":116.0,"turns":1.0},{"damage":2.0,"enemies":"Small Slimes","floor":117.0,"turns":1.0},{"damage":2.0,"enemies":"Lagavulin","floor":118.0,"turns":1.0},{"damage":2.0,"enemies":"The Guardian","floor":120.0,"turns":1.0},{"damage":2.0,"enemies":"Shell Parasite","floor":122.0,"turns":1.0},{"damage":0.0,"enemies":"Chosen","floor":124.0,"turns":1.0},{"damage":2.0,"enemies":"Snake Plant","floor":125.0,"turns":1.0},{"damage":2.0,"enemies":"3 Cultists","floor":126.0,"turns":1.0},{"damage":2.0,"enemies":"Nightmare","floor":127.0,"turns":2.0},{"damage":2.0,"enemies":"Centurion and Healer","floor":128.0,"turns":2.0},{"damage":2.0,"enemies":"Slavers","floor":129.0,"turns":2.0},{"damage":0,"enemies":"Snake Plant","floor":131,"turns":1}],"seed_played":"5122408060815931136","potions_obtained":[{"floor":6.0,"key":"champ:CounterPotion"},{"floor":8.0,"key":"SneckoOil"},{"floor":14.0,"key":"LiquidMemories"},{"floor":16.0,"key":"Poison Potion"},{"floor":18.0,"key":"BlessingOfTheForge"},{"floor":31.0,"key":"LiquidMemories"},{"floor":35.0,"key":"Adrenaline Potion"},{"floor":38.0,"key":"SpeedPotion"},{"floor":38.0,"key":"FearPotion"},{"floor":38.0,"key":"EntropicBrew"},{"floor":39.0,"key":"Flashbang"},{"floor":42.0,"key":"bronze:BurnAndBuffPotion"},{"floor":44.0,"key":"PowerPotion"},{"floor":47.0,"key":"LiquidMemories"},{"floor":50.0,"key":"SneckoOil"},{"floor":52.0,"key":"Adrenaline Potion"},{"floor":57.0,"key":"Elixir"},{"floor":59.0,"key":"SpeedPotion"},{"floor":63.0,"key":"SkillPotion"},{"floor":69.0,"key":"Fire Potion"},{"floor":71.0,"key":"SkillPotion"},{"floor":73.0,"key":"Energy Potion"},{"floor":76.0,"key":"infinitespire:BlackPotion"},{"floor":77.0,"key":"Poison Potion"},{"floor":81.0,"key":"Elixir"},{"floor":82.0,"key":"Regen Potion"},{"floor":84.0,"key":"FairyPotion"},{"floor":86.0,"key":"sneckomod:MuddlingPotion"},{"floor":88.0,"key":"SteroidPotion"},{"floor":97.0,"key":"Guardian:BlockOnCardUsePotion"},{"floor":103.0,"key":"Elixir"},{"floor":105.0,"key":"champ:CounterPotion"},{"floor":109.0,"key":"AttackPotion"},{"floor":110.0,"key":"Swift Potion"},{"floor":112.0,"key":"Adrenaline Potion"},{"floor":116.0,"key":"sneckomod:MuddlingPotion"},{"floor":118.0,"key":"Swift Potion"},{"floor":125.0,"key":"Death Potion"},{"floor":126.0,"key":"Toxic Potion"},{"floor":127.0,"key":"GhostInAJar"},{"floor":128.0,"key":"Venom Potion"},{"floor":129.0,"key":"AttackPotion"}],"is_trial":false,"path_per_floor":["M","?","?","$","M","E","R","E","T","E","M","R","M","M","R_BF","B",null,"M","?","M","?","$","NM","PTL","PTL","AVR","E","T","E","R","E","?","M","R_BF","B",null,"M","?","M","?","?","NM","M","E","T","?","E","R","?","M","R","B",null,"M","?","?","?","$","NM","R","E","T","M","$","?","AVR","M","R","B",null,"M","?","M","?","?","E","NM","R","T","R","E","E","T","E","R","B",null,"M","M","$","?","?","R","E","R","T","E","$","E","?","M","R","B",null,"M","?","$","?","M","NM","R","E","T","E","R","E","M","E","R","B",null,"M","?","M","M","M","NM","M","E","T","M"],"character_chosen":"THE_SILENT","items_purchased":["ReplayTheSpireMod:CursedCoin","Snake Skull","conspire:DeflatedDodgeball","Durian","Bane","Counterbalance","LifebloodPotion","StuffTheSpire:WitherSkull","StuffTheSpire:Nightcore","Toolbox","Hidden Blade","reliquary:Stiletto","conspire:TopHat","StuffTheSpire:Saxophone","Sling","Orichalcum","DollysMirror","halation:BlackBeret","reliquary:SculptingSteel"],"campfire_rested":5,"item_purchase_floors":[4,4,4,4,4,22,22,58,58,58,58,64,64,64,90,90,98,98,107],"current_hp_per_floor":[69,69,69,74,72,34,56,43,43,20,15,37,37,35,57,33,75,38,38,17,17,17,66,66,66,66,66,66,75,75,65,65,71,74,66,78,63,63,61,41,41,38,33,24,24,68,70,70,70,63,63,59,71,69,72,72,70,76,69,69,64,64,62,62,65,68,66,66,61,77,78,78,62,46,46,44,6,31,31,56,51,49,49,31,56,54,77,52,50,53,53,68,68,62,62,62,60,60,58,58,53,53,51,71,69,69,72,78,72,29,29,24,24,49,49,47,45,43,43,41,73,71,71,71,69,67,67,65,63,63,63,63],"gold":302,"neow_bonus":"RANDOM_COMMON_RELIC","is_daily":false,"chose_seed":false,"campfire_upgraded":5,"win_rate":0.0,"timestamp":1612478926,"path_taken":["M","?","?","$","?","E","R","E","T","E","M","R","M","M","R_BF","BOSS","M","?","M","?","?","NM","PTL","PTL","AVR","E","T","E","R","E","?","M","R_BF","BOSS","M","?","M","?","?","NM","?","E","T","?","E","R","?","M","R","BOSS","M","?","?","?","$","NM","R","E","T","?","$","?","AVR","M","R","BOSS","M","?","M","?","?","E","NM","R","T","R","E","E","?","E","R","BOSS","M","M","?","?","?","R","E","R","T","E","$","E","?","?","R","BOSS","M","?","$","?","?","NM","R","E","T","E","R","E","M","E","R","BOSS","M","?","M","M","M","NM","M","E","T","?"],"items_purchased_type":["Relic","Relic","Relic","Relic","Card","Relic","Potion","Relic","Relic","Relic","Card","Relic","Relic","Relic","Relic","Relic","Relic","Relic","Relic"],"build_version":"2020-12-22","purchased_purges":6,"victory":false,"max_hp_per_floor":[70,70,70,75,75,75,75,75,75,75,75,75,75,75,75,75,75,75,75,75,75,75,75,75,75,75,75,75,75,75,75,75,75,78,78,78,78,78,78,78,78,78,78,78,78,68,75,75,75,75,75,75,75,75,76,76,76,82,82,82,82,82,80,80,83,84,84,84,82,82,85,85,83,88,88,86,86,86,86,86,84,84,84,84,84,84,84,82,82,85,81,82,82,82,80,80,80,80,80,80,78,78,78,78,78,78,79,85,85,85,85,85,85,85,85,83,83,83,83,83,83,81,81,81,79,79,81,81,81,81,81,81],"card_choices":[{"not_picked":["Escape Plan","Fluid Movement"],"picked":"Slice","floor":1.0},{"not_picked":["Deadly Poison","StuffTheSpire:Python"],"picked":"Blade Dance","floor":5.0},{"not_picked":["Quick Slash","Dodge and Roll"],"picked":"Prepared","floor":6.0},{"not_picked":["hubris:SlightOfHand","StuffTheSpire:BumpUp"],"picked":"Bouncing Flask","floor":8.0},{"not_picked":["Skewer","Doppelganger"],"picked":"Dagger Throw","floor":10.0},{"not_picked":["Expertise","PiercingWail"],"picked":"Toxin Wave","floor":11.0},{"not_picked":["Acrobatics","Masterful Stab"],"picked":"Finisher","floor":13.0},{"not_picked":["Underhanded Strike","PiercingWail"],"picked":"Dodge and Roll","floor":14.0},{"not_picked":["Replay:Bag of Tricks","Envenom"],"picked":"ReplayTheSpireMod:Necrosis","floor":16.0},{"not_picked":["Riddle With Holes+1","Distraction"],"picked":"Infinite Blades","floor":18.0},{"not_picked":["StuffTheSpire:BumpUp","Quick Slash"],"picked":"Blade Dance","floor":20.0},{"not_picked":["Flechettes","Predator"],"picked":"Heel Hook","floor":23.0},{"not_picked":["Bane","StuffTheSpire:Sprint"],"picked":"ReplayTheSpireMod:The Works+1","floor":27.0},{"not_picked":["Outmaneuver","StuffTheSpire:BrimstoneBlast"],"picked":"ReplayTheSpireMod:From All Sides","floor":29.0},{"not_picked":["Tactician+1","Eviscerate"],"picked":"Cloak And Dagger+1","floor":31.0},{"not_picked":["Flying Knee+1","Outmaneuver"],"picked":"Slice","floor":33.0},{"not_picked":["Poison Darts","Doppelganger"],"picked":"Venomology","floor":35.0},{"not_picked":["Backflip+1","StuffTheSpire:Python+1"],"picked":"Dodge and Roll+1","floor":37.0},{"not_picked":["hubris:TrickCloak+1","Distraction"],"picked":"Accuracy+1","floor":39.0},{"not_picked":["Deflect","Prepared"],"picked":"Cloak And Dagger+1","floor":42.0},{"not_picked":["Deflect+1","Outmaneuver+1"],"picked":"Blade Dance+1","floor":43.0},{"not_picked":["Backflip","StuffTheSpire:Incursion"],"picked":"Corpse Explosion","floor":44.0},{"not_picked":["Deadly Poison+1","Venomology"],"picked":"Poisoned Stab","floor":47.0},{"not_picked":["Bane+1","Blur+1"],"picked":"Distraction","floor":50.0},{"not_picked":["Doppelganger","Corpse Explosion"],"picked":"Envenom","floor":52.0},{"not_picked":["Leg Sweep","Blur"],"picked":"Choke","floor":54.0},{"not_picked":["ReplayTheSpireMod:The Works","Fluid Movement"],"picked":"Outmaneuver","floor":57.0},{"not_picked":["ReplayTheSpireMod:Haul","infinitespire:Gouge"],"picked":"infinitespire:DeathsTouch","floor":59.0},{"not_picked":["StuffTheSpire:MirrorStance","hubris:TrickCloak","StuffTheSpire:Fury"],"picked":"SKIP","floor":59.0},{"not_picked":["Prepared","Envenom"],"picked":"ReplayTheSpireMod:Shiv Toss","floor":61.0},{"not_picked":["Caltrops","Dodge and Roll"],"picked":"Hidden Blade","floor":63.0},{"not_picked":["Dagger Spray","Concentrate","Leg Sweep"],"picked":"bronze:ChosenStrike","floor":67.0},{"not_picked":["Tools of the Trade","infinitespire:Neurotoxin","bronze:ThunderWave"],"picked":"Burst","floor":69.0},{"not_picked":["ReplayTheSpireMod:Book of Names","infinitespire:SealOfDarkness+"],"picked":"infinitespire:TheBestDefense","floor":70.0},{"not_picked":["Bane","PiercingWail+1","StuffTheSpire:ClusterCrunch","bronze:Frontload"],"picked":"SKIP","floor":71.0},{"not_picked":["Setup","Dagger Spray","bronze:Shell"],"picked":"Fluid Movement","floor":73.0},{"not_picked":["Bullet Time","Predator","bronze:Overheat"],"picked":"Flying Knee+1","floor":76.0},{"not_picked":["A Thousand Cuts","PiercingWail+1","bronze:Safeguard"],"picked":"Cloak And Dagger","floor":77.0},{"not_picked":["Dagger Throw","Outmaneuver","StuffTheSpire:ClusterCrunch+1"],"picked":"bronze:ShipIt","floor":81.0},{"not_picked":["conspire:PoisonWeapons","StuffTheSpire:Injection","bronze:Branch"],"picked":"Backstab+1","floor":82.0},{"not_picked":["Choke","conspire:DoublingDagger","bronze:Branch"],"picked":"StuffTheSpire:Incantation","floor":84.0},{"not_picked":["Venomology","Wraith Form v2","bronze:CleanCode"],"picked":"ReplayTheSpireMod:Necrosis","floor":86.0},{"not_picked":["StuffTheSpire:Python","Blade Dance","bronze:GetLatest"],"picked":"StuffTheSpire:Injection+1","floor":88.0},{"not_picked":["Prepared","Infinite Blades","bronze:BugBarrage"],"picked":"Quick Slash","floor":89.0},{"not_picked":["ReplayTheSpireMod:The Works+1","Dagger Throw+1","StuffTheSpire:Python+1","bronze:Backtrace"],"picked":"SKIP","floor":94.0},{"not_picked":["Dodge and Roll+1","Escape Plan","bronze:ForceShield"],"picked":"Poisoned Stab+1","floor":97.0},{"not_picked":["Deflect","Dagger Throw+1","bronze:BugBarrage"],"picked":"StuffTheSpire:Shiver","floor":99.0},{"not_picked":["Infinite Blades","PiercingWail+1","bronze:CutThrough"],"picked":"Accuracy","floor":101.0},{"not_picked":["A Thousand Cuts","infinitespire:Neurotoxin","bronze:FindAndReplace"],"picked":"Venomology","floor":103.0},{"not_picked":["Dagger Spray","Acrobatics","Crippling Poison"],"picked":"bronze:OilSpill","floor":105.0},{"not_picked":["Forethought+1","Madness+1","StuffTheSpire:PlasmaPunch+1"],"picked":"conspire:Banana+1","floor":106.0},{"not_picked":["Blur","ReplayTheSpireMod:Shiv Toss","StuffTheSpire:Python","bronze:ItsAFeature"],"picked":"SKIP","floor":109.0},{"not_picked":["infinitespire:SevenWalls","hubris:Fate"],"picked":"infinitespire:Execution","floor":110.0},{"not_picked":["Cloak And Dagger","Blade Dance","StuffTheSpire:Python","bronze:BitShift"],"picked":"SKIP","floor":110.0},{"not_picked":["A Thousand Cuts","Draining Mist","Skewer"],"picked":"bronze:OilSpill","floor":112.0},{"not_picked":["Draining Mist","Finisher","hubris:SlightOfHand"],"picked":"bronze:NullPointer","floor":114.0},{"not_picked":["Dash","StuffTheSpire:Python","Bane","bronze:WildBeam"],"picked":"SKIP","floor":116.0},{"not_picked":["StuffTheSpire:Python","Acrobatics","Flechettes","bronze:WhirlingStrike"],"picked":"SKIP","floor":117.0},{"not_picked":["hubris:SlightOfHand","Setup","bronze:WildBeam"],"picked":"Blade Dance","floor":118.0},{"not_picked":["A Thousand Cuts","Corpse Explosion","Phantasmal Killer"],"picked":"bronze:Mutator","floor":120.0},{"not_picked":["Masterful Stab","Blade Dance","StuffTheSpire:Sprint","bronze:BugBarrage"],"picked":"SKIP","floor":122.0},{"not_picked":["Hidden Blade","Deflect","Blade Dance","bronze:ChildClass"],"picked":"SKIP","floor":124.0},{"not_picked":["Backflip","ReplayTheSpireMod:Tripwire+1","Sucker Punch"],"picked":"bronze:Philosophize","floor":125.0},{"not_picked":["Fluid Movement","Eviscerate+1","Dagger Spray"],"picked":"bronze:Shell","floor":126.0},{"not_picked":["Die Die Die","Blade Dance","bronze:DelayedSlice"],"picked":"Noxious Fumes","floor":127.0},{"not_picked":["Blade Dance","StuffTheSpire:BrimstoneBlast","Riddle With Holes"],"picked":"bronze:Repair","floor":128.0},{"not_picked":["ReplayTheSpireMod:Shiv Toss","Flying Knee","bronze:Shield"],"picked":"StuffTheSpire:Shiver+1","floor":129.0}],"player_experience":228724,"relics_obtained":[{"floor":1.0,"key":"LetterFromLob"},{"floor":6.0,"key":"MawBank"},{"floor":8.0,"key":"Anchor"},{"floor":9.0,"key":"halation:Toothbrush"},{"floor":10.0,"key":"reliquary:BoilingFlask"},{"floor":23.0,"key":"hubris:BundleOfHerbs"},{"floor":27.0,"key":"StuffTheSpire:RubySignet"},{"floor":28.0,"key":"WingedGreaves"},{"floor":29.0,"key":"sagemod:Creepy_Carousel"},{"floor":31.0,"key":"reliquary:Aerogel"},{"floor":38.0,"key":"Ring of Fury"},{"floor":38.0,"key":"ReplayTheSpireMod:Ring of Addiction"},{"floor":38.0,"key":"White Beast Statue"},{"floor":38.0,"key":"Potion Belt"},{"floor":42.0,"key":"Bronze Scales"},{"floor":44.0,"key":"aspiration:HummingbirdHeart"},{"floor":45.0,"key":"reliquary:Buckler"},{"floor":47.0,"key":"Strawberry"},{"floor":59.0,"key":"Bag of Marbles"},{"floor":61.0,"key":"reliquary:NewFriend"},{"floor":62.0,"key":"Blue Doll"},{"floor":76.0,"key":"hubris:DisguiseKit"},{"floor":77.0,"key":"reliquary:PartyBalloon"},{"floor":79.0,"key":"hubris:TenFootPole"},{"floor":81.0,"key":"Smiling Mask"},{"floor":82.0,"key":"Gremlin Food"},{"floor":83.0,"key":"Onion Ring"},{"floor":84.0,"key":"hubris:GlazedTorus"},{"floor":94.0,"key":"Replay:Arrowhead"},{"floor":96.0,"key":"Art of War"},{"floor":97.0,"key":"Girya"},{"floor":110.0,"key":"halation:PenCase"},{"floor":112.0,"key":"Omamori"},{"floor":113.0,"key":"halation:IllGainedPizza"},{"floor":114.0,"key":"Incense Burner"},{"floor":114.0,"key":"RedMistMask"},{"floor":116.0,"key":"Anchor"},{"floor":118.0,"key":"Ninja Scroll"},{"floor":127.0,"key":"Darkstone Periapt"},{"floor":129.0,"key":"Regal Pillow"},{"floor":130.0,"key":"HornCleat"}],"event_choices":[{"damage_healed":0.0,"max_hp_gain":0.0,"max_hp_loss":0.0,"gold_gain":0.0,"event_name":"The Cleric","player_choice":"Leave","floor":2.0,"gold_loss":0.0,"damage_taken":0.0},{"damage_healed":0.0,"max_hp_gain":0.0,"max_hp_loss":0.0,"gold_gain":275.0,"event_name":"Golden Shrine","player_choice":"Desecrate","floor":3.0,"gold_loss":0.0,"damage_taken":0.0,"cards_obtained":["Regret"]},{"damage_healed":0.0,"max_hp_gain":0.0,"max_hp_loss":0.0,"gold_gain":0.0,"event_name":"WeMeetAgain","player_choice":"Paid Gold","floor":19.0,"gold_loss":73.0,"damage_taken":0.0,"relics_obtained":["hubris:MedicalManual"]},{"damage_healed":0.0,"max_hp_gain":0.0,"max_hp_loss":0.0,"gold_gain":0.0,"event_name":"Duplicator","player_choice":"Copied","floor":21.0,"gold_loss":0.0,"damage_taken":0.0,"cards_obtained":["Blade Dance"]},{"damage_healed":0.0,"max_hp_gain":0.0,"max_hp_loss":0.0,"gold_gain":275.0,"event_name":"Golden Shrine","player_choice":"Desecrate","floor":32.0,"gold_loss":0.0,"damage_taken":0.0,"cards_obtained":["Regret"]},{"cards_removed":["Slice"],"damage_healed":0.0,"max_hp_gain":0.0,"max_hp_loss":0.0,"gold_gain":0.0,"event_name":"betterNote:BetterNote","player_choice":"Give","floor":41.0,"gold_loss":0.0,"damage_taken":0.0,"cards_obtained":["None"]},{"damage_healed":68.0,"max_hp_gain":0.0,"max_hp_loss":10.0,"gold_gain":0.0,"event_name":"The Moai Head","player_choice":"Heal","floor":46.0,"gold_loss":0.0,"damage_taken":0.0},{"damage_healed":0.0,"max_hp_gain":0.0,"max_hp_loss":0.0,"gold_gain":275.0,"event_name":"Golden Shrine","player_choice":"Desecrate","floor":49.0,"gold_loss":0.0,"damage_taken":0.0,"cards_obtained":["Regret"]},{"damage_healed":0.0,"max_hp_gain":0.0,"max_hp_loss":0.0,"gold_gain":0.0,"event_name":"Dead Adventurer","player_choice":"Searched \u00273\u0027 times","floor":57.0,"gold_loss":0.0,"damage_taken":0.0,"relics_obtained":["Mummified Hand"]},{"damage_healed":0.0,"max_hp_gain":0.0,"max_hp_loss":0.0,"gold_gain":0.0,"cards_transformed":["Hidden Blade"],"event_name":"Transmorgrifier","player_choice":"Transformed","floor":65.0,"gold_loss":0.0,"damage_taken":0.0,"cards_obtained":["hubris:SlightOfHand"]},{"damage_healed":0.0,"max_hp_gain":0.0,"max_hp_loss":0.0,"gold_gain":0.0,"event_name":"Drug Dealer","player_choice":"Obtain J.A.X.","floor":72.0,"gold_loss":0.0,"damage_taken":0.0,"cards_obtained":["J.A.X."]},{"damage_healed":0.0,"max_hp_gain":5.0,"max_hp_loss":0.0,"gold_gain":0.0,"event_name":"Forgotten Altar","player_choice":"Shed Blood","floor":74.0,"gold_loss":0.0,"damage_taken":21.0},{"damage_healed":0.0,"max_hp_gain":0.0,"max_hp_loss":0.0,"gold_gain":275.0,"event_name":"Golden Shrine","player_choice":"Desecrate","floor":100.0,"gold_loss":0.0,"damage_taken":0.0,"cards_obtained":["Regret"]},{"damage_healed":0.0,"max_hp_gain":0.0,"max_hp_loss":0.0,"gold_gain":0.0,"event_name":"betterMatch:BetterMatch","player_choice":"2","floor":106.0,"gold_loss":0.0,"damage_taken":0.0,"cards_obtained":["betterMatch:ColorlessUncommonCard"]},{"damage_healed":0.0,"max_hp_gain":0.0,"max_hp_loss":0.0,"gold_gain":0.0,"event_name":"betterThird:BetterSerpent","player_choice":"RENOUNCE","floor":108.0,"gold_loss":3.0,"damage_taken":3.0,"cards_obtained":["Enlightenment"]},{"damage_healed":0.0,"max_hp_gain":0.0,"max_hp_loss":0.0,"gold_gain":0.0,"event_name":"Accursed Blacksmith","player_choice":"Rummage","floor":123.0,"gold_loss":0.0,"damage_taken":0.0,"relics_obtained":["WarpedTongs"],"cards_obtained":["Pain"]}],"is_beta":false,"boss_relics":[{"not_picked":["hubris:RunicObelisk","energizedSpire:DeadBattery"],"picked":"aspiration:RitualDagger"},{"not_picked":["Ring of the Serpent","Pandora\u0027s Box"],"picked":"StuffTheSpire:Kangaroo"},{"not_picked":["Cursed Key","ReplayTheSpireMod:SealedPack"],"picked":"hubris:TerracottaHorce"},{"not_picked":["Replay:Drink Me","energizedSpire:OgreHead"],"picked":"reliquary:RedPaperclip"},{"not_picked":["aspiration:FutureDiary","hubris:GrandSneckoEye"],"picked":"Ring of the Serpent"},{"not_picked":["conspire:SeveredTorchhead","Replay:Ancient Bell"],"picked":"WristBlade"},{"not_picked":["reliquary:Ember","Kintsugi"],"picked":"Pandora\u0027s Box"}],"items_purged_floors":[4,58,58,66,90,107],"is_endless":true,"potions_floor_spawned":[6,8,14,16,18,31,35,39,42,43,44,47,50,52,54,57,59,61,63,67,69,71,73,76,77,81,82,84,86,88,89,94,97,99,101,103,105,109,110,112,114,116,117,118,120,122,124,125,126,127,128,129],"killed_by":"Snake Plant","ascension_level":4}}