{"host":"utqe55yv0jihe4d6","time":1612414746,"event":{"mods":["2.2 Compatiblity","AchievementEnabler","BaseMod","Block Reminder","Colored Map","Colored Powertips","Minty Spire (QoL Compilation)","Quick Restart","Rare Cards Sparkle","Relic Stats","SuperFastMode"],"gold_per_floor":[112,112,34,34,34,34,62,62,62,75,75,90,124,135,135,208,208,226,226,242,261,281,314,68,83,109,128,44,76,76,76,76],"floor_reached":31,"language":"ENG","playtime":1168,"items_purged":["Defend_G"],"score":645,"play_id":"3ec48195-e297-447e-a2e0-ea4964bcf7e3","local_time":"20210203235906","is_ascension_mode":true,"campfire_choices":[{"data":"Deadly Poison","floor":6.0,"key":"SMITH"},{"data":"Neutralize","floor":8.0,"key":"SMITH"},{"data":"Prepared","floor":11.0,"key":"SMITH"},{"floor":15.0,"key":"REST"},{"data":"Well Laid Plans","floor":30,"key":"SMITH"}],"circlet_count":0,"master_deck":["AscendersBane","Defend_G","Defend_G","Defend_G","Survivor","Neutralize+1","Deadly Poison+1","Leg Sweep","Prepared+1","Well Laid Plans+1","Eviscerate","Unload","All Out Attack","Burst","Acrobatics","Bite","Bite","Bite","Bite","Bite","Underhanded Strike","Dodge and Roll+1","Caltrops","Dagger Throw","Caltrops","PiercingWail"],"relics":["Ring of the Snake","NeowsBlessing","Ginger","Tough Bandages","StrikeDummy","Tingsha","SlaversCollar","Art of War","Membership Card","Omamori","PreservedInsect","Pen Nib"],"acts_visited":["Exordium","TheCity"],"potions_floor_usage":[25,25,29],"damage_taken":[{"damage":0.0,"enemies":"Small Slimes","floor":1.0,"turns":1.0},{"damage":0.0,"enemies":"Lagavulin","floor":7.0,"turns":1.0},{"damage":0.0,"enemies":"Jaw Worm","floor":10.0,"turns":1.0},{"damage":0.0,"enemies":"2 Louse","floor":12.0,"turns":3.0},{"damage":30.0,"enemies":"Gremlin Nob","floor":13.0,"turns":4.0},{"damage":0.0,"enemies":"Exordium Thugs","floor":14.0,"turns":4.0},{"damage":21.0,"enemies":"The Guardian","floor":16.0,"turns":10.0},{"damage":17.0,"enemies":"3 Byrds","floor":18.0,"turns":6.0},{"damage":10.0,"enemies":"Shell Parasite","floor":20.0,"turns":6.0},{"damage":34.0,"enemies":"Centurion and Healer","floor":21.0,"turns":16.0},{"damage":22.0,"enemies":"Snecko","floor":22.0,"turns":7.0},{"damage":7.0,"enemies":"Gremlin Leader","floor":23.0,"turns":8.0},{"damage":22,"enemies":"Snake Plant","floor":25,"turns":3},{"damage":26,"enemies":"Shelled Parasite and Fungi","floor":27,"turns":9},{"damage":2,"enemies":"Book of Stabbing","floor":29,"turns":5},{"damage":30,"enemies":"Sentry and Sphere","floor":31,"turns":5}],"seed_played":"436236046133898887","potions_obtained":[{"floor":12.0,"key":"SneckoOil"},{"floor":13.0,"key":"Swift Potion"},{"floor":16.0,"key":"BlessingOfTheForge"},{"floor":23.0,"key":"Dexterity Potion"},{"floor":25,"key":"EssenceOfSteel"},{"floor":27,"key":"GamblersBrew"}],"is_trial":false,"path_per_floor":["M","?","$","?","?","R","E","R","T","M","R","M","E","M","R","B",null,"M","?","M","M","M","E","$","M","T","M","$","E","R","M"],"character_chosen":"THE_SILENT","items_purchased":["Leg Sweep","Membership Card","Caltrops","PreservedInsect"],"campfire_rested":1,"item_purchase_floors":[3,24,24,28],"current_hp_per_floor":[59,48,48,48,48,48,48,48,48,48,48,48,18,18,37,16,54,37,37,33,41,27,40,40,22,22,14,14,18,18,0,0],"gold":76,"neow_bonus":"THREE_ENEMY_KILL","is_daily":false,"chose_seed":false,"campfire_upgraded":4,"win_rate":0.0,"timestamp":1612414746,"path_taken":["M","?","$","?","?","R","E","R","T","M","R","M","E","M","R","BOSS","M","?","M","M","M","E","$","M","T","M","$","E","R","M"],"items_purchased_type":["Card","Relic","Card","Relic"],"build_version":"2020-12-22","purchased_purges":1,"victory":false,"max_hp_per_floor":[66,66,66,66,66,66,66,66,66,66,66,66,66,66,66,66,66,66,46,46,46,46,46,46,46,46,46,46,46,46,46,46],"relic_stats":{"Tough Bandages":[324],"counters":[16,89],"Tingsha":[260],"PreservedInsect":54,"Pen Nib":[0],"Art of War":[3],"Ginger":[6],"obtain_stats":[{"SlaversCollar":17,"Tough Bandages":7,"NeowsBlessing":0,"Tingsha":13,"PreservedInsect":28,"Pen Nib":29,"Art of War":23,"Omamori":26,"Ginger":2,"Membership Card":24,"StrikeDummy":9,"Ring of the Snake":0},{"SlaversCollar":7,"Tough Bandages":2,"NeowsBlessing":0,"Tingsha":5,"PreservedInsect":14,"Pen Nib":15,"Art of War":12,"Omamori":13,"Ginger":1,"Membership Card":12,"StrikeDummy":2,"Ring of the Snake":0},{"SlaversCollar":24,"Tough Bandages":2,"NeowsBlessing":0,"Tingsha":10,"PreservedInsect":79,"Pen Nib":84,"Art of War":67,"Omamori":70,"Ginger":1,"Membership Card":67,"StrikeDummy":2,"Ring of the Snake":0}],"Ring of the Snake":[32]},"card_choices":[{"not_picked":["Blade Dance","Choke"],"picked":"Deadly Poison","floor":1.0},{"not_picked":["Acrobatics","Dagger Spray"],"picked":"Prepared","floor":7.0},{"not_picked":["Blade Dance","Flying Knee"],"picked":"Well Laid Plans","floor":10.0},{"not_picked":["Sucker Punch","PiercingWail"],"picked":"Eviscerate","floor":12.0},{"not_picked":["Quick Slash","Deflect"],"picked":"Unload","floor":13.0},{"not_picked":["Quick Slash","Backflip"],"picked":"All Out Attack","floor":14.0},{"not_picked":["Night Terror","Envenom"],"picked":"Burst","floor":16.0},{"not_picked":["Cloak And Dagger","Catalyst+1"],"picked":"Acrobatics","floor":18.0},{"not_picked":["Concentrate","Crippling Poison"],"picked":"Underhanded Strike","floor":20.0},{"not_picked":["Choke","Blade Dance","Quick Slash"],"picked":"SKIP","floor":21.0},{"not_picked":["Envenom","Expertise","Cloak And Dagger"],"picked":"SKIP","floor":22.0},{"not_picked":["Acrobatics","Backflip"],"picked":"Dodge and Roll+1","floor":23.0},{"not_picked":["Sucker Punch","Flechettes"],"picked":"Dagger Throw","floor":25},{"not_picked":["Noxious Fumes","Poisoned Stab"],"picked":"Caltrops","floor":27},{"not_picked":["Deflect","All Out Attack+1"],"picked":"PiercingWail","floor":29}],"player_experience":3015744,"relics_obtained":[{"floor":7.0,"key":"Tough Bandages"},{"floor":9.0,"key":"StrikeDummy"},{"floor":13.0,"key":"Tingsha"},{"floor":23.0,"key":"Art of War"},{"floor":26,"key":"Omamori"},{"floor":29,"key":"Pen Nib"}],"event_choices":[{"damage_healed":0.0,"max_hp_gain":0.0,"max_hp_loss":0.0,"gold_gain":0.0,"event_name":"Scrap Ooze","player_choice":"Success","floor":2.0,"gold_loss":0.0,"damage_taken":11.0,"relics_obtained":["Ginger"]},{"damage_healed":0.0,"max_hp_gain":0.0,"max_hp_loss":0.0,"gold_gain":0.0,"event_name":"Liars Game","player_choice":"Ignored","floor":4.0,"gold_loss":0.0,"damage_taken":0.0},{"cards_removed":["Defend_G"],"damage_healed":0.0,"max_hp_gain":0.0,"max_hp_loss":0.0,"gold_gain":0.0,"event_name":"Purifier","player_choice":"Purged","floor":5.0,"gold_loss":0.0,"damage_taken":0.0},{"damage_healed":0.0,"max_hp_gain":0.0,"max_hp_loss":20.0,"gold_gain":0.0,"event_name":"Vampires","player_choice":"Became a vampire","floor":19.0,"gold_loss":0.0,"damage_taken":0.0,"cards_obtained":["Bite","Bite","Bite","Bite","Bite"]}],"is_beta":false,"boss_relics":[{"not_picked":["Busted Crown","WristBlade"],"picked":"SlaversCollar"}],"items_purged_floors":[24],"is_endless":false,"potions_floor_spawned":[12,13,16,23,25,27],"killed_by":"Sentry and Sphere","ascension_level":20}}