{"host":"jxmsv4d84jcvxth5","time":1612407322,"event":{"mods":["BaseMod","Colored Map","Minty Spire (QoL Compilation)","Relic Stats","StSLib"],"gold_per_floor":[117,167,177,190,209,248,248,280,280,305,380,126,126,44,44,44,44],"floor_reached":16,"language":"ENG","playtime":533,"items_purged":["Strike_R"],"score":286,"play_id":"19c740ab-9573-4565-a6c8-e81a90602c6e","local_time":"20210203215522","is_ascension_mode":true,"campfire_choices":[{"data":"Bash","floor":7,"key":"SMITH"},{"floor":15,"key":"REST"}],"circlet_count":0,"master_deck":["AscendersBane","Strike_R","Strike_R","Strike_R","Strike_R","Defend_R","Defend_R","Defend_R","Defend_R","Bash+1","Carnage","True Grit","Pommel Strike","Reaper","Shrug It Off","Dark Shackles"],"relics":["Burning Blood","NeowsBlessing","CeramicFish","Anchor","Mummified Hand","Mercury Hourglass","Juzu Bracelet","Golden Idol"],"acts_visited":["Exordium"],"potions_floor_usage":[6,8,10],"damage_taken":[{"damage":0,"enemies":"Jaw Worm","floor":1,"turns":1},{"damage":0,"enemies":"Cultist","floor":3,"turns":1},{"damage":0,"enemies":"Small Slimes","floor":4,"turns":1},{"damage":23,"enemies":"Exordium Wildlife","floor":5,"turns":4},{"damage":43,"enemies":"3 Sentries","floor":6,"turns":8},{"damage":0,"enemies":"Gremlin Nob","floor":8,"turns":3},{"damage":26,"enemies":"3 Sentries","floor":10,"turns":10},{"damage":24,"enemies":"The Guardian","floor":16,"turns":2}],"seed_played":"798403149675325156","potions_obtained":[{"floor":1,"key":"CultistPotion"},{"floor":4,"key":"GamblersBrew"},{"floor":6,"key":"Block Potion"}],"is_trial":false,"path_per_floor":["M","?","M","M","M","E","R","E","T","E","?","$","?","$","R","B"],"character_chosen":"IRONCLAD","items_purchased":["Shrug It Off","Juzu Bracelet","Dark Shackles"],"campfire_rested":1,"item_purchase_floors":[12,12,14],"current_hp_per_floor":[74,74,75,75,58,21,21,27,27,15,4,4,4,4,24,0,0],"gold":44,"neow_bonus":"THREE_ENEMY_KILL","is_daily":false,"chose_seed":false,"campfire_upgraded":1,"win_rate":0.0,"timestamp":1612407322,"path_taken":["M","?","M","M","?","E","R","E","T","E","?","?","?","$","R","BOSS"],"items_purchased_type":["Card","Relic","Card"],"build_version":"2020-12-22","purchased_purges":1,"victory":false,"max_hp_per_floor":[75,75,75,75,75,75,75,75,75,75,75,75,68,68,68,68,68],"relic_stats":{"counters":[8,30],"Mummified Hand":[0],"Golden Idol":0,"CeramicFish":27,"Juzu Bracelet":0,"obtain_stats":[{"Anchor":8,"NeowsBlessing":0,"Mummified Hand":9,"Golden Idol":13,"CeramicFish":6,"Juzu Bracelet":12,"Burning Blood":0,"Mercury Hourglass":10},{"Anchor":6,"NeowsBlessing":0,"Mummified Hand":6,"Golden Idol":7,"CeramicFish":5,"Juzu Bracelet":7,"Burning Blood":0,"Mercury Hourglass":7},{"Anchor":18,"NeowsBlessing":0,"Mummified Hand":18,"Golden Idol":28,"CeramicFish":15,"Juzu Bracelet":28,"Burning Blood":0,"Mercury Hourglass":28}],"Burning Blood":31,"Mercury Hourglass":[3]},"card_choices":[{"not_picked":["Heavy Blade","Warcry"],"picked":"Carnage","floor":1},{"not_picked":["Rupture","Heavy Blade"],"picked":"True Grit","floor":3},{"not_picked":["Sever Soul","True Grit"],"picked":"Pommel Strike","floor":4},{"not_picked":["Armaments","Whirlwind","Dark Embrace"],"picked":"SKIP","floor":5},{"not_picked":["Flex","Armaments"],"picked":"Reaper","floor":6},{"not_picked":["Entrench","Pommel Strike","Clash"],"picked":"SKIP","floor":8},{"not_picked":["Clothesline","Searing Blow","Ghostly Armor"],"picked":"SKIP","floor":10}],"player_experience":1548657,"relics_obtained":[{"floor":6,"key":"CeramicFish"},{"floor":8,"key":"Anchor"},{"floor":9,"key":"Mummified Hand"},{"floor":10,"key":"Mercury Hourglass"}],"event_choices":[{"damage_healed":0,"gold_gain":50,"player_choice":"Pray","damage_taken":0,"max_hp_gain":0,"max_hp_loss":0,"event_name":"Golden Shrine","floor":2,"gold_loss":0},{"damage_healed":0,"gold_gain":75,"player_choice":"Gather Gold","damage_taken":11,"max_hp_gain":0,"max_hp_loss":0,"event_name":"World of Goop","floor":11,"gold_loss":0},{"damage_healed":0,"gold_gain":0,"player_choice":"Lose Max HP","damage_taken":0,"relics_obtained":["Golden Idol"],"max_hp_gain":0,"max_hp_loss":7,"event_name":"Golden Idol","floor":13,"gold_loss":0}],"is_beta":false,"boss_relics":[],"items_purged_floors":[12],"is_endless":false,"potions_floor_spawned":[1,4,6],"killed_by":"The Guardian","ascension_level":20}}