{"host":"rgy6n2eoa9ji6d0c","time":1612432976,"event":{"mods":["BaseMod","BetterRewards","Downfall","Minty Spire (QoL Compilation)","Quick Restart","StSLib"],"gold_per_floor":[99,113,23,36,56,91,174,219,231,276,288,115,178,196,215,312,312,312,322,341,147,159,194,220,20,53,53,65,50,50,50,64,161,161,61,71,71,11,26,45,45,0,0,30,11,11,41,57,72,72,72,104,4,4,4,4,4,4],"floor_reached":56,"language":"ENG","playtime":4380,"items_purged":["Slimebound:Strike_Slimebound","Slimebound:Strike_Slimebound","Slimebound:Defend_Slimebound","Slimebound:Tackle+1","downfall:Bewildered","Slimebound:CorrosiveSpit"],"score":880,"play_id":"fa17a0b1-8db8-4ad9-9936-e4b298016e90","local_time":"20210204110256","is_ascension_mode":true,"campfire_choices":[{"data":"Slimebound:Tackle","floor":1,"key":"SMITH"},{"data":"Slimebound:RainOfGoop","floor":11,"key":"SMITH"},{"data":"Slimebound:MassRepurpose","floor":18,"key":"SMITH"},{"data":"Slimebound:SelfFormingGoo","floor":25,"key":"SMITH"},{"floor":30,"key":"RECALL"},{"data":"Slimebound:SelfFormingGoo","floor":35,"key":"SMITH"},{"data":"Slimebound:Repurpose","floor":43,"key":"SMITH"},{"data":"Slimebound:MinionMaster","floor":46,"key":"SMITH"},{"data":"Slimebound:MassRepurpose","floor":54,"key":"SMITH"}],"circlet_count":0,"master_deck":["Slimebound:Defend_Slimebound","Slimebound:Defend_Slimebound","Slimebound:Split+1","Slimebound:RainOfGoop+1","Slimebound:MinionMaster+1","Slimebound:Equalize+1","Slimebound:PressTheAttack+1","Slimebound:SplitMire","Slimebound:SplitBruiser","Slimebound:SplitLeeching","Slimebound:SelfFormingGoo+1","Slimebound:SlimeBarrage+1","Slimebound:LeadByExample","Slimebound:MassRepurpose+1","Slimebound:Repurpose+1","Slimebound:LeechingTouch+1","Slimebound:SplitLeeching","Slimebound:SplitMire+1","Slimebound:OozeBath","Slimebound:PressTheAttack+1","Slimebound:GoopSpray","Slimebound:SplitBruiser","Slimebound:SplitAcid","Slimebound:SelfFormingGoo+1","Slimebound:SamplingLick+1","Slimebound:LevelUp","Slimebound:MassRepurpose+1","Slimebound:SplitLeeching","Slimebound:HauntingLick+1","Slimebound:RallyTheTroops+1","Slimebound:Equalize+1","Slimebound:SlimeBrawl+1"],"relics":["Slimebound:AbsorbEndCombat","MawBank","Molten Egg 2","Strawberry","Anchor","Meat on the Bone","Empty Cage","StrikeDummy","downfall:HeartBlessingGreen","downfall:HeartBlessingBlue","Eternal Feather","sneckomod:BabySnecko","SlaversCollar","downfall:HeartBlessingRed","downfall:TeleportStone","Membership Card","Blood Vial","Letter Opener","Ornamental Fan","Slimebound:MaxSlimesRelic","Shuriken"],"acts_visited":["Exordium","TheCity","TheBeyond","TheEnding"],"potions_floor_usage":[16,56,56,56],"damage_taken":[{"damage":0,"enemies":"Cultist","floor":2,"turns":3},{"damage":0,"enemies":"downfall:FleeingMerchant","floor":3,"turns":4},{"damage":0,"enemies":"Small Slimes","floor":4,"turns":3},{"damage":4,"enemies":"Jaw Worm","floor":5,"turns":4},{"damage":11,"enemies":"Gremlin Nob","floor":6,"turns":3},{"damage":39,"enemies":"Lagavulin","floor":8,"turns":6},{"damage":29,"enemies":"3 Sentries","floor":10,"turns":7},{"damage":18,"enemies":"downfall:FleeingMerchant","floor":12,"turns":4},{"damage":10,"enemies":"Gremlin Nob","floor":13,"turns":3},{"damage":0,"enemies":"Blue Slaver","floor":14,"turns":2},{"damage":8,"enemies":"Exordium Wildlife","floor":15,"turns":3},{"damage":3,"enemies":"SI_SHIV_ARCHETYPE","floor":16,"turns":5},{"damage":1,"enemies":"Spheric Guardian","floor":19,"turns":3},{"damage":0,"enemies":"Chosen","floor":20,"turns":3},{"damage":15,"enemies":"downfall:FleeingMerchant","floor":21,"turns":4},{"damage":12,"enemies":"Snecko","floor":22,"turns":4},{"damage":49,"enemies":"Slavers","floor":23,"turns":5},{"damage":32,"enemies":"Book of Stabbing","floor":26,"turns":5},{"damage":18,"enemies":"Chosen and Byrds","floor":28,"turns":4},{"damage":4,"enemies":"downfall:FleeingMerchant","floor":29,"turns":4},{"damage":22,"enemies":"Centurion and Healer","floor":32,"turns":4},{"damage":58,"enemies":"IC_MUSHROOM_ARCHETYPE","floor":33,"turns":8},{"damage":39,"enemies":"3 Darklings","floor":36,"turns":6},{"damage":0,"enemies":"downfall:FleeingMerchant","floor":38,"turns":2},{"damage":3,"enemies":"3 Shapes","floor":39,"turns":4},{"damage":52,"enemies":"Jaw Worm Horde","floor":40,"turns":5},{"damage":31,"enemies":"Nemesis","floor":44,"turns":5},{"damage":7,"enemies":"Giant Head","floor":47,"turns":8},{"damage":1,"enemies":"Transient","floor":48,"turns":5},{"damage":7,"enemies":"Maw","floor":49,"turns":6},{"damage":73,"enemies":"DF_ARCHETYPE_ORBS","floor":50,"turns":6},{"damage":34,"enemies":"downfall:CharBossMerchant","floor":52,"turns":7},{"damage":34,"enemies":"downfall:NeowBoss","floor":55,"turns":10},{"damage":98,"enemies":"downfall:NeowBossFinal","floor":56,"turns":5}],"seed_played":"-6238838486598044532","potions_obtained":[{"floor":5,"key":"Slimebound:SpawnSlimePotion"},{"floor":8,"key":"Slimebound:ThreeZeroPotion"},{"floor":10,"key":"Dexterity Potion"},{"floor":20,"key":"EssenceOfSteel"},{"floor":44,"key":"CultistPotion"},{"floor":48,"key":"DistilledChaos"}],"is_trial":false,"path_per_floor":["R","M","$","M","M","E","T","E","?","E","R","$","?","M","M","B",null,"R","M","M","$","M","E","T","R","E","?","M","$","R","?","M","B",null,"R","M","?","$","M","M","T","$","R","E","$","R","E","M","M","B",null,"E","$","R","B","B"],"character_chosen":"SLIMEBOUND","items_purchased":["Slimebound:SplitBruiser","Slimebound:SplitLeeching","Slimebound:SplitLeeching","Membership Card","Blood Vial","Slimebound:LevelUp","Slimebound:MassRepurpose","Slimebound:Equalize+1"],"campfire_rested":0,"item_purchase_floors":[12,12,21,38,38,38,38,45],"current_hp_per_floor":[65,65,65,65,63,58,58,34,34,25,25,27,31,47,43,46,72,72,72,72,59,60,29,29,39,37,37,31,45,57,57,53,15,82,82,49,49,51,52,24,24,24,42,35,35,53,68,82,82,37,82,66,66,82,65,0,0,0],"gold":4,"neow_bonus":"UPGRADE_CARD","is_daily":false,"chose_seed":false,"campfire_upgraded":8,"win_rate":0.0,"timestamp":1612432976,"path_taken":["R","M","$","?","M","E","T","E","?","E","R","$","?","M","M","BOSS","R","M","M","$","M","E","T","R","E","?","M","$","R","?","M","BOSS","R","M","?","?","M","M","T","$","R","E","$","R","E","?","M","BOSS","E","$","R","BOSS","BOSS"],"items_purchased_type":["Card","Card","Card","Relic","Relic","Card","Card","Card"],"build_version":"2020-12-22","purchased_purges":6,"victory":false,"max_hp_per_floor":[65,65,65,65,65,65,65,72,72,72,72,72,72,72,72,72,72,72,72,72,72,72,72,72,82,82,82,82,82,82,82,82,82,82,82,82,82,82,82,82,82,82,82,82,82,82,82,82,82,82,82,82,82,82,82,82,82,82],"card_choices":[{"not_picked":["Slimebound:ItLooksTasty","Slimebound:ComboTackle","Slimebound:LivingWall"],"picked":"SKIP","floor":2},{"not_picked":["Slimebound:ItLooksTasty","Slimebound:HungryTackle","Slimebound:Prepare"],"picked":"SKIP","floor":3},{"not_picked":["Slimebound:HauntingLick","Slimebound:ServeAndProtect","Slimebound:FinishingTackle"],"picked":"SKIP","floor":4},{"not_picked":["Slimebound:Schlurp","Slimebound:RejuvenatingLick"],"picked":"Slimebound:RainOfGoop","floor":5},{"not_picked":["Slimebound:SplitMire","Slimebound:SamplingLick"],"picked":"Slimebound:MinionMaster","floor":6},{"not_picked":["Slimebound:Dissolve","Slimebound:Recollect"],"picked":"Slimebound:Equalize+1","floor":8},{"not_picked":["Slimebound:ProtectTheBoss","Slimebound:Repurpose"],"picked":"Slimebound:PressTheAttack+1","floor":10},{"not_picked":["Slimebound:FinishingTackle+1","Slimebound:Chomp+1"],"picked":"Slimebound:SplitMire","floor":12},{"not_picked":["Slimebound:Schlurp","Slimebound:Equalize+1"],"picked":"Slimebound:SelfFormingGoo","floor":13},{"not_picked":["Slimebound:SplitAcid","Slimebound:LeechingTouch+1"],"picked":"Slimebound:SlimeBarrage+1","floor":14},{"not_picked":["Slimebound:GoopTackle+1","Slimebound:GoopSpray"],"picked":"Slimebound:LeadByExample","floor":15},{"not_picked":["Slimebound:MinionMaster","Slimebound:PrepareCrush"],"picked":"Slimebound:MassRepurpose","floor":16},{"not_picked":["Slimebound:ItLooksTasty+1","Slimebound:AcidTongue"],"picked":"Slimebound:Repurpose","floor":19},{"not_picked":["Slimebound:SamplingLick","Slimebound:ComboTackle+1","Slimebound:GrowthPunch+1"],"picked":"SKIP","floor":20},{"not_picked":["Slimebound:SlimeSpikes+1","Slimebound:SplitLeeching"],"picked":"Slimebound:LeechingTouch+1","floor":21},{"not_picked":["Slimebound:LeechEnergy+1","Slimebound:SlimeBarrage+1"],"picked":"Slimebound:SplitMire+1","floor":22},{"not_picked":["Slimebound:DisruptingSlam+1","Slimebound:BestDefense"],"picked":"Slimebound:OozeBath","floor":23},{"not_picked":["Slimebound:Chomp+1","Slimebound:LeechingTouch+1","Slimebound:HauntingLick"],"picked":"SKIP","floor":26},{"not_picked":["Slimebound:FlameTackle+1","Slimebound:LevelUp"],"picked":"Slimebound:PressTheAttack+1","floor":28},{"not_picked":["Slimebound:ItLooksTasty+1","Slimebound:OozeBath"],"picked":"Slimebound:GoopSpray","floor":29},{"not_picked":["Slimebound:HauntingLick","Slimebound:ItLooksTasty+1"],"picked":"Slimebound:SplitAcid","floor":32},{"not_picked":["Slimebound:MassFeed+1","Slimebound:SlimeSlap+1"],"picked":"Slimebound:SelfFormingGoo","floor":33},{"not_picked":["Slimebound:FinishingTackle+1","Slimebound:HauntingLick"],"picked":"Slimebound:SamplingLick+1","floor":36},{"not_picked":["Slimebound:DisruptingSlam+1","Slimebound:Prepare+1","Slimebound:LeechEnergy+1"],"picked":"SKIP","floor":38},{"not_picked":["Slimebound:SlimeBrawl+1","Slimebound:LeechingTouch+1"],"picked":"Slimebound:SplitLeeching","floor":39},{"not_picked":["Slimebound:SlimeSpikes","Slimebound:GrowthPunch+1"],"picked":"Slimebound:HauntingLick+1","floor":40},{"not_picked":["Slimebound:SplitMire+1","Slimebound:FlameTackle+1"],"picked":"Slimebound:RallyTheTroops+1","floor":44},{"not_picked":["Slimebound:ForwardTackle+1","Slimebound:Prepare+1","Slimebound:Dissolve+1"],"picked":"SKIP","floor":47},{"not_picked":["Slimebound:GoopTackle+1","Slimebound:SplitAcid"],"picked":"Slimebound:SlimeBrawl+1","floor":48},{"not_picked":["Slimebound:RejuvenatingLick","Slimebound:LeechingTouch+1","Slimebound:LeechEnergy+1"],"picked":"SKIP","floor":49},{"not_picked":["Slimebound:Prepare+1","Slimebound:RollThrough+1","Slimebound:LeechEnergy+1"],"picked":"SKIP","floor":52}],"player_experience":1502598,"relics_obtained":[{"floor":6,"key":"MawBank"},{"floor":7,"key":"Molten Egg 2"},{"floor":8,"key":"Strawberry"},{"floor":10,"key":"Anchor"},{"floor":13,"key":"Meat on the Bone"},{"floor":23,"key":"StrikeDummy"},{"floor":26,"key":"Eternal Feather"},{"floor":41,"key":"Letter Opener"},{"floor":44,"key":"Ornamental Fan"},{"floor":47,"key":"Slimebound:MaxSlimesRelic"},{"floor":52,"key":"Shuriken"}],"event_choices":[{"damage_healed":0,"gold_gain":0,"player_choice":"Read","damage_taken":0,"max_hp_gain":0,"max_hp_loss":0,"event_name":"The Library","floor":31,"gold_loss":0,"cards_obtained":["Slimebound:SplitBruiser"]}],"is_beta":false,"boss_relics":[{"not_picked":["Velvet Choker","Runic Pyramid"],"picked":"Empty Cage"},{"not_picked":["Pandora\u0027s Box","Philosopher\u0027s Stone"],"picked":"SlaversCollar"}],"items_purged_floors":[3,12,21,38,42,53],"is_endless":false,"potions_floor_spawned":[5,8,10,14,15,20,22,23,26,44,47,48,49,52],"killed_by":"downfall:NeowBossFinal","ascension_level":1}}