{"host":"ywbsnexmk111etbw","time":1612474454,"event":{"mods":["100% Spire Juice","Act Like it!","Arknights","Aspiration","BaseMod","Beaked The Cultist","Colored Powertips","Conspire","Curses Come First","Energized Spire","Fireblade Mod","Fox Events","Hubris","Infinite Spire","Jorbs\u0027s Wanderer Trilogy","Marisa????????","Minty Spire (QoL Compilation)","Pale of the Ancients","Permanent Neow","Reliquary","Replay The Spire","Reworked Bosses","Robot Space Explorer","StSLib","The Blackbeard","The Bladedancer","The Blue Laboratory","The Cursed","The Dragon Tamer","The Marked","The Mystic","The Necromancer","The Saiyan","Wandering Minibosses"],"gold_per_floor":[110,110,110,110,127,127,145,175,191,191,215,233,233,233,246,256,256,357,357,367,380,380,298,298,298,298,314,314,314,343,362,380,380,380,380,380],"floor_reached":35,"language":"ENG","playtime":1394,"items_purged":[],"score":279,"play_id":"396bd289-e488-425c-9c2a-28c4c4e9dc9f","local_time":"20210204163414","is_ascension_mode":false,"campfire_choices":[{"data":"RobotSpaceExplorer:PowerCollector","floor":10,"key":"SMITH"},{"floor":17,"key":"REST"},{"data":"RobotSpaceExplorer:DoubleFind","floor":25,"key":"SMITH"},{"data":"RobotSpaceExplorer:StarDust","floor":29,"key":"SMITH"}],"circlet_count":0,"master_deck":["RobotSpaceExplorer:Strike","RobotSpaceExplorer:Strike","RobotSpaceExplorer:Strike","RobotSpaceExplorer:Strike","RobotSpaceExplorer:Defend","RobotSpaceExplorer:Defend","RobotSpaceExplorer:Defend","RobotSpaceExplorer:Defend","RobotSpaceExplorer:Scan","RobotSpaceExplorer:MiniLasers+1","RobotSpaceExplorer:MiniDrones","RobotSpaceExplorer:Pulsar","RobotSpaceExplorer:SurgingStrike","RobotSpaceExplorer:ScrapMissile+1","RobotSpaceExplorer:ShovelStrike","RobotSpaceExplorer:Asteroid","RobotSpaceExplorer:FrostMissile","RobotSpaceExplorer:HighVoltage","RobotSpaceExplorer:DoubleFind+1","RobotSpaceExplorer:StarDust+1","RobotSpaceExplorer:Blitz+1","Flex"],"relics":["RobotSpaceExplorer:RoboCore","infinitespire:Lucky Rock","hubris:Metronome","ReplayTheSpireMod:Lightbulb","Ginger","aspiration:IroncladSkillbook","Bottled Tornado","Replay:Arrowhead"],"acts_visited":["Exordium","TheCity"],"potions_floor_usage":[8,18,27,30,35,35,35],"damage_taken":[{"damage":0,"enemies":"conspire:RoseBush","floor":1,"turns":3},{"damage":1,"enemies":"Jaw Worm","floor":5,"turns":5},{"damage":1,"enemies":"Small Slimes","floor":7,"turns":3},{"damage":18,"enemies":"Replay:BlueRogue","floor":8,"turns":7},{"damage":5,"enemies":"Blue Slaver","floor":9,"turns":2},{"damage":7,"enemies":"Exordium Thugs","floor":12,"turns":4},{"damage":0,"enemies":"2 Fungi Beasts","floor":15,"turns":2},{"damage":0,"enemies":"Large Slime","floor":16,"turns":3},{"damage":32,"enemies":"Hexaghost","floor":18,"turns":4},{"damage":16,"enemies":"2 Thieves","floor":20,"turns":6},{"damage":5,"enemies":"Chosen","floor":21,"turns":3},{"damage":2,"enemies":"3 Cultists","floor":27,"turns":2},{"damage":41,"enemies":"Gremlin Leader","floor":30,"turns":4},{"damage":23,"enemies":"conspire:HollyBat","floor":31,"turns":5},{"damage":8,"enemies":"Snecko","floor":32,"turns":7},{"damage":27,"enemies":"bossMod:newCollector","floor":35,"turns":5}],"seed_played":"-543638793597728273","potions_obtained":[{"floor":5,"key":"Toxic Potion"},{"floor":7,"key":"blueLaboratory:BubblePotion"},{"floor":15,"key":"blueLaboratory:BubblePotion"},{"floor":18,"key":"Swift Potion"},{"floor":20,"key":"blueLaboratory:SavagePotion"},{"floor":31,"key":"FearPotion"},{"floor":32,"key":"blueLaboratory:FrostheartPotion"}],"is_trial":false,"path_per_floor":["M","?","PTL","PTL","M","?","M","E","M","R","T","M","?","?","M","M","R","B",null,"M","M","?","$","?","R","$","M","T","R","E","M","M","?","R","B"],"character_chosen":"RobotSpaceExplorer","items_purchased":["RobotSpaceExplorer:DoubleFind"],"campfire_rested":1,"item_purchase_floors":[23],"current_hp_per_floor":[75,75,75,75,74,74,73,55,50,50,50,43,43,43,43,43,65,33,75,63,62,75,75,75,75,75,75,75,75,38,19,15,15,37,10,10],"gold":380,"neow_bonus":"RANDOM_COMMON_RELIC","is_daily":false,"chose_seed":false,"campfire_upgraded":3,"win_rate":0.0,"timestamp":1612474454,"path_taken":["M","?","PTL","PTL","M","?","?","E","M","R","T","M","?","?","M","M","R","BOSS","M","?","?","?","?","R","$","?","T","R","E","?","M","?","R","BOSS"],"items_purchased_type":["Card"],"build_version":"2020-12-22","purchased_purges":0,"victory":false,"max_hp_per_floor":[75,75,75,75,75,75,75,75,75,75,75,75,75,75,75,75,75,75,75,75,75,75,75,75,75,75,75,75,75,75,75,75,75,75,75,75],"card_choices":[{"not_picked":["RobotSpaceExplorer:DualCore","RobotSpaceExplorer:Electroshield"],"picked":"RobotSpaceExplorer:MiniDrones","floor":1},{"not_picked":["RobotSpaceExplorer:GearShield","RobotSpaceExplorer:Ammunition"],"picked":"RobotSpaceExplorer:Pulsar","floor":5},{"not_picked":["RobotSpaceExplorer:PowerGlove","RobotSpaceExplorer:GlueShot"],"picked":"RobotSpaceExplorer:SurgingStrike","floor":7},{"not_picked":["RobotSpaceExplorer:SelfCleaning","RobotSpaceExplorer:FranticSearch","RobotSpaceExplorer:GlueShot"],"picked":"SKIP","floor":8},{"not_picked":["RobotSpaceExplorer:Pulsar","RobotSpaceExplorer:Probe"],"picked":"RobotSpaceExplorer:PowerCollector","floor":9},{"not_picked":["RobotSpaceExplorer:SwiftStep","RobotSpaceExplorer:ExhaustFan"],"picked":"RobotSpaceExplorer:ScrapMissile","floor":12},{"not_picked":["RobotSpaceExplorer:Arsenal","RobotSpaceExplorer:ImprovisedAttack","RobotSpaceExplorer:ExhaustFan"],"picked":"SKIP","floor":15},{"not_picked":["RobotSpaceExplorer:SurgingShield","RobotSpaceExplorer:GearShield"],"picked":"RobotSpaceExplorer:ShovelStrike","floor":16},{"not_picked":["RobotSpaceExplorer:Autoloader","RobotSpaceExplorer:Wormhole"],"picked":"RobotSpaceExplorer:Asteroid","floor":18},{"not_picked":["hubris:ReadiedAction","ReplayTheSpireMod:LeadingStrike","Clothesline"],"picked":"RobotSpaceExplorer:FrostMissile","floor":20},{"not_picked":["Run Through","RobotSpaceExplorer:ShockKick","RobotSpaceExplorer:Reload"],"picked":"RobotSpaceExplorer:HighVoltage","floor":21},{"not_picked":["Heavy Blade","RobotSpaceExplorer:Ammunition","Wild Strike"],"picked":"RobotSpaceExplorer:StarDust","floor":27},{"not_picked":["ReplayReversal","Power Through","Body Slam","RobotSpaceExplorer:SlimeMissile"],"picked":"SKIP","floor":30},{"not_picked":["RobotSpaceExplorer:Multitool","Life Link","RobotSpaceExplorer:Pulsar"],"picked":"RobotSpaceExplorer:Blitz+1","floor":31},{"not_picked":["RobotSpaceExplorer:Electroshield","RobotSpaceExplorer:ToxicBomb","RobotSpaceExplorer:Reload"],"picked":"Flex","floor":32}],"player_experience":170603,"relics_obtained":[{"floor":8,"key":"hubris:Metronome"},{"floor":11,"key":"ReplayTheSpireMod:Lightbulb"},{"floor":13,"key":"Ginger"},{"floor":28,"key":"Bottled Tornado"},{"floor":30,"key":"Replay:Arrowhead"}],"event_choices":[{"damage_healed":0,"gold_gain":0,"player_choice":"Leave","damage_taken":0,"max_hp_gain":0,"max_hp_loss":0,"event_name":"The Cleric","floor":2,"gold_loss":0},{"damage_healed":0,"gold_gain":0,"player_choice":"Ignored","damage_taken":0,"max_hp_gain":0,"max_hp_loss":0,"event_name":"NoteForYourself","floor":14,"gold_loss":0},{"cards_removed":["RobotSpaceExplorer:PowerCollector"],"damage_healed":13,"gold_gain":0,"player_choice":"Offered Uncommon","damage_taken":0,"max_hp_gain":0,"max_hp_loss":0,"event_name":"Bonfire Elementals","floor":22,"gold_loss":0},{"damage_healed":0,"gold_gain":0,"player_choice":"Forge","damage_taken":0,"max_hp_gain":0,"max_hp_loss":0,"event_name":"Accursed Blacksmith","floor":33,"gold_loss":0,"cards_upgraded":["RobotSpaceExplorer:MiniLasers"]}],"is_beta":false,"boss_relics":[{"not_picked":["Kintsugi","conspire:RoyalGoblet"],"picked":"aspiration:IroncladSkillbook"}],"items_purged_floors":[],"is_endless":false,"potions_floor_spawned":[5,7,15,18,20,31,32],"killed_by":"bossMod:newCollector","ascension_level":0}}