{"host":"Kitsune","time":1612468765,"event":{"mods":["AchievementEnabler","BaseMod","Bestiary","Better Altar","Better Match","Better Note","Better Sensory Stone","Better Skull","Better Third Choice","BetterRewards","Block Reminder","Colored Map","Colored Powertips","Downfall","Highlight Path","Marisa????????","Minty Spire (QoL Compilation)","Permanent Neow","Remilia??????","Shop Mod","StSLib","The Cursed","The Marked","The Necromancer","The Servant 0.9.4","Waifu the Spire"],"gold_per_floor":[117,67,80,80,80,80,120,120,188,188,4,17,17,35,35,159,159,179,179,8,8,21,21,35,35,35,54,54,69,6,30,30,160,160,183,183,201,29,329,373,388,388,388,64,83,83,83,83],"floor_reached":47,"language":"ENG","playtime":3075,"items_purged":["theMarked:Defend","theMarked:Strike","theMarked:Strike","theMarked:Strike"],"score":528,"play_id":"79439c22-df12-481c-a953-88e037c57884","local_time":"20210204145924","is_ascension_mode":false,"campfire_choices":[{"data":"theMarked:SoldierOfQuellstein","floor":6,"key":"SMITH"},{"data":"theMarked:SwordAndMagic","floor":10,"key":"SMITH"},{"data":"theMarked:PowerFlow","floor":15,"key":"SMITH"},{"data":"theMarked:ComboAttacks","floor":23,"key":"SMITH"},{"data":"theMarked:GodGivenPower","floor":28,"key":"SMITH"},{"data":"theMarked:ComboAttacks","floor":32,"key":"SMITH"},{"data":"theMarked:FavorableWinds","floor":46,"key":"SMITH"}],"circlet_count":0,"master_deck":["theMarked:Defend","theMarked:Defend","theMarked:Defend","theMarked:SoldierOfQuellstein+1","theMarked:SwordAndMagic+1","theMarked:Determination","theMarked:Aftermath","theMarked:Frustration","theMarked:Reabsorb","theMarked:GodGivenPower+1","theMarked:PowerFlow+1","theMarked:BanishingStrike","theMarked:ThrowWeapon+1","theMarked:Frustration","theMarked:ComboAttacks+1","theMarked:WardOff","theMarked:BanishingStrike","theMarked:SwordAndMagic","theMarked:ComboAttacks+1","theMarked:BanishingWave+1","theMarked:FavorableWinds+1","theMarked:ThrowWeapon+1","theMarked:ComboAttacks+1","theMarked:TwofoldDefense","theMarked:Opportunist","theMarked:MysticalArsenal+1"],"relics":["theMarked:ArtifactOfAir","FossilizedHelix","Membership Card","Omamori","Golden Idol","MealTicket","Vajra","Mummified Hand","Anchor","bronze:MakeshiftBattery","Torii","Bottled Flame","Pantograph","theMarked:SpiritSword","Orichalcum","Old Coin","Meat on the Bone","Singing Bowl","ScarletDevilRocket","ClockworkSouvenir","Mercury Hourglass"],"acts_visited":["Exordium","TheCity","TheBeyond"],"potions_floor_usage":[31,47,47],"damage_taken":[{"damage":0,"enemies":"Cultist","floor":1,"turns":4},{"damage":0,"enemies":"2 Louse","floor":3,"turns":2},{"damage":2,"enemies":"Gremlin Nob","floor":7,"turns":4},{"damage":0,"enemies":"Small Slimes","floor":12,"turns":3},{"damage":0,"enemies":"Looter","floor":14,"turns":2},{"damage":35,"enemies":"Hexaghost","floor":16,"turns":7},{"damage":0,"enemies":"Chosen","floor":18,"turns":3},{"damage":6,"enemies":"Shell Parasite","floor":22,"turns":3},{"damage":0,"enemies":"Snake Plant","floor":24,"turns":3},{"damage":1,"enemies":"Shelled Parasite and Fungi","floor":27,"turns":4},{"damage":0,"enemies":"3 Cultists","floor":29,"turns":3},{"damage":0,"enemies":"Snecko","floor":31,"turns":2},{"damage":0,"enemies":"Champ","floor":33,"turns":5},{"damage":7,"enemies":"3 Darklings","floor":35,"turns":3},{"damage":1,"enemies":"3 Shapes","floor":37,"turns":3},{"damage":53,"enemies":"Giant Head","floor":40,"turns":7},{"damage":0,"enemies":"Writhing Mass","floor":41,"turns":4},{"damage":0,"enemies":"Transient","floor":45,"turns":5},{"damage":81,"enemies":"Donu and Deca","floor":47,"turns":6}],"seed_played":"1837976796258595231","potions_obtained":[{"floor":12,"key":"theMarked:SummonPotion"},{"floor":14,"key":"SneckoOil"},{"floor":16,"key":"Fire Potion"},{"floor":24,"key":"champ:CounterPotion"},{"floor":35,"key":"hexamod:SoulburnPotion"}],"is_trial":false,"path_per_floor":["M","?","M","?","?","R","E","?","T","R","$","M","$","M","R","B",null,"M","?","$","?","M","R","M","T","T","M","R","M","$","M","R","B",null,"M","?","M","$","?","E","M","?","T","$","M","R","B"],"character_chosen":"THE_DEFAULT","items_purchased":["Membership Card","Omamori","theMarked:Reabsorb","theMarked:GodGivenPower","Anchor","Torii","theMarked:ComboAttacks","Orichalcum","theMarked:TwofoldDefense","ScarletDevilRocket","ClockworkSouvenir","Mercury Hourglass","hexamod:SoulburnPotion","theMarked:Opportunist"],"campfire_rested":0,"item_purchase_floors":[0,0,11,11,11,20,20,38,38,44,44,44,44,44],"current_hp_per_floor":[62,62,62,46,43,43,41,34,34,34,49,49,64,64,64,29,65,65,65,65,65,59,59,59,59,59,58,58,58,65,65,65,65,65,58,58,57,65,65,17,29,29,29,44,44,44,0,0],"gold":83,"neow_bonus":"","is_daily":false,"chose_seed":false,"campfire_upgraded":7,"win_rate":0.0,"timestamp":1612468764,"path_taken":["M","?","M","?","?","R","E","?","T","R","?","M","$","?","R","BOSS","M","?","$","?","M","R","?","?","T","M","R","M","?","M","R","BOSS","M","?","M","$","?","E","?","?","T","$","?","R","BOSS"],"items_purchased_type":["Relic","Relic","Card","Card","Relic","Relic","Card","Relic","Card","Relic","Relic","Relic","Potion","Card"],"build_version":"2020-12-18","purchased_purges":4,"victory":false,"max_hp_per_floor":[65,65,65,65,65,65,65,65,65,65,65,65,65,65,65,65,65,65,65,65,65,65,65,65,65,65,65,65,65,65,65,65,65,65,65,65,65,65,65,65,65,65,65,65,65,65,65,65],"card_choices":[{"not_picked":["theMarked:Frustration","theMarked:ShockingTouch"],"picked":"theMarked:Determination","floor":1},{"not_picked":["theMarked:StartUp","theMarked:RepellingDischarge"],"picked":"theMarked:Aftermath","floor":3},{"not_picked":["theMarked:Polarize","theMarked:RepellingDischarge"],"picked":"theMarked:Frustration","floor":7},{"not_picked":["theMarked:RepellingDischarge","theMarked:Parkour"],"picked":"theMarked:PowerFlow","floor":12},{"not_picked":["theMarked:Aftermath","theMarked:StartUp"],"picked":"theMarked:BanishingStrike","floor":14},{"not_picked":["theMarked:Challenge","theMarked:UnarmedFury"],"picked":"theMarked:ThrowWeapon","floor":16},{"not_picked":["theMarked:Parkour","theMarked:Static"],"picked":"theMarked:Frustration","floor":18},{"not_picked":["theMarked:TheMission+1","theMarked:TwofoldDefense"],"picked":"theMarked:WardOff","floor":22},{"not_picked":["theMarked:WastefulAttack","theMarked:TunnelVision+1"],"picked":"theMarked:BanishingStrike","floor":24},{"not_picked":["theMarked:Frustration+1","theMarked:Memento"],"picked":"theMarked:SwordAndMagic","floor":27},{"not_picked":["theMarked:Heritage","theMarked:FavorableWinds"],"picked":"theMarked:ComboAttacks","floor":29},{"not_picked":["theMarked:ElectricStrings","theMarked:ChainLightning+1"],"picked":"theMarked:BanishingWave+1","floor":31},{"not_picked":["theMarked:Abjuration","theMarked:UnarmedFury"],"picked":"theMarked:FavorableWinds","floor":33},{"not_picked":["theMarked:Improvise+1","theMarked:Frustration","theMarked:TakeCover"],"picked":"SKIP","floor":35},{"not_picked":["theMarked:Parkour+1","theMarked:Aftermath+1"],"picked":"theMarked:ComboAttacks+1","floor":37},{"not_picked":["theMarked:LightningStrikesTwice","theMarked:Vacuum","theMarked:Standoff+1"],"picked":"SKIP","floor":40},{"not_picked":["theMarked:Convert+1","theMarked:Parry+1","theMarked:Memento"],"picked":"SKIP","floor":41},{"not_picked":["theMarked:Determination+1","theMarked:Generate+1"],"picked":"theMarked:MysticalArsenal+1","floor":45}],"player_experience":140296,"relics_obtained":[{"floor":7,"key":"Vajra"},{"floor":9,"key":"Mummified Hand"},{"floor":25,"key":"Bottled Flame"},{"floor":26,"key":"Pantograph"},{"floor":40,"key":"Meat on the Bone"},{"floor":43,"key":"Singing Bowl"}],"event_choices":[{"cards_removed":["theMarked:Strike"],"damage_healed":0,"gold_gain":0,"player_choice":"Card Removal","damage_taken":0,"max_hp_gain":0,"max_hp_loss":0,"event_name":"The Cleric","floor":2,"gold_loss":50},{"damage_healed":0,"gold_gain":0,"player_choice":"Take Damage","damage_taken":16,"relics_obtained":["Golden Idol"],"max_hp_gain":0,"max_hp_loss":0,"event_name":"Golden Idol","floor":4,"gold_loss":0},{"damage_healed":0,"gold_gain":0,"player_choice":"Relic ","damage_taken":3,"max_hp_gain":0,"max_hp_loss":0,"event_name":"betterThird:BetterScrap","floor":5,"gold_loss":0,"cards_obtained":["Seeing Red"]},{"cards_removed":["theMarked:Strike"],"damage_healed":0,"gold_gain":0,"player_choice":"Card Removal","damage_taken":7,"max_hp_gain":0,"max_hp_loss":0,"event_name":"Golden Wing","floor":8,"gold_loss":0},{"damage_healed":0,"gold_gain":0,"player_choice":"Upgraded","damage_taken":0,"max_hp_gain":0,"max_hp_loss":0,"event_name":"Upgrade Shrine","floor":19,"gold_loss":0,"cards_upgraded":["theMarked:ThrowWeapon"]},{"cards_removed":["theMarked:ThrowWeapon"],"damage_healed":0,"gold_gain":0,"player_choice":"Give","damage_taken":0,"max_hp_gain":0,"max_hp_loss":0,"event_name":"betterNote:BetterNote","floor":21,"gold_loss":0,"cards_obtained":["None"]},{"damage_healed":0,"gold_gain":3,"player_choice":"4","damage_taken":0,"max_hp_gain":0,"max_hp_loss":0,"event_name":"betterStone:BetterStone","floor":36,"gold_loss":0,"cards_obtained":["theMarked:ThrowWeapon"]},{"damage_healed":0,"gold_gain":0,"player_choice":"Gave Potion","damage_taken":0,"relics_obtained":["Old Coin"],"max_hp_gain":0,"max_hp_loss":0,"event_name":"WeMeetAgain","floor":39,"gold_loss":0},{"damage_healed":0,"gold_gain":0,"player_choice":"Ignored","damage_taken":0,"max_hp_gain":0,"max_hp_loss":0,"event_name":"Transmorgrifier","floor":42,"gold_loss":0}],"is_beta":true,"boss_relics":[{"not_picked":["Fusion Hammer","Runic Dome"],"picked":"bronze:MakeshiftBattery"},{"not_picked":["Philosopher\u0027s Stone","Sozu"],"picked":"theMarked:SpiritSword"}],"items_purged_floors":[0,11,30,38],"is_endless":false,"potions_floor_spawned":[12,14,16,18,24,35],"killed_by":"Donu and Deca","ascension_level":0}}