{"host":"kq5z4hx2798lxd5l","time":1612434826,"event":{"mods":["BaseMod","Better Note","BetterRewards","Colored Map","Colored Powertips","Downfall","Hermit","Hubris","Infinite Spire","Jorbs\u0027s Wanderer Trilogy","Marisa????????","Minty Spire (QoL Compilation)","Rare Cards Sparkle","Reliquary","Replay The Spire","StSLib","The Cursed","The Disciple","The Hierophant","The Necromancer","The Runesmith","The Servant 0.9.4"],"gold_per_floor":[20,32,50,65,65,65,116,135,135,135,168,215,246,246,308,411,411,428,428,438,449,472,499,499,524,524,524,559,559,509,541,541,639,639,658,670,116,216,231,256,281,293,328,340,372,384,396,396],"floor_reached":47,"language":"SPA","playtime":2750,"items_purged":["Strike_G","ReplayTheSpireMod:Restless Dread"],"score":591,"play_id":"92e6022a-abef-4a68-8207-548d9ce104b7","local_time":"20210204103346","is_ascension_mode":false,"campfire_choices":[{"data":"Noxious Fumes","floor":6,"key":"SMITH"},{"data":"Draining Mist","floor":10,"key":"SMITH"},{"data":"infinitespire:Gouge","floor":24,"key":"SMITH"},{"floor":29,"key":"REST"},{"floor":32,"key":"REST"},{"floor":42,"key":"REST"}],"circlet_count":0,"master_deck":["Strike_G","Strike_G","Defend_G","Defend_G","Defend_G","Defend_G","Defend_G","Survivor","Neutralize","Sucker Punch","Bane","All Out Attack","Noxious Fumes+1","hubris:Counter","Replay:Poison Smokescreen","Draining Mist+1","ReplayTheSpireMod:Speed Training","Blur","infinitespire:Gouge+1","Deadly Poison","infinitespire:Neurotoxin","Setup+1","Poisoned Stab","Shame","Fluid Movement+1","Blur","Poison Darts","Atom Bomb","Bouncing Flask","Replay:Dark Deal+1","Bouncing Flask+1","Replay:Poison Smokescreen+1","SwitchConfidence"],"relics":["Ring of the Snake","Gambling Chip","hubris:SlimyHat","infinitespire:CheckeredPen","Omamori","Runesmith:Nanobots","Cursed Key","reliquary:TuningFork","reliquary:TuningFork","Tough Bandages","infinitespire:BottledMercury","hubris:EvacipatedBox","Ancient Tea Set","Blue Doll","reliquary:RedPaperclip","Counterbalance","MawBank","reliquary:Knoch","Shovel"],"acts_visited":["Exordium","TheCity","TheBeyond"],"potions_floor_usage":[11,13,15,16,23,23,31,39],"damage_taken":[{"damage":0,"enemies":"Jaw Worm","floor":1,"turns":4},{"damage":0,"enemies":"2 Louse","floor":2,"turns":3},{"damage":0,"enemies":"Small Slimes","floor":3,"turns":4},{"damage":5,"enemies":"Blue Slaver","floor":4,"turns":5},{"damage":2,"enemies":"Looter","floor":8,"turns":4},{"damage":12,"enemies":"Gremlin Nob","floor":11,"turns":2},{"damage":5,"enemies":"3 Sentries","floor":13,"turns":6},{"damage":11,"enemies":"Gremlin Nob","floor":15,"turns":3},{"damage":5,"enemies":"Hexaghost","floor":16,"turns":7},{"damage":0,"enemies":"Shell Parasite","floor":18,"turns":4},{"damage":5,"enemies":"Spheric Guardian","floor":20,"turns":3},{"damage":0,"enemies":"Centurion and Healer","floor":21,"turns":9},{"damage":7,"enemies":"Slavers","floor":23,"turns":4},{"damage":3,"enemies":"Book of Stabbing","floor":25,"turns":5},{"damage":3,"enemies":"Nightmare","floor":28,"turns":6},{"damage":31,"enemies":"Slavers","floor":31,"turns":5},{"damage":26,"enemies":"Automaton","floor":33,"turns":9},{"damage":20,"enemies":"3 Darklings","floor":35,"turns":6},{"damage":0,"enemies":"3 Shapes","floor":36,"turns":4},{"damage":24,"enemies":"Jaw Worm Horde","floor":39,"turns":5},{"damage":20,"enemies":"Nemesis","floor":40,"turns":6},{"damage":0,"enemies":"4 Shapes","floor":41,"turns":3},{"damage":7,"enemies":"Spire Growth","floor":45,"turns":2},{"damage":35,"enemies":"Writhing Mass","floor":47,"turns":3}],"seed_played":"-6038153396370678398","potions_obtained":[{"floor":3,"key":"Swift Potion"},{"floor":7,"key":"Death Potion"},{"floor":8,"key":"Reflective Coating"},{"floor":13,"key":"Toxic Potion"},{"floor":20,"key":"DistilledChaos"},{"floor":21,"key":"Adrenaline Potion"},{"floor":28,"key":"GamblersBrew"},{"floor":35,"key":"Weak Potion"},{"floor":41,"key":"Weak Potion"},{"floor":45,"key":"AttackPotion"}],"is_trial":false,"path_per_floor":["M","M","M","M","?","R","?","M","T","R","E","T","E","?","R_BF","B",null,"M","?","M","M","T","E","R","E","T","$","NM","R","?","E","R","B",null,"M","M","$","?","M","E","M","R","T","?","M","?","M"],"character_chosen":"THE_SILENT","items_purchased":["hubris:EvacipatedBox","Counterbalance","Replay:Dark Deal"],"campfire_rested":3,"item_purchase_floors":[27,37,37],"current_hp_per_floor":[70,70,70,65,65,65,65,63,63,63,51,51,46,46,35,30,70,70,70,65,65,65,58,58,55,55,31,28,49,49,18,39,13,70,50,50,50,50,26,6,6,27,27,27,20,20,0,0],"gold":396,"neow_bonus":"ONE_RARE_RELIC","is_daily":false,"chose_seed":false,"campfire_upgraded":3,"win_rate":0.0,"timestamp":1612434826,"path_taken":["M","M","M","M","?","R","?","M","T","R","E","?","E","?","R_BF","BOSS","M","?","?","M","?","E","R","E","T","?","NM","R","?","E","R","BOSS","M","?","$","?","M","E","?","R","T","?","M","?","M"],"items_purchased_type":["Relic","Relic","Card"],"build_version":"2020-12-22","purchased_purges":2,"victory":false,"max_hp_per_floor":[70,70,70,70,70,70,70,70,70,70,70,70,70,70,70,70,70,70,70,70,70,70,70,70,70,70,70,70,70,70,70,70,70,70,70,70,70,70,70,70,70,70,70,70,70,70,70,70],"card_choices":[{"not_picked":["Bane","Concentrate"],"picked":"Sucker Punch","floor":1},{"not_picked":["Accuracy","Riddle With Holes"],"picked":"Bane","floor":2},{"not_picked":["Blade Dance","Bane"],"picked":"All Out Attack","floor":3},{"not_picked":["Sucker Punch","Underhanded Strike"],"picked":"Noxious Fumes","floor":4},{"not_picked":["Noxious Fumes","Blade Dance"],"picked":"hubris:Counter","floor":7},{"not_picked":["Cloak And Dagger","Finisher"],"picked":"Replay:Poison Smokescreen","floor":7},{"not_picked":["Acrobatics","hubris:TrickCloak"],"picked":"Draining Mist","floor":8},{"not_picked":["Underhanded Strike","Heel Hook"],"picked":"ReplayTheSpireMod:Speed Training","floor":11},{"not_picked":["Dagger Spray","Doppelganger"],"picked":"Blur","floor":13},{"not_picked":["infinitespire:Menacing","ReplayTheSpireMod:Echoes of Time"],"picked":"infinitespire:Gouge","floor":14},{"not_picked":["Blade Dance","Acrobatics"],"picked":"Deadly Poison","floor":15},{"not_picked":["Phantasmal Killer","Night Terror"],"picked":"infinitespire:Neurotoxin","floor":16},{"not_picked":["Blade Dance","Hidden Blade"],"picked":"Setup+1","floor":18},{"not_picked":["hubris:Sniper","hubris:SlightOfHand","Prepared"],"picked":"SKIP","floor":20},{"not_picked":["Eviscerate","Outmaneuver"],"picked":"Poisoned Stab","floor":21},{"not_picked":["Blade Dance","Acrobatics+1"],"picked":"Fluid Movement+1","floor":23},{"not_picked":["Dagger Spray+1","Backstab","Calculated Gamble"],"picked":"SKIP","floor":25},{"not_picked":["hubris:Sniper","Flying Knee"],"picked":"Blur","floor":28},{"not_picked":["hubris:SlightOfHand","Cloak And Dagger"],"picked":"Poison Darts","floor":31},{"not_picked":["Die Die Die","Envenom"],"picked":"Atom Bomb","floor":33},{"not_picked":["hubris:Counter+1","ReplayTheSpireMod:Scrap Shanks+1","Quick Slash"],"picked":"SKIP","floor":35},{"not_picked":["Deflect+1","Quick Slash"],"picked":"Bouncing Flask","floor":36},{"not_picked":["Outmaneuver","Deflect","Cloak And Dagger+1"],"picked":"SKIP","floor":39},{"not_picked":["Dodge and Roll","Sucker Punch"],"picked":"Bouncing Flask+1","floor":40},{"not_picked":["Setup","Sucker Punch+1"],"picked":"Replay:Poison Smokescreen+1","floor":41},{"not_picked":["Sneak Up","hubris:SlightOfHand+1","Slice+1"],"picked":"SKIP","floor":45}],"player_experience":491364,"relics_obtained":[{"floor":7,"key":"hubris:SlimyHat"},{"floor":9,"key":"infinitespire:CheckeredPen"},{"floor":11,"key":"reliquary:FeatherDuster"},{"floor":12,"key":"Omamori"},{"floor":13,"key":"Runesmith:Nanobots"},{"floor":15,"key":"hubris:OldNail"},{"floor":22,"key":"reliquary:TuningFork"},{"floor":23,"key":"reliquary:SculptingSteel"},{"floor":25,"key":"Tough Bandages"},{"floor":26,"key":"infinitespire:BottledMercury"},{"floor":28,"key":"Ancient Tea Set"},{"floor":31,"key":"Blue Doll"},{"floor":40,"key":"MawBank"},{"floor":43,"key":"reliquary:Knoch"}],"event_choices":[{"cards_removed":["Strike_G"],"damage_healed":0,"gold_gain":0,"player_choice":"Forget","damage_taken":0,"max_hp_gain":0,"max_hp_loss":0,"event_name":"Living Wall","floor":5,"gold_loss":0},{"damage_healed":0,"gold_gain":0,"player_choice":"Searched \u00272\u0027 times","damage_taken":0,"max_hp_gain":0,"max_hp_loss":0,"event_name":"Dead Adventurer","floor":15,"gold_loss":0},{"cards_removed":["Strike_G"],"damage_healed":0,"gold_gain":0,"player_choice":"Purged","damage_taken":0,"max_hp_gain":0,"max_hp_loss":0,"event_name":"Purifier","floor":19,"gold_loss":0},{"damage_healed":0,"gold_gain":0,"player_choice":"Bet on Murderer","damage_taken":0,"max_hp_gain":0,"max_hp_loss":0,"event_name":"The Joust","floor":30,"gold_loss":50},{"damage_healed":0,"gold_gain":100,"player_choice":"Pray","damage_taken":0,"max_hp_gain":0,"max_hp_loss":0,"event_name":"Golden Shrine","floor":38,"gold_loss":0},{"damage_healed":0,"gold_gain":0,"player_choice":"Gave Potion","damage_taken":0,"relics_obtained":["Shovel"],"max_hp_gain":0,"max_hp_loss":0,"event_name":"WeMeetAgain","floor":46,"gold_loss":0}],"is_beta":false,"boss_relics":[{"not_picked":["Calling Bell","SacredBark"],"picked":"Cursed Key"},{"not_picked":["ReplayTheSpireMod:DimensionalGlitch","hubris:ScarierMask","Fusion Hammer"],"picked":"reliquary:RedPaperclip"}],"items_purged_floors":[27,37],"is_endless":true,"potions_floor_spawned":[3,8,13,20,21,28,35,41,45],"killed_by":"Writhing Mass","ascension_level":0}}