{"host":"la6t950uoatqs0xt","time":1612417745,"event":{"mods":["AchievementEnabler","BaseMod","Colored Powertips","Minty Spire (QoL Compilation)","Quick Restart","Rare Cards Sparkle"],"gold_per_floor":[119,129,143,163,52,52,66,66,92,119,136,61,61,16,16,118,118,131,131,144,157,168,168,168],"floor_reached":23,"language":"ENG","playtime":717,"items_purged":["Defend_B"],"score":224,"play_id":"a2180149-5eb3-47ae-936b-bcfe59ddd23d","local_time":"20210204004905","is_ascension_mode":true,"campfire_choices":[{"floor":6,"key":"REST"},{"data":"Static Discharge","floor":8,"key":"SMITH"},{"floor":15,"key":"REST"}],"circlet_count":0,"master_deck":["Strike_B","Strike_B","Strike_B","Strike_B","Defend_B","Defend_B","Defend_B","Zap","Dualcast","Cold Snap","Static Discharge+1","Conserve Battery","Buffer","Double Energy","Redo+1","Redo","Thunder Strike","Loop"],"relics":["Cracked Core","Dream Catcher","Happy Flower","Bag of Preparation","Busted Crown"],"acts_visited":["Exordium","TheCity"],"potions_floor_usage":[16,23],"damage_taken":[{"damage":0,"enemies":"Cultist","floor":1,"turns":4},{"damage":4,"enemies":"Jaw Worm","floor":2,"turns":5},{"damage":9,"enemies":"Small Slimes","floor":3,"turns":3},{"damage":29,"enemies":"Exordium Wildlife","floor":4,"turns":6},{"damage":2,"enemies":"Looter","floor":7,"turns":3},{"damage":23,"enemies":"Lagavulin","floor":10,"turns":6},{"damage":19,"enemies":"Lots of Slimes","floor":11,"turns":3},{"damage":35,"enemies":"Slime Boss","floor":16,"turns":8},{"damage":6,"enemies":"Spheric Guardian","floor":18,"turns":3},{"damage":28,"enemies":"2 Thieves","floor":20,"turns":3},{"damage":21,"enemies":"Chosen and Byrds","floor":21,"turns":4},{"damage":8,"enemies":"Snecko","floor":22,"turns":5},{"damage":19,"enemies":"Gremlin Leader","floor":23,"turns":2}],"seed_played":"-1187735172461798442","potions_obtained":[{"floor":1,"key":"Dexterity Potion"},{"floor":3,"key":"BlessingOfTheForge"},{"floor":7,"key":"Dexterity Potion"},{"floor":18,"key":"EssenceOfDarkness"}],"is_trial":false,"path_per_floor":["M","M","M","M","?","R","M","R","T","E","M","$","?","$","R","B",null,"M","?","M","M","M","E"],"character_chosen":"DEFECT","items_purchased":["Redo"],"campfire_rested":2,"item_purchase_floors":[14],"current_hp_per_floor":[82,78,69,40,40,64,62,62,62,39,20,20,20,20,44,9,82,76,76,48,27,19,0,0],"gold":168,"neow_bonus":"TEN_PERCENT_HP_BONUS","is_daily":false,"chose_seed":false,"campfire_upgraded":1,"win_rate":0.0,"timestamp":1612417745,"path_taken":["M","?","M","M","?","R","M","R","T","E","?","$","?","?","R","BOSS","M","?","M","M","?","E"],"items_purchased_type":["Card"],"build_version":"2020-12-22","purchased_purges":1,"victory":false,"max_hp_per_floor":[82,82,82,82,82,82,82,82,82,82,82,82,82,82,82,82,82,82,82,82,82,82,82,82],"card_choices":[{"not_picked":["Blizzard","Consume"],"picked":"Cold Snap","floor":1},{"not_picked":["Lockon","Coolheaded"],"picked":"Static Discharge","floor":2},{"not_picked":["Steam","Barrage","Hologram"],"picked":"SKIP","floor":3},{"not_picked":["Sweeping Beam","Chill"],"picked":"Conserve Battery","floor":4},{"not_picked":["Barrage","White Noise"],"picked":"Buffer","floor":7},{"not_picked":["White Noise","Force Field"],"picked":"Double Energy","floor":10},{"not_picked":["Compile Driver","Barrage","Conserve Battery"],"picked":"SKIP","floor":11},{"not_picked":["Steam Power","Rebound"],"picked":"Redo","floor":15},{"not_picked":["Reboot","Machine Learning"],"picked":"Thunder Strike","floor":16},{"not_picked":["Rip and Tear"],"picked":"SKIP","floor":18},{"not_picked":["Hologram"],"picked":"SKIP","floor":20},{"not_picked":["Streamline"],"picked":"SKIP","floor":21},{"not_picked":[],"picked":"Loop","floor":22}],"player_experience":273520,"relics_obtained":[{"floor":9,"key":"Happy Flower"},{"floor":10,"key":"Bag of Preparation"}],"event_choices":[{"damage_healed":0,"gold_gain":0,"player_choice":"Paid Gold","damage_taken":0,"relics_obtained":["Dream Catcher"],"max_hp_gain":0,"max_hp_loss":0,"event_name":"WeMeetAgain","floor":5,"gold_loss":111},{"damage_healed":0,"gold_gain":0,"player_choice":"Searched \u00270\u0027 times","damage_taken":0,"max_hp_gain":0,"max_hp_loss":0,"event_name":"Dead Adventurer","floor":13,"gold_loss":0},{"damage_healed":0,"gold_gain":0,"player_choice":"Forge","damage_taken":0,"max_hp_gain":0,"max_hp_loss":0,"event_name":"Accursed Blacksmith","floor":19,"gold_loss":0,"cards_upgraded":["Redo"]}],"is_beta":false,"boss_relics":[{"not_picked":["Fusion Hammer","SlaversCollar"],"picked":"Busted Crown"}],"items_purged_floors":[12],"is_endless":false,"potions_floor_spawned":[1,3,7,18,21],"killed_by":"Gremlin Leader","ascension_level":3}}