{"host":"52m1o8iwwagurbjs","time":1612462205,"event":{"mods":["AchievementEnabler","BaseMod","Bestiary","Challenge The Spire","Colored Powertips","GifTheSpireLib","Minty Spire (QoL Compilation)","Quick Restart","Relic Stats","StSLib"],"gold_per_floor":[118,135,4,23,39,39,50,84,84,34,34,59,72,105,105,207,207,221,233,57,57,70,104,104,104,127,161,175,100,135,135,135,238,238,250,78,88,98,114,144,170,199,199,199,210,230,240,258,258,258,258,258,28,56,56,56],"floor_reached":55,"language":"ENG","playtime":3119,"items_purged":["Defend_B","Defend_B"],"score":1092,"play_id":"2bd61425-bf2b-43a4-9202-fec3e5ecf092","local_time":"20210204131005","is_ascension_mode":true,"campfire_choices":[{"data":"Zap","floor":6.0,"key":"SMITH"},{"data":"Electrodynamics","floor":15.0,"key":"SMITH"},{"data":"Buffer","floor":25.0,"key":"SMITH"},{"data":"Coolheaded","floor":32.0,"key":"SMITH"},{"floor":44.0,"key":"RECALL"},{"data":"Buffer","floor":49.0,"key":"SMITH"},{"data":"Hologram","floor":52,"key":"SMITH"}],"circlet_count":0,"master_deck":["Defend_B","Defend_B","Zap+1","Dualcast","Conserve Battery","Glacier+1","Coolheaded+1","Ball Lightning","Leap","Turbo","Lockon+1","Compile Driver+1","Electrodynamics+1","Buffer+1","Buffer+1","Electrodynamics+1","White Noise+1","Chill+1","White Noise+1","Gash+1","Reboot+1","Buffer+1","Glacier+1","Reboot","Double Energy+1","Hologram+1","Echo Form","Defragment"],"relics":["Cracked Core","Calipers","PreservedInsect","Gremlin Horn","Mummified Hand","Molten Egg 2","Pear","Astrolabe","DollysMirror","Nilry\u0027s Codex","Boot","Nloth\u0027s Gift","Pen Nib","Lizard Tail","WingedGreaves","Nuclear Battery","War Paint","Cables","Oddly Smooth Stone","Centennial Puzzle","Bronze Scales"],"acts_visited":["Exordium","TheCity","TheBeyond","TheEnding"],"potions_floor_usage":[50,52],"damage_taken":[{"damage":5.0,"enemies":"Small Slimes","floor":1.0,"turns":3.0},{"damage":1.0,"enemies":"Cultist","floor":2.0,"turns":3.0},{"damage":0.0,"enemies":"2 Louse","floor":4.0,"turns":2.0},{"damage":9.0,"enemies":"Exordium Thugs","floor":5.0,"turns":10.0},{"damage":3.0,"enemies":"Looter","floor":7.0,"turns":4.0},{"damage":0.0,"enemies":"Lagavulin","floor":8.0,"turns":7.0},{"damage":0.0,"enemies":"3 Sentries","floor":12.0,"turns":6.0},{"damage":0.0,"enemies":"Lots of Slimes","floor":13.0,"turns":3.0},{"damage":6.0,"enemies":"Gremlin Nob","floor":14.0,"turns":3.0},{"damage":0.0,"enemies":"Slime Boss","floor":16.0,"turns":5.0},{"damage":0.0,"enemies":"Shell Parasite","floor":18.0,"turns":8.0},{"damage":0.0,"enemies":"2 Thieves","floor":19.0,"turns":3.0},{"damage":0.0,"enemies":"Chosen and Byrds","floor":22.0,"turns":5.0},{"damage":7.0,"enemies":"Book of Stabbing","floor":23.0,"turns":4.0},{"damage":0.0,"enemies":"Slavers","floor":27.0,"turns":2.0},{"damage":0.0,"enemies":"3 Cultists","floor":28.0,"turns":3.0},{"damage":6.0,"enemies":"Book of Stabbing","floor":30.0,"turns":6.0},{"damage":0.0,"enemies":"Collector","floor":33.0,"turns":7.0},{"damage":0.0,"enemies":"3 Darklings","floor":35.0,"turns":1.0},{"damage":0.0,"enemies":"3 Shapes","floor":37.0,"turns":2.0},{"damage":0.0,"enemies":"Sphere and 2 Shapes","floor":38.0,"turns":3.0},{"damage":7.0,"enemies":"Jaw Worm Horde","floor":39.0,"turns":2.0},{"damage":0.0,"enemies":"Giant Head","floor":40.0,"turns":10.0},{"damage":0.0,"enemies":"Nemesis","floor":41.0,"turns":7.0},{"damage":22.0,"enemies":"Reptomancer","floor":42.0,"turns":4.0},{"damage":0.0,"enemies":"Transient","floor":45.0,"turns":5.0},{"damage":0.0,"enemies":"Spire Growth","floor":46.0,"turns":3.0},{"damage":0.0,"enemies":"Sphere and 2 Shapes","floor":47.0,"turns":4.0},{"damage":3.0,"enemies":"3 Darklings","floor":48.0,"turns":3.0},{"damage":46,"enemies":"Awakened One","floor":50,"turns":18},{"damage":15,"enemies":"Shield and Spear","floor":54,"turns":6},{"damage":132,"enemies":"The Heart","floor":55,"turns":14}],"seed_played":"2418763103657314895","potions_obtained":[{"floor":4.0,"key":"FocusPotion"},{"floor":7.0,"key":"Ancient Potion"},{"floor":8.0,"key":"FocusPotion"},{"floor":16.0,"key":"ColorlessPotion"},{"floor":18.0,"key":"EssenceOfSteel"},{"floor":30.0,"key":"SteroidPotion"},{"floor":39.0,"key":"PowerPotion"},{"floor":41.0,"key":"SpeedPotion"},{"floor":46.0,"key":"Fruit Juice"},{"floor":54,"key":"SpeedPotion"}],"is_trial":false,"path_per_floor":["M","M","?","M","M","R","M","E","T","?","?","E","M","E","R","B",null,"M","M","$","?","M","E","?","R","T","E","M","$","E","?","R","B",null,"M","$","M","M","M","E","E","E","T","R","M","M","M","M","R","B",null,"R","$","E","B"],"character_chosen":"DEFECT","items_purchased":["DollysMirror","DuplicationPotion","Glacier","Centennial Puzzle","Defragment"],"campfire_rested":0,"item_purchase_floors":[20,20,36,53,53],"current_hp_per_floor":[49,48,48,48,39,39,36,36,36,36,33,33,33,37,37,37,85,85,85,85,69,69,62,62,62,62,62,62,62,56,56,56,56,85,85,85,85,85,78,78,78,56,56,56,56,56,56,53,53,7,85,90,90,75,0,0],"gold":56,"neow_bonus":"ONE_RARE_RELIC","is_daily":false,"chose_seed":false,"campfire_upgraded":6,"win_rate":0.0,"timestamp":1612462205,"path_taken":["M","M","?","M","?","R","M","E","T","?","?","E","M","E","R","BOSS","M","M","$","?","M","E","?","R","T","E","?","$","E","?","R","BOSS","M","$","M","?","M","E","E","E","T","R","M","M","M","M","R","BOSS","R","$","E","BOSS"],"items_purchased_type":["Relic","Potion","Card","Relic","Card"],"build_version":"2020-12-22","purchased_purges":2,"victory":false,"max_hp_per_floor":[75,75,75,75,75,75,75,75,75,75,75,75,75,85,85,85,85,85,85,85,85,85,85,85,85,85,85,85,85,85,85,85,85,85,85,85,85,85,85,85,85,85,85,85,85,85,85,85,85,85,85,90,90,90,90,90],"relic_stats":{"Gremlin Horn":[35,35],"counters":[32,166],"Astrolabe":["Buffer","Electrodynamics","White Noise"],"PreservedInsect":502,"Pen Nib":[13],"War Paint":["Glacier","Glacier"],"Boot":[23],"Cables":[53,23,30,0,0],"Lizard Tail":45,"Centennial Puzzle":[6],"Mummified Hand":[192],"Bronze Scales":[189],"Nloth\u0027s Gift":4,"obtain_stats":[{"Calipers":0,"Pear":14,"Gremlin Horn":9,"Nilry\u0027s Codex":21,"Astrolabe":17,"Oddly Smooth Stone":42,"PreservedInsect":3,"The Courier":8,"Pen Nib":26,"War Paint":40,"Boot":23,"Nuclear Battery":34,"Cables":41,"Lizard Tail":27,"Centennial Puzzle":53,"Mummified Hand":11,"DollysMirror":20,"Bronze Scales":54,"Molten Egg 2":12,"WingedGreaves":30,"Nloth\u0027s Gift":24,"Cracked Core":0},{"Calipers":0,"Pear":9,"Gremlin Horn":6,"Nilry\u0027s Codex":12,"Astrolabe":10,"Oddly Smooth Stone":25,"PreservedInsect":2,"The Courier":6,"Pen Nib":14,"War Paint":23,"Boot":14,"Nuclear Battery":18,"Cables":24,"Lizard Tail":15,"Centennial Puzzle":30,"Mummified Hand":6,"DollysMirror":12,"Bronze Scales":31,"Molten Egg 2":7,"WingedGreaves":17,"Nloth\u0027s Gift":14,"Cracked Core":0},{"Calipers":0,"Pear":41,"Gremlin Horn":29,"Nilry\u0027s Codex":57,"Astrolabe":46,"Oddly Smooth Stone":113,"PreservedInsect":6,"The Courier":29,"Pen Nib":66,"War Paint":102,"Boot":66,"Nuclear Battery":84,"Cables":109,"Lizard Tail":68,"Centennial Puzzle":146,"Mummified Hand":29,"DollysMirror":57,"Bronze Scales":152,"Molten Egg 2":35,"WingedGreaves":77,"Nloth\u0027s Gift":66,"Cracked Core":0}]},"card_choices":[{"not_picked":["Force Field","Compile Driver"],"picked":"Conserve Battery","floor":1.0},{"not_picked":["Streamline","Steam"],"picked":"Glacier","floor":2.0},{"not_picked":["Hologram","Static Discharge"],"picked":"Coolheaded","floor":4.0},{"not_picked":["Sweeping Beam","Conserve Battery"],"picked":"Ball Lightning","floor":5.0},{"not_picked":["Conserve Battery","Skim"],"picked":"Leap","floor":7.0},{"not_picked":["Hologram","Storm"],"picked":"Turbo","floor":8.0},{"not_picked":["Blizzard+1","Glacier"],"picked":"Lockon+1","floor":12.0},{"not_picked":["Aggregate","Scrape+1"],"picked":"Compile Driver+1","floor":13.0},{"not_picked":["Defragment","Hologram"],"picked":"Electrodynamics","floor":14.0},{"not_picked":["Seek","All For One+1"],"picked":"Buffer","floor":16.0},{"not_picked":["Beam Cell+1","Turbo+1"],"picked":"Chill+1","floor":18.0},{"not_picked":["Leap","Sunder+1","Compile Driver+1"],"picked":"SKIP","floor":19.0},{"not_picked":["Rip and Tear+1","Redo"],"picked":"Gash+1","floor":22.0},{"not_picked":["Rip and Tear+1","Ball Lightning+1","Gash+1"],"picked":"SKIP","floor":23.0},{"not_picked":["Amplify","Auto Shields","Hyperbeam+1"],"picked":"SKIP","floor":27.0},{"not_picked":["Ball Lightning+1","Lockon+1","Barrage+1"],"picked":"SKIP","floor":28.0},{"not_picked":["Compile Driver+1","BootSequence+1"],"picked":"Reboot","floor":30.0},{"not_picked":["Meteor Strike+1","Leap+1"],"picked":"Buffer","floor":35.0},{"not_picked":["BootSequence","Conserve Battery+1","Aggregate+1"],"picked":"SKIP","floor":37.0},{"not_picked":["Cold Snap+1","Steam Power","Melter+1"],"picked":"SKIP","floor":38.0},{"not_picked":["Cold Snap+1","Conserve Battery","Aggregate"],"picked":"SKIP","floor":39.0},{"not_picked":["Barrage+1","Buffer"],"picked":"Reboot","floor":40.0},{"not_picked":["Redo","Leap+1","Streamline+1"],"picked":"SKIP","floor":41.0},{"not_picked":["Streamline+1","Force Field"],"picked":"Double Energy+1","floor":42.0},{"not_picked":["Rebound+1","Double Energy","Compile Driver+1"],"picked":"SKIP","floor":45.0},{"not_picked":["Gash+1","Coolheaded+1"],"picked":"Hologram","floor":46.0},{"not_picked":["Melter+1","Steam+1","Barrage+1"],"picked":"SKIP","floor":47.0},{"not_picked":["Turbo","Sunder+1"],"picked":"Echo Form","floor":48.0},{"not_picked":["Doom and Gloom+1","Chill+1","Blizzard+1"],"picked":"SKIP","floor":54}],"player_experience":1304204,"relics_obtained":[{"floor":8.0,"key":"The Courier"},{"floor":9.0,"key":"Gremlin Horn"},{"floor":12.0,"key":"Molten Egg 2"},{"floor":14.0,"key":"Pear"},{"floor":21.0,"key":"Nilry\u0027s Codex"},{"floor":23.0,"key":"Boot"},{"floor":26.0,"key":"Pen Nib"},{"floor":27.0,"key":"Lizard Tail"},{"floor":30.0,"key":"WingedGreaves"},{"floor":40.0,"key":"War Paint"},{"floor":41.0,"key":"Cables"},{"floor":42.0,"key":"Oddly Smooth Stone"},{"floor":54,"key":"Bronze Scales"}],"event_choices":[{"damage_healed":0.0,"max_hp_gain":0.0,"max_hp_loss":0.0,"gold_gain":0.0,"event_name":"WeMeetAgain","player_choice":"Paid Gold","floor":3.0,"gold_loss":131.0,"damage_taken":0.0,"relics_obtained":["PreservedInsect"]},{"cards_removed":["Strike_B"],"damage_healed":0.0,"max_hp_gain":0.0,"max_hp_loss":0.0,"gold_gain":0.0,"event_name":"The Cleric","player_choice":"Card Removal","floor":10.0,"gold_loss":50.0,"damage_taken":0.0},{"damage_healed":0.0,"max_hp_gain":0.0,"max_hp_loss":0.0,"gold_gain":0.0,"event_name":"Scrap Ooze","player_choice":"Success","floor":11.0,"gold_loss":0.0,"damage_taken":3.0,"relics_obtained":["Mummified Hand"]},{"damage_healed":0.0,"max_hp_gain":0.0,"max_hp_loss":0.0,"gold_gain":0.0,"event_name":"Cursed Tome","player_choice":"Obtained Book","floor":21.0,"gold_loss":0.0,"damage_taken":16.0},{"damage_healed":0.0,"max_hp_gain":0.0,"max_hp_loss":0.0,"gold_gain":0.0,"event_name":"N\u0027loth","player_choice":"Traded Relic","floor":24.0,"relics_lost":["The Courier"],"gold_loss":0.0,"damage_taken":0.0,"relics_obtained":["Nloth\u0027s Gift"]},{"damage_healed":0.0,"max_hp_gain":0.0,"max_hp_loss":0.0,"gold_gain":0.0,"event_name":"Upgrade Shrine","player_choice":"Upgraded","floor":31.0,"gold_loss":0.0,"damage_taken":0.0,"cards_upgraded":["Reboot"]}],"is_beta":false,"boss_relics":[{"not_picked":["Inserter","Pandora\u0027s Box"],"picked":"Astrolabe"},{"not_picked":["Philosopher\u0027s Stone","Snecko Eye"],"picked":"Nuclear Battery"}],"items_purged_floors":[29,36],"is_endless":false,"potions_floor_spawned":[4,7,8,16,18,22,28,30,35,39,41,46,54],"killed_by":"The Heart","ascension_level":1}}