{"host":"osk2oboccoevp2u5","time":1612457949,"event":{"mods":["AchievementEnabler","Alarm Clock","BaseMod","Colored Powertips","Disable Question Mark Monsters","Displayed Cursed Tome","Key Reminder","Minty Spire (QoL Compilation)","Potion Indicator Mod","Quick Restart","Rare Cards Sparkle","Reorder Act Four","StSLib","The Bug Knight","Useless Jewels Mod"],"gold_per_floor":[10,23,41,57,72,72,86,86,86,96,115,143,143,171,171,270,270,288,298,316,316,326,326,276,305,305,322,337,18,18,18,18,18,18,34,34,44,56,108,108,123,137,212,212,212,62,77,94,94,94,94],"floor_reached":50,"language":"ENG","playtime":5721,"items_purged":["Writhe","HollowMod:NailStrikeStart"],"score":482,"play_id":"a1d99fc5-f91b-48bd-a2ba-be2d03d135ef","local_time":"20210204125909","is_ascension_mode":false,"campfire_choices":[{"data":"HollowMod:ChannelNail","floor":6.0,"key":"SMITH"},{"data":"HollowMod:SoulVessel","floor":8.0,"key":"SMITH"},{"floor":13.0,"key":"REST"},{"floor":15.0,"key":"REST"},{"floor":23.0,"key":"REST"},{"data":"The Bomb","floor":30.0,"key":"SMITH"},{"data":"J.A.X.","floor":32.0,"key":"SMITH"},{"floor":40.0,"key":"REST"},{"floor":45,"key":"REST"},{"floor":49,"key":"REST"}],"circlet_count":0,"master_deck":["HollowMod:NailStrikeStart","HollowMod:NailStrikeStart","HollowMod:NailStrikeStart","HollowMod:QuickDashStart","HollowMod:QuickDashStart","HollowMod:QuickDashStart","HollowMod:QuickDashStart","HollowMod:FocusHealStart","HollowMod:PogoStrike","The Bomb+1","HollowMod:VengefulSpirit","HollowMod:SoulVessel+1","HollowMod:ChannelNail+1","HollowMod:VengefulSpirit","HollowMod:SoulShaman","HollowMod:SoulStrike","HollowMod:SoulMaster","HollowMod:GreatSlash+1","HollowMod:SiblingsSouls+1","HollowMod:ChannelNail+1","Necronomicurse","HollowMod:HowlingWraiths","HollowMod:QuirrelsAssistance+1","HollowMod:DungDefenderAura","Trip","J.A.X.+1","Finesse","Trip","Panacea","HollowMod:MantisMark","HollowMod:CloakDash+1","HollowMod:CoiledNail+1","HollowMod:CloakDash+1"],"relics":["HollowMod:VesselMask","Meat on the Bone","Pen Nib","Ornamental Fan","Cursed Key","Necronomicon","MealTicket","HollowMod:LumaflyLanternRelic","Lee\u0027s Waffle","Philosopher\u0027s Stone","Lantern","HollowMod:StagPassRelic"],"acts_visited":["Exordium","TheCity","TheBeyond"],"potions_floor_usage":[48,48,48,48],"damage_taken":[{"damage":1.0,"enemies":"Cultist","floor":1.0,"turns":4.0},{"damage":7.0,"enemies":"Small Slimes","floor":2.0,"turns":3.0},{"damage":1.0,"enemies":"Jaw Worm","floor":3.0,"turns":4.0},{"damage":6.0,"enemies":"Blue Slaver","floor":4.0,"turns":8.0},{"damage":7.0,"enemies":"Exordium Thugs","floor":5.0,"turns":6.0},{"damage":10.0,"enemies":"Large Slime","floor":7.0,"turns":6.0},{"damage":21.0,"enemies":"Lots of Slimes","floor":10.0,"turns":6.0},{"damage":4.0,"enemies":"2 Fungi Beasts","floor":11.0,"turns":4.0},{"damage":25.0,"enemies":"3 Sentries","floor":12.0,"turns":7.0},{"damage":25.0,"enemies":"Lagavulin","floor":14.0,"turns":8.0},{"damage":75.0,"enemies":"The Guardian","floor":16.0,"turns":14.0},{"damage":32.0,"enemies":"2 Thieves","floor":18.0,"turns":4.0},{"damage":17.0,"enemies":"Spheric Guardian","floor":19.0,"turns":5.0},{"damage":35.0,"enemies":"Centurion and Healer","floor":20.0,"turns":5.0},{"damage":7.0,"enemies":"Snecko","floor":22.0,"turns":4.0},{"damage":25.0,"enemies":"HollowMod:Nosk","floor":25.0,"turns":6.0},{"damage":18.0,"enemies":"Snake Plant","floor":27.0,"turns":4.0},{"damage":8.0,"enemies":"Centurion and Healer","floor":28.0,"turns":4.0},{"damage":23.0,"enemies":"Collector","floor":33.0,"turns":8.0},{"damage":52.0,"enemies":"3 Shapes","floor":35.0,"turns":2.0},{"damage":11.0,"enemies":"Orb Walker","floor":37.0,"turns":3.0},{"damage":28.0,"enemies":"Jaw Worm Horde","floor":38.0,"turns":4.0},{"damage":35.0,"enemies":"Maw","floor":41.0,"turns":7.0},{"damage":0,"enemies":"3 Darklings","floor":42,"turns":1},{"damage":19,"enemies":"Writhing Mass","floor":47,"turns":4},{"damage":27,"enemies":"HollowMod:SlobberingHusk","floor":48,"turns":4},{"damage":76,"enemies":"Time Eater","floor":50,"turns":5}],"seed_played":"-5767310090953498206","potions_obtained":[{"floor":4.0,"key":"Weak Potion"},{"floor":5.0,"key":"PowerPotion"},{"floor":7.0,"key":"Strength Potion"},{"floor":10.0,"key":"SkillPotion"},{"floor":16.0,"key":"Explosive Potion"},{"floor":25.0,"key":"ColorlessPotion"},{"floor":37.0,"key":"Dexterity Potion"},{"floor":47,"key":"Strength Potion"},{"floor":48,"key":"Fruit Juice"}],"is_trial":false,"path_per_floor":["M","M","M","M","M","R","M","R","T","M","M","E","R","E","R","B",null,"M","M","M","?","M","R","?","E","T","M","M","$","R","?","R","B",null,"M","?","M","M","T","R","M","M","T","?","R","$","M","M","R","B"],"character_chosen":"THE_BUGKNIGHT","items_purchased":["Lee\u0027s Waffle","Trip","Explosive Potion"],"campfire_rested":6,"item_purchase_floors":[29,29,46],"current_hp_per_floor":[74,67,72,72,65,65,61,61,61,40,48,35,57,44,66,64,75,43,48,31,15,20,42,42,35,35,29,39,82,82,82,82,65,82,42,32,33,17,17,41,18,30,30,30,54,69,56,46,72,0,0],"gold":94,"neow_bonus":"RANDOM_COLORLESS_2","is_daily":false,"chose_seed":false,"campfire_upgraded":4,"win_rate":0.0,"timestamp":1612457949,"path_taken":["M","M","M","?","M","R","M","R","T","M","M","E","R","E","R","BOSS","M","M","M","?","M","R","?","E","T","?","M","$","R","?","R","BOSS","M","?","M","M","?","R","M","M","T","?","R","$","?","M","R","BOSS"],"items_purchased_type":["Relic","Card","Potion"],"build_version":"2020-12-22","purchased_purges":2,"victory":false,"max_hp_per_floor":[75,75,75,75,75,75,75,75,75,75,75,75,75,75,75,75,75,75,75,75,75,75,75,75,75,75,75,75,82,82,82,82,82,82,82,82,82,82,82,82,82,82,82,82,82,82,82,87,87,87,87],"card_choices":[{"not_picked":["Metamorphosis","Secret Weapon"],"picked":"The Bomb","floor":0.0},{"not_picked":["HollowMod:FallenFury","HollowMod:InfectionAssault","HollowMod:CycloneSlash"],"picked":"SKIP","floor":1.0},{"not_picked":["HollowMod:CloakDash","HollowMod:MothsMistake"],"picked":"HollowMod:VengefulSpirit","floor":2.0},{"not_picked":["HollowMod:GoodIntentions","HollowMod:NewGlowingWomb"],"picked":"HollowMod:SoulVessel","floor":3.0},{"not_picked":["HollowMod:FastStrike","HollowMod:HowlingWraiths"],"picked":"HollowMod:ChannelNail","floor":4.0},{"not_picked":["HollowMod:MothsMistake","HollowMod:CrystalDash"],"picked":"HollowMod:VengefulSpirit","floor":5.0},{"not_picked":["HollowMod:ShadowDash","HollowMod:HeavyBlow","HollowMod:DoubleDash"],"picked":"SKIP","floor":7.0},{"not_picked":["HollowMod:DescendingDark","HollowMod:LifebloodCore","HollowMod:AbyssShriek"],"picked":"SKIP","floor":10.0},{"not_picked":["HollowMod:CloakDash","HollowMod:MothsMistake","HollowMod:PureNailStrike"],"picked":"SKIP","floor":11.0},{"not_picked":["HollowMod:ChannelNail","HollowMod:CoiledNail"],"picked":"HollowMod:SoulShaman","floor":12.0},{"not_picked":["HollowMod:TaintedHusks","HollowMod:ChannelNail"],"picked":"HollowMod:SoulStrike","floor":14.0},{"not_picked":["HollowMod:MidwifesHunger","HollowMod:VoidDash"],"picked":"HollowMod:SoulMaster","floor":16.0},{"not_picked":["HollowMod:InfectedAttack","HollowMod:GoodIntentions+1"],"picked":"HollowMod:GreatSlash+1","floor":18.0},{"not_picked":["HollowMod:TaintedHusks","HollowMod:ShapeofUnn"],"picked":"HollowMod:SiblingsSouls+1","floor":19.0},{"not_picked":["HollowMod:VengefulVoid+1","HollowMod:HuntersJournal"],"picked":"HollowMod:ChannelNail+1","floor":20.0},{"not_picked":["HollowMod:InfectionAssault","HollowMod:SiblingsShadow"],"picked":"HollowMod:HowlingWraiths","floor":22.0},{"not_picked":["HollowMod:SharpenedNail","HollowMod:ShadowDash+1","HollowMod:ElderbugsWisdom"],"picked":"SKIP","floor":25.0},{"not_picked":["HollowMod:PerfectDash+1","HollowMod:NewGlowingWomb"],"picked":"HollowMod:QuirrelsAssistance+1","floor":27.0},{"not_picked":["HollowMod:SiblingsSouls","HollowMod:GreatSlash"],"picked":"HollowMod:DungDefenderAura","floor":28.0},{"not_picked":["HollowMod:DescendingDark+1","HollowMod:CornifersMapStart","HollowMod:HowlingWraiths+1"],"picked":"SKIP","floor":35.0},{"not_picked":["Flash of Steel","Jack Of All Trades"],"picked":"Finesse","floor":36.0},{"not_picked":["Magnetism","Panacea"],"picked":"Trip","floor":36.0},{"not_picked":["Magnetism","Blind"],"picked":"Panacea","floor":36.0},{"not_picked":["HollowMod:Grubsong","HollowMod:VengefulVoid"],"picked":"HollowMod:MantisMark","floor":37.0},{"not_picked":["HollowMod:NewJinnsSoul","HollowMod:WraithStrike"],"picked":"HollowMod:CloakDash+1","floor":38.0},{"not_picked":["HollowMod:CycloneSlash","HollowMod:MonarchWings"],"picked":"HollowMod:CoiledNail+1","floor":41.0},{"not_picked":["HollowMod:RecoilStrike","HollowMod:WraithStrike"],"picked":"HollowMod:CloakDash+1","floor":42},{"not_picked":["HollowMod:HowlingWraiths","HollowMod:InfectedAttack+1","HollowMod:DoubleDash"],"picked":"SKIP","floor":47},{"not_picked":["HollowMod:SoulStrike+1","HollowMod:SlysStrikes","HollowMod:ShadowDash"],"picked":"SKIP","floor":48}],"player_experience":921797,"relics_obtained":[{"floor":9.0,"key":"Meat on the Bone"},{"floor":12.0,"key":"Pen Nib"},{"floor":14.0,"key":"Ornamental Fan"},{"floor":25.0,"key":"MealTicket"},{"floor":26.0,"key":"HollowMod:LumaflyLanternRelic"},{"floor":39.0,"key":"Lantern"},{"floor":43,"key":"HollowMod:StagPassRelic"}],"event_choices":[{"damage_healed":0.0,"max_hp_gain":0.0,"max_hp_loss":0.0,"gold_gain":0.0,"event_name":"Cursed Tome","player_choice":"Obtained Book","floor":21.0,"gold_loss":0.0,"damage_taken":16.0},{"damage_healed":0.0,"max_hp_gain":0.0,"max_hp_loss":0.0,"gold_gain":0.0,"event_name":"The Joust","player_choice":"Bet on Murderer","floor":24.0,"gold_loss":50.0,"damage_taken":0.0},{"damage_healed":0.0,"max_hp_gain":0.0,"max_hp_loss":0.0,"gold_gain":0.0,"event_name":"Drug Dealer","player_choice":"Obtain J.A.X.","floor":31.0,"gold_loss":0.0,"damage_taken":0.0,"cards_obtained":["J.A.X."]},{"damage_healed":0.0,"max_hp_gain":0.0,"max_hp_loss":0.0,"gold_gain":0.0,"event_name":"SensoryStone","player_choice":"Memory 3","floor":36.0,"gold_loss":0.0,"damage_taken":10.0},{"cards_removed":["Pain","Clumsy"],"damage_healed":0,"gold_gain":0,"player_choice":"Removed Curses","damage_taken":0,"max_hp_gain":0,"max_hp_loss":0,"event_name":"Fountain of Cleansing","floor":44,"gold_loss":0}],"is_beta":false,"boss_relics":[{"not_picked":["Fusion Hammer","Astrolabe"],"picked":"Cursed Key"},{"not_picked":["Calling Bell","Pandora\u0027s Box"],"picked":"Philosopher\u0027s Stone"}],"items_purged_floors":[29,46],"is_endless":false,"potions_floor_spawned":[4,5,7,10,16,25,33,37,47,48],"killed_by":"Time Eater","ascension_level":0}}