{"host":"w01zow3jg16g8jdh","time":1612449635,"event":{"mods":["AchievementEnabler","BaseMod","DeckTracker","Keyboard Shortcuts","Minty Spire (QoL Compilation)","Permanent Neow","StSLib","SuperFastMode"],"gold_per_floor":[119,135,135,60,60,90,90,150,150,184,203,203,236,311,311,311,311],"floor_reached":16,"language":"KOR","playtime":235,"items_purged":[],"score":282,"play_id":"d8cc2ce0-64d3-4ebd-b73b-3ae8fa39cf42","local_time":"20210204234035","is_ascension_mode":true,"campfire_choices":[{"data":"Wild Strike","floor":7.0,"key":"SMITH"},{"data":"Pommel Strike","floor":12.0,"key":"SMITH"},{"data":"Shockwave","floor":15,"key":"SMITH"}],"circlet_count":0,"master_deck":["AscendersBane","Strike_R","Strike_R","Strike_R","Defend_R","Defend_R","Defend_R","Defend_R","Bash","Warcry","Pommel Strike+1","Wild Strike+1","Shockwave+1","Pommel Strike","Battle Trance"],"relics":["Burning Blood","NeowsBlessing","Blood Vial","Matryoshka","The Courier","Anchor","Letter Opener","Potion Belt","Bottled Flame"],"acts_visited":["Exordium"],"potions_floor_usage":[16],"damage_taken":[{"damage":0.0,"enemies":"Jaw Worm","floor":1.0,"turns":1.0},{"damage":0.0,"enemies":"2 Louse","floor":2.0,"turns":1.0},{"damage":0.0,"enemies":"Lagavulin","floor":6.0,"turns":1.0},{"damage":11.0,"enemies":"Gremlin Nob","floor":8.0,"turns":3.0},{"damage":30.0,"enemies":"3 Sentries","floor":10.0,"turns":10.0},{"damage":0.0,"enemies":"Small Slimes","floor":11.0,"turns":3.0},{"damage":20.0,"enemies":"Lagavulin","floor":13.0,"turns":6.0},{"damage":39,"enemies":"The Guardian","floor":16,"turns":12}],"seed_played":"-2627469491519865012","potions_obtained":[{"floor":2.0,"key":"SteroidPotion"},{"floor":10.0,"key":"AttackPotion"},{"floor":11.0,"key":"Energy Potion"},{"floor":13,"key":"Dexterity Potion"}],"is_trial":false,"path_per_floor":["M","M","?","?","T","E","R","?","T","E","M","R","E","?","R","B"],"character_chosen":"IRONCLAD","items_purchased":[],"campfire_rested":0,"item_purchase_floors":[],"current_hp_per_floor":[74,75,75,75,75,75,75,70,70,48,56,56,44,33,33,0,0],"gold":311,"neow_bonus":"THREE_ENEMY_KILL","is_daily":false,"chose_seed":false,"campfire_upgraded":3,"win_rate":0.0,"timestamp":1612449635,"path_taken":["M","M","?","?","?","E","R","?","T","E","M","R","E","?","R","BOSS"],"items_purchased_type":[],"build_version":"2020-12-22","purchased_purges":0,"victory":false,"max_hp_per_floor":[75,75,75,75,75,75,75,75,75,75,75,75,75,75,75,75,75],"card_choices":[{"not_picked":["Clash","Thunderclap"],"picked":"Warcry","floor":1.0},{"not_picked":["Perfected Strike","Disarm"],"picked":"Pommel Strike","floor":2.0},{"not_picked":["Clash","True Grit"],"picked":"Wild Strike","floor":6.0},{"not_picked":["Shrug It Off","Clothesline"],"picked":"Shockwave","floor":8.0},{"not_picked":["Heavy Blade","Wild Strike","Double Tap"],"picked":"SKIP","floor":10.0},{"not_picked":["Feel No Pain","Thunderclap"],"picked":"Pommel Strike","floor":11.0},{"not_picked":["Dropkick","Iron Wave"],"picked":"Battle Trance","floor":13}],"player_experience":359216,"relics_obtained":[{"floor":5.0,"key":"Blood Vial"},{"floor":6.0,"key":"Matryoshka"},{"floor":9.0,"key":"Anchor"},{"floor":9.0,"key":"Letter Opener"},{"floor":10.0,"key":"Potion Belt"},{"floor":13,"key":"Bottled Flame"}],"event_choices":[{"cards_removed":["Strike_R"],"damage_healed":0.0,"max_hp_gain":0.0,"max_hp_loss":0.0,"gold_gain":0.0,"event_name":"Living Wall","player_choice":"Forget","floor":3.0,"gold_loss":0.0,"damage_taken":0.0},{"cards_removed":["Strike_R"],"damage_healed":0.0,"max_hp_gain":0.0,"max_hp_loss":0.0,"gold_gain":0.0,"event_name":"The Cleric","player_choice":"Card Removal","floor":4.0,"gold_loss":75.0,"damage_taken":0.0},{"damage_healed":0.0,"max_hp_gain":0.0,"max_hp_loss":0.0,"gold_gain":0.0,"event_name":"Dead Adventurer","player_choice":"Searched \u00272\u0027 times","floor":8.0,"gold_loss":0.0,"damage_taken":0.0,"relics_obtained":["The Courier"]},{"damage_healed":0,"gold_gain":75,"player_choice":"Gather Gold","damage_taken":11,"max_hp_gain":0,"max_hp_loss":0,"event_name":"World of Goop","floor":14,"gold_loss":0}],"is_beta":false,"boss_relics":[],"items_purged_floors":[],"is_endless":false,"potions_floor_spawned":[2,10,11,13],"killed_by":"The Guardian","ascension_level":20}}