{"host":"djoj10dqzzvtkauc","time":1612471856,"event":{"mods":["2.2 Compatiblity","BaseMod","Colored Map","DeckTracker","Highlight Path","Keyboard Shortcuts","Marisa£¨Ùöéë¡¡Øª×âÞÞ£©","Minty Spire (QoL Compilation)","Permanent Neow","Quick Restart","Random Character Button","StSLib","SuperFastMode","everything is the same but u backflip on backflip"],"gold_per_floor":[117,133,38,53,63,63,98,111,111,111,121,121,131,38,38,137,137,151,20,40,52,52,87,87,87],"floor_reached":24,"language":"KOR","playtime":923,"items_purged":[],"score":220,"play_id":"d99b40fe-a708-40ac-9c9d-e4189903b827","local_time":"20210205055056","is_ascension_mode":false,"campfire_choices":[{"data":"Skewer","floor":6.0,"key":"SMITH"},{"floor":12.0,"key":"REST"},{"data":"Underhanded Strike","floor":15.0,"key":"SMITH"}],"circlet_count":0,"master_deck":["Strike_G","Strike_G","Strike_G","Strike_G","Strike_G","Defend_G","Defend_G","Defend_G","Defend_G","Defend_G","Survivor+1","Neutralize","Wraith Form v2","Quick Slash","Skewer+1","Sucker Punch","Deflect+1","Concentrate","Crippling Poison","Acrobatics","Footwork","Underhanded Strike+1","A Thousand Cuts","Calculated Gamble","Well Laid Plans","Prepared","Bouncing Flask+1","Deadly Poison+1"],"relics":["Ring of the Snake","Regal Pillow","Mummified Hand","Pantograph","Coffee Dripper","Bottled Tornado"],"acts_visited":["Exordium","TheCity"],"potions_floor_usage":[23,24],"damage_taken":[{"damage":8.0,"enemies":"Jaw Worm","floor":1.0,"turns":5.0},{"damage":1.0,"enemies":"Cultist","floor":2.0,"turns":4.0},{"damage":1.0,"enemies":"2 Louse","floor":4.0,"turns":3.0},{"damage":11.0,"enemies":"2 Fungi Beasts","floor":5.0,"turns":3.0},{"damage":12.0,"enemies":"Gremlin Nob","floor":7.0,"turns":4.0},{"damage":9.0,"enemies":"Lots of Slimes","floor":8.0,"turns":5.0},{"damage":0.0,"enemies":"Exordium Wildlife","floor":11.0,"turns":2.0},{"damage":10.0,"enemies":"2 Fungi Beasts","floor":13.0,"turns":3.0},{"damage":35.0,"enemies":"Hexaghost","floor":16.0,"turns":9.0},{"damage":9.0,"enemies":"3 Byrds","floor":18.0,"turns":6.0},{"damage":0.0,"enemies":"Chosen","floor":20.0,"turns":4.0},{"damage":24.0,"enemies":"Centurion and Healer","floor":21.0,"turns":8.0},{"damage":26,"enemies":"Slavers","floor":23,"turns":6},{"damage":19,"enemies":"Sentry and Sphere","floor":24,"turns":5}],"seed_played":"-1428541499566901025","potions_obtained":[{"floor":5.0,"key":"Block Potion"},{"floor":7.0,"key":"GamblersBrew"},{"floor":8.0,"key":"DistilledChaos"},{"floor":13.0,"key":"DistilledChaos"},{"floor":21.0,"key":"Strength Potion"}],"is_trial":false,"path_per_floor":["M","M","?","M","M","R","E","M","T","?","M","R","M","$","R","B",null,"M","$","M","M","?","E","M"],"character_chosen":"THE_SILENT","items_purchased":["Footwork","Underhanded Strike","Well Laid Plans","Prepared"],"campfire_rested":1,"item_purchase_floors":[14,14,19,19],"current_hp_per_floor":[62,61,61,60,49,49,37,28,28,14,14,50,40,40,40,30,70,61,61,61,37,37,11,0,0],"gold":87,"neow_bonus":"ONE_RANDOM_RARE_CARD","is_daily":false,"chose_seed":false,"campfire_upgraded":2,"win_rate":0.0,"timestamp":1612471856,"path_taken":["M","M","?","?","M","R","E","M","T","?","M","R","M","$","R","BOSS","M","$","M","M","?","E","?"],"items_purchased_type":["Card","Card","Card","Card"],"build_version":"2020-12-22","purchased_purges":0,"victory":false,"max_hp_per_floor":[70,70,70,70,70,70,70,70,70,70,70,70,70,70,70,70,70,70,70,70,70,70,70,70,70],"card_choices":[{"not_picked":["Blade Dance","Endless Agony"],"picked":"Quick Slash","floor":1.0},{"not_picked":["Blur","Dagger Spray"],"picked":"Skewer","floor":2.0},{"not_picked":["Bane","Poisoned Stab"],"picked":"Sucker Punch","floor":4.0},{"not_picked":["Tools of the Trade","Expertise"],"picked":"Deflect","floor":5.0},{"not_picked":["Sucker Punch","Dagger Spray"],"picked":"Concentrate","floor":7.0},{"not_picked":["Slice","Cloak And Dagger"],"picked":"Crippling Poison","floor":8.0},{"not_picked":["Noxious Fumes","Prepared"],"picked":"Acrobatics","floor":11.0},{"not_picked":["Slice","Predator","Dodge and Roll"],"picked":"SKIP","floor":13.0},{"not_picked":["Night Terror","Bullet Time"],"picked":"A Thousand Cuts","floor":16.0},{"not_picked":["Predator","Expertise+1"],"picked":"Calculated Gamble","floor":18.0},{"not_picked":["Expertise+1","Cloak And Dagger"],"picked":"Bouncing Flask+1","floor":20.0},{"not_picked":["Flying Knee","Bouncing Flask"],"picked":"Deadly Poison+1","floor":21.0},{"not_picked":["Accuracy+1","PiercingWail+1","Phantasmal Killer"],"picked":"SKIP","floor":23}],"player_experience":170855,"relics_obtained":[{"floor":7.0,"key":"Mummified Hand"},{"floor":9.0,"key":"Pantograph"},{"floor":23,"key":"Bottled Tornado"}],"event_choices":[{"damage_healed":0.0,"max_hp_gain":0.0,"max_hp_loss":0.0,"gold_gain":0.0,"event_name":"WeMeetAgain","player_choice":"Paid Gold","floor":3.0,"gold_loss":95.0,"damage_taken":0.0,"relics_obtained":["Regal Pillow"]},{"damage_healed":0.0,"max_hp_gain":0.0,"max_hp_loss":0.0,"gold_gain":0.0,"event_name":"Shining Light","player_choice":"Entered Light","floor":10.0,"gold_loss":0.0,"damage_taken":14.0,"cards_upgraded":["Survivor","Deflect"]},{"damage_healed":0.0,"max_hp_gain":0.0,"max_hp_loss":0.0,"gold_gain":0.0,"event_name":"NoteForYourself","player_choice":"Ignored","floor":22.0,"gold_loss":0.0,"damage_taken":0.0}],"is_beta":false,"boss_relics":[{"not_picked":["WristBlade","Fusion Hammer"],"picked":"Coffee Dripper"}],"items_purged_floors":[],"is_endless":false,"potions_floor_spawned":[5,7,8,13,21],"killed_by":"Sentry and Sphere","ascension_level":0}}