{"host":"lnlgorucl381deje","time":1612442029,"event":{"mods":["ATMod(°¢èªMod)","AchievementEnabler","Aspiration","BaseMod","Better Altar","Better Match","Better Note","Better Sensory Stone","Better Skull","Better Third Choice","Better Vampires","BetterRewards","Block Reminder","Conspire","Dota2Spire","Downfall","Energized Spire","Googly Eyes","Highlight Path","Hubris","Humility","Jedi Mod","Minty Spire (QoL Compilation)","Permanent Neow","Relic Stats","Reliquary","Replay The Spire","Shop Mod","Spicy Shops","StSLib","Transform Curses","¡¾ÒÅÎï¿¨ÅÆ¡¿REMEMod"],"gold_per_floor":[144,144,189,234,279,369,369,414,414,459,459,504,554,66,66,366,366,411,456,6,6,51,51,51],"floor_reached":23,"language":"ZHS","playtime":1731,"items_purged":[],"score":295,"play_id":"3443f273-4fa3-4b72-b440-01b19238a60a","local_time":"20210204203349","daily_mods":["Insanity","Red Cards","Midas"],"is_ascension_mode":false,"campfire_choices":[{"floor":7.0,"key":"REST"}],"circlet_count":0,"master_deck":["Rebound","ReplayTheSpireMod:Strike From Hell","Gash","Capacitor","Inflame","jedi:blockon","Rampage","jedi:spotbugs","AT_BodySlamDance","Warcry","Clash","Clash","Twin Strike","Hologram","White Noise","Pummel","Conserve Battery","AT_IchimonjiDouble","jedi:sharpshooter","Panic Button","Rage","Warcry","jedi:hex","Coolheaded","AT_DrawKnifeCut","Ball Lightning","Twin Strike","Anger","Barrage","Beam Cell","Entrench","Iron Wave","Twin Strike","Sweeping Beam","Gash","jedi:MakeshiftSword","AT_DiedThrough","Life Link","Fusion","conspire:SharedLibrary","Dropkick+1","Reckless Charge","Go for the Eyes","Heavy Blade","Replay:Undeath\u0027s Touch","Headbutt","Uppercut","Twin Strike","REME_FearOfPain","Leap","Phantasmal Killer","AT_FamilyPortrait","Melter","Spot Weakness","Heatsinks","Battle Trance","jedi:reiji","Self Repair","Aggregate","ReplayTheSpireMod:Repulse","Redo","Melter","Melter","Apotheosis","jedi:locknload","REME_MawOfCthun","AT_PowerWithin","jedi:cleanse","Creative AI","AbeCurse","Body Slam","Recycle+1","Lockon+1"],"relics":["Cracked Core","REME_ComplimentaryCards","AT_ATBox","CultistMask","Dota2Spire:MantaStyle","aspiration:FetidBarrel","jedi:shrinkray","ReplayTheSpireMod:ShopPack","Abe\u0027s Treasure","Dota2Spire:ArcaneBoots","AT_ChloranthyRing","Dota2Spire:MaskOfMadness","Blood Vial"],"acts_visited":["Exordium","TheCity"],"potions_floor_usage":[13022,22,22],"damage_taken":[{"damage":0.0,"enemies":"Small Slimes","floor":1.0,"turns":2.0},{"damage":0.0,"enemies":"Cultist","floor":3.0,"turns":2.0},{"damage":10.0,"enemies":"conspire:RoseBush","floor":4.0,"turns":1.0},{"damage":0.0,"enemies":"3 Louse","floor":5.0,"turns":1.0},{"damage":0.0,"enemies":"Lagavulin","floor":6.0,"turns":3.0},{"damage":15.0,"enemies":"Gremlin Gang","floor":8.0,"turns":3.0},{"damage":10.0,"enemies":"Looter","floor":10.0,"turns":2.0},{"damage":8.0,"enemies":"Exordium Thugs","floor":12.0,"turns":2.0},{"damage":24.0,"enemies":"Fading Forest","floor":16.0,"turns":11.0},{"damage":24,"enemies":"2 Thieves","floor":18,"turns":3},{"damage":0,"enemies":"Spheric Guardian","floor":19,"turns":2},{"damage":32,"enemies":"Snake Plant","floor":22,"turns":3},{"damage":12,"enemies":"conspire:Head Lice","floor":23,"turns":3}],"seed_played":"2514053361250750194","potions_obtained":[{"floor":5.0,"key":"jedi:StrikingPotion"},{"floor":6.0,"key":"Elixir"},{"floor":12.0,"key":"GamblersBrew"},{"floor":16.0,"key":"Dota2Spire:Clarity"}],"is_trial":false,"path_per_floor":["M","?","M","M","M","E","R","M","T","M","?","M","T","$","R","B",null,"M","M","$","?","M","E"],"character_chosen":"DEFECT","items_purchased":["Melter","Apotheosis","jedi:locknload","ReplayTheSpireMod:ShopPack","Dota2Spire:ArcaneBoots","AT_ChloranthyRing","Dota2Spire:MaskOfMadness"],"campfire_rested":1,"item_purchase_floors":[14,14,14,14,20,20,20],"current_hp_per_floor":[75,75,75,65,65,65,75,60,60,50,50,42,42,42,64,44,75,51,51,51,13,10,0,0],"gold":51,"neow_bonus":"","is_daily":true,"chose_seed":false,"campfire_upgraded":0,"win_rate":0.0,"timestamp":1612442029,"path_taken":["M","?","?","M","M","E","R","M","T","?","?","M","?","$","R","BOSS","M","M","$","?","M","E"],"items_purchased_type":["Card","Card","Card","Relic","Relic","Relic","Relic"],"build_version":"2020-12-22","purchased_purges":0,"victory":false,"max_hp_per_floor":[75,75,75,75,75,75,75,75,75,75,75,75,75,75,75,75,75,75,75,75,75,75,75,75],"relic_stats":{"Blood Vial":4,"counters":[13,38],"obtain_stats":[{"AT_ChloranthyRing":20,"Dota2Spire:MaskOfMadness":20,"Dota2Spire:MantaStyle":6,"AT_ATBox":0,"aspiration:FetidBarrel":9,"jedi:shrinkray":13,"Blood Vial":21,"CultistMask":2,"Dota2Spire:ArcaneBoots":20,"Cracked Core":0,"Abe\u0027s Treasure":17,"REME_ComplimentaryCards":0,"ReplayTheSpireMod:ShopPack":14},{"AT_ChloranthyRing":11,"Dota2Spire:MaskOfMadness":11,"Dota2Spire:MantaStyle":5,"AT_ATBox":0,"aspiration:FetidBarrel":6,"jedi:shrinkray":8,"Blood Vial":11,"CultistMask":1,"Dota2Spire:ArcaneBoots":11,"Cracked Core":0,"Abe\u0027s Treasure":9,"REME_ComplimentaryCards":0,"ReplayTheSpireMod:ShopPack":8},{"AT_ChloranthyRing":32,"Dota2Spire:MaskOfMadness":32,"Dota2Spire:MantaStyle":9,"AT_ATBox":0,"aspiration:FetidBarrel":12,"jedi:shrinkray":16,"Blood Vial":32,"CultistMask":2,"Dota2Spire:ArcaneBoots":32,"Cracked Core":0,"Abe\u0027s Treasure":27,"REME_ComplimentaryCards":0,"ReplayTheSpireMod:ShopPack":16}]},"card_choices":[{"not_picked":["Shrug It Off","jedi:hex"],"picked":"Melter","floor":1.0},{"not_picked":["Hemokinesis","conspire:Charge"],"picked":"Spot Weakness","floor":3.0},{"not_picked":["Pommel Strike","Second Wind"],"picked":"Heatsinks","floor":4.0},{"not_picked":["Conserve Battery","AT_BodySlamDance"],"picked":"Battle Trance","floor":5.0},{"not_picked":["Iron Wave","jedi:overflow"],"picked":"jedi:reiji","floor":6.0},{"not_picked":["Rebound","Flex"],"picked":"Self Repair","floor":8.0},{"not_picked":["Headbutt","Chaos"],"picked":"Aggregate","floor":10.0},{"not_picked":["Tempest","jedi:markofdeath"],"picked":"ReplayTheSpireMod:Repulse","floor":11.0},{"not_picked":["Flex","True Grit"],"picked":"Redo","floor":12.0},{"not_picked":["REME_ProfessionalPlagiarism","Chrysalis"],"picked":"REME_MawOfCthun","floor":14.0},{"not_picked":["conspire:Banana","HandOfGreed"],"picked":"AT_PowerWithin","floor":14.0},{"not_picked":["REME_TwoStrings","Impatience"],"picked":"jedi:cleanse","floor":14.0},{"not_picked":["hubris:Prefetch","Core Surge"],"picked":"Creative AI","floor":16.0},{"not_picked":["Pommel Strike","ReplayTheSpireMod:Strike From Hell"],"picked":"Body Slam","floor":18},{"not_picked":["Run Through+1","Machine Learning"],"picked":"Recycle+1","floor":19},{"not_picked":["AT_BodySlamDance+1","Disarm"],"picked":"Lockon+1","floor":22}],"player_experience":180470,"relics_obtained":[{"floor":6.0,"key":"Dota2Spire:MantaStyle"},{"floor":9.0,"key":"aspiration:FetidBarrel"},{"floor":13.0,"key":"jedi:shrinkray"}],"event_choices":[{"damage_healed":0.0,"max_hp_gain":0.0,"max_hp_loss":0.0,"gold_gain":0.0,"event_name":"FaceTrader","player_choice":"Trade","floor":2.0,"gold_loss":0.0,"damage_taken":0.0,"relics_obtained":["CultistMask"]},{"damage_healed":0.0,"max_hp_gain":0.0,"max_hp_loss":0.0,"gold_gain":0.0,"event_name":"betterMatch:BetterMatch","player_choice":"1","floor":11.0,"gold_loss":0.0,"damage_taken":0.0,"cards_obtained":["betterMatch:UncommonCard"]},{"damage_healed":0,"gold_gain":0,"player_choice":" Vial Potion ","damage_taken":38,"relics_obtained":["Blood Vial"],"max_hp_gain":51,"max_hp_loss":13,"event_name":"betterAltar:BetterAltar","floor":21,"potions_obtained":["betterAltar:AltarPotion"],"relics_lost":[],"gold_loss":0}],"is_beta":false,"boss_relics":[{"not_picked":["energizedSpire:StickyHand","Replay:Drink Me"],"picked":"Abe\u0027s Treasure"}],"items_purged_floors":[],"is_endless":false,"potions_floor_spawned":[5,6,12,16],"killed_by":"conspire:Head Lice","ascension_level":0,"is_humility":true}}