{"host":"ELF","time":1612474439,"event":{"mods":["BaseMod","Bestiary","Minty Spire (QoL Compilation)","Relic Stats","Slay the Relics Exporter"],"gold_per_floor":[11,11,28,47,8,8,26,59,59,59,59,70,101,112,112,207,207,225,240,9,27,27,27],"floor_reached":22,"language":"ENG","playtime":773,"items_purged":["Searing Blow"],"score":198,"play_id":"55b835b8-1046-424a-a651-6725772dcb05","local_time":"20210204153359","is_ascension_mode":false,"campfire_choices":[{"floor":6,"key":"DIG"},{"floor":10,"key":"DIG"},{"floor":15,"key":"DIG"}],"circlet_count":0,"master_deck":["Bash","Mayhem","Cleave","Twin Strike","Combust","Impervious","Flex","Inflame","Fiend Fire","Dual Wield","Power Through","Iron Wave","Shrug It Off","Cleave","Whirlwind","Demon Form","Clash","Anger","Sever Soul","Shrug It Off","Corruption","Entrench+1"],"relics":["Burning Blood","Shovel","Meat on the Bone","Bag of Marbles","Lizard Tail","WingedGreaves","Prayer Wheel","Bottled Lightning","Potion Belt","Pandora\u0027s Box","MealTicket"],"acts_visited":["Exordium","TheCity"],"potions_floor_usage":[8,13,16,21],"damage_taken":[{"damage":10,"enemies":"Cultist","floor":1,"turns":4},{"damage":0,"enemies":"2 Louse","floor":3,"turns":3},{"damage":6,"enemies":"Jaw Worm","floor":4,"turns":3},{"damage":19,"enemies":"Exordium Thugs","floor":7,"turns":5},{"damage":36,"enemies":"Lagavulin","floor":8,"turns":6},{"damage":14,"enemies":"Exordium Wildlife","floor":12,"turns":4},{"damage":31,"enemies":"3 Sentries","floor":13,"turns":5},{"damage":7,"enemies":"Gremlin Gang","floor":14,"turns":3},{"damage":59,"enemies":"The Guardian","floor":16,"turns":11},{"damage":13,"enemies":"Spheric Guardian","floor":18,"turns":5},{"damage":23,"enemies":"Chosen","floor":19,"turns":5},{"damage":14,"enemies":"Centurion and Healer","floor":21,"turns":6},{"damage":48,"enemies":"Shelled Parasite and Fungi","floor":22,"turns":5}],"seed_played":"-8178975199049047333","potions_obtained":[{"floor":7,"key":"SteroidPotion"},{"floor":8,"key":"ColorlessPotion"},{"floor":12,"key":"BloodPotion"},{"floor":13,"key":"SteroidPotion"},{"floor":19,"key":"Explosive Potion"}],"is_trial":false,"path_per_floor":["M","T","M","M","$","R","M","E","T","R","?","M","E","M","R","B",null,"M","M","$","M","M"],"character_chosen":"IRONCLAD","items_purchased":["Combust","MealTicket"],"campfire_rested":0,"item_purchase_floors":[5,20],"current_hp_per_floor":[76,76,80,80,80,80,67,49,49,49,42,46,49,48,48,48,80,73,56,56,48,0,0],"gold":27,"neow_bonus":"RANDOM_COLORLESS_2","is_daily":false,"chose_seed":false,"campfire_upgraded":0,"win_rate":0.0,"timestamp":1612474439,"path_taken":["M","?","M","?","$","R","M","E","T","R","?","M","E","M","R","BOSS","M","M","$","M","M"],"items_purchased_type":["Card","Relic"],"build_version":"2020-12-18","purchased_purges":1,"victory":false,"max_hp_per_floor":[80,80,80,80,80,80,80,80,80,80,80,80,80,80,80,80,80,80,80,80,80,80,80],"relic_stats":{"Lizard Tail":40,"Shovel":3,"counters":[13,65],"Prayer Wheel":5,"Pandora\u0027s Box":["Dual Wield","Power Through","Iron Wave","Shrug It Off","Cleave","Whirlwind","Demon Form","Clash","Searing Blow"],"MealTicket":0,"obtain_stats":[{"Potion Belt":15,"Lizard Tail":9,"Shovel":2,"Prayer Wheel":11,"Pandora\u0027s Box":17,"MealTicket":20,"WingedGreaves":10,"Bag of Marbles":8,"Bottled Lightning":13,"Burning Blood":0,"Meat on the Bone":6},{"Potion Belt":8,"Lizard Tail":5,"Shovel":1,"Prayer Wheel":5,"Pandora\u0027s Box":9,"MealTicket":11,"WingedGreaves":5,"Bag of Marbles":5,"Bottled Lightning":7,"Burning Blood":0,"Meat on the Bone":3},{"Potion Belt":33,"Lizard Tail":21,"Shovel":4,"Prayer Wheel":21,"Pandora\u0027s Box":44,"MealTicket":54,"WingedGreaves":21,"Bag of Marbles":21,"Bottled Lightning":30,"Burning Blood":0,"Meat on the Bone":10}],"Burning Blood":70,"Meat on the Bone":48},"card_choices":[{"not_picked":["Secret Weapon","Violence"],"picked":"Mayhem","floor":0},{"not_picked":["Heavy Blade","Perfected Strike"],"picked":"Cleave","floor":1},{"not_picked":["Wild Strike","Perfected Strike"],"picked":"Twin Strike","floor":3},{"not_picked":["Disarm","Perfected Strike","Havoc"],"picked":"SKIP","floor":4},{"not_picked":["True Grit","Heavy Blade","Havoc"],"picked":"SKIP","floor":7},{"not_picked":["True Grit","Rage"],"picked":"Impervious","floor":8},{"not_picked":["Clash","Anger"],"picked":"Flex","floor":12},{"not_picked":["Havoc","Power Through","Body Slam"],"picked":"SKIP","floor":12},{"not_picked":["Heavy Blade","Immolate","Clothesline"],"picked":"SKIP","floor":13},{"not_picked":["Flex","Headbutt"],"picked":"Inflame","floor":14},{"not_picked":["Pummel","Metallicize","Blood for Blood"],"picked":"SKIP","floor":14},{"not_picked":["Juggernaut","Exhume"],"picked":"Fiend Fire","floor":16},{"not_picked":["Infernal Blade","Body Slam"],"picked":"Anger","floor":18},{"not_picked":["Blood for Blood","Clash"],"picked":"Sever Soul","floor":18},{"not_picked":["Twin Strike","Spot Weakness"],"picked":"Shrug It Off","floor":19},{"not_picked":["Clash","Iron Wave","True Grit"],"picked":"SKIP","floor":19},{"not_picked":["True Grit","Iron Wave+1"],"picked":"Corruption","floor":21},{"not_picked":["Ghostly Armor","Iron Wave"],"picked":"Entrench+1","floor":21}],"player_experience":3394127,"relics_obtained":[{"floor":2,"key":"Shovel"},{"floor":6,"key":"Meat on the Bone"},{"floor":8,"key":"Bag of Marbles"},{"floor":9,"key":"Lizard Tail"},{"floor":10,"key":"WingedGreaves"},{"floor":13,"key":"Bottled Lightning"},{"floor":15,"key":"Potion Belt"}],"event_choices":[{"damage_healed":0,"gold_gain":0,"player_choice":"Success","damage_taken":7,"relics_obtained":["Prayer Wheel"],"max_hp_gain":0,"max_hp_loss":0,"event_name":"Scrap Ooze","floor":11,"gold_loss":0}],"is_beta":true,"boss_relics":[{"not_picked":["SlaversCollar","Black Blood"],"picked":"Pandora\u0027s Box"}],"items_purged_floors":[20],"is_endless":false,"potions_floor_spawned":[7,8,12,13,19],"killed_by":"Shelled Parasite and Fungi","ascension_level":0}}