{"host":"630px4nyj50z5id8","time":1612436139,"event":{"mods":["BaseMod","Colored Powertips","Downfall","Minty Spire (QoL Compilation)","Quick Restart","Replay The Spire","StSLib","Waifu the Spire"],"gold_per_floor":[116,116,116,116,134,162,182,193,193,193,193,193,228,238,238,317,317,317],"floor_reached":17,"language":"ZHS","playtime":631,"items_purged":[],"score":352,"play_id":"87d67917-31c8-4bd2-a940-5bf255d3fdf1","local_time":"20210204185539","is_ascension_mode":true,"campfire_choices":[{"floor":10,"key":"REST"},{"floor":12,"key":"REST"},{"data":"1","floor":15,"key":"LIFT"}],"circlet_count":0,"master_deck":["AscendersBane","Strike_G","Strike_G","Strike_G","Defend_G","Defend_G","Defend_G","Defend_G","Defend_G+1","Survivor","Neutralize+1","Acrobatics","Blur","Reflex","Prepared","All Out Attack","Caltrops","A Thousand Cuts","Night Terror"],"relics":["Ring of the Snake","NeowsBlessing","The Specimen","Mango","Girya","bronze:MakeshiftBattery"],"acts_visited":["Exordium","TheCity"],"potions_floor_usage":[13,13,16],"damage_taken":[{"damage":0,"enemies":"Small Slimes","floor":1,"turns":1},{"damage":0,"enemies":"2 Louse","floor":5,"turns":1},{"damage":0,"enemies":"Lagavulin","floor":6,"turns":1},{"damage":1,"enemies":"Jaw Worm","floor":7,"turns":5},{"damage":23,"enemies":"Large Slime","floor":8,"turns":9},{"damage":13,"enemies":"Gremlin Nob","floor":13,"turns":5},{"damage":0,"enemies":"Blue Slaver","floor":14,"turns":5},{"damage":35,"enemies":"Fading Forest","floor":16,"turns":11}],"seed_played":"6140642885714891578","potions_obtained":[{"floor":5,"key":"FearPotion"},{"floor":6,"key":"LiquidBronze"},{"floor":14,"key":"LifebloodPotion"},{"floor":16,"key":"SkillPotion"}],"is_trial":false,"path_per_floor":["M","?","?","?","M","E","M","M","T","R","?","R","E","M","R","B",null],"character_chosen":"THE_SILENT","items_purchased":[],"campfire_rested":2,"item_purchase_floors":[],"current_hp_per_floor":[59,59,52,32,32,32,31,8,22,46,46,70,57,57,57,22,66,66],"gold":317,"neow_bonus":"THREE_ENEMY_KILL","is_daily":false,"chose_seed":false,"campfire_upgraded":0,"win_rate":0.0,"timestamp":1612436139,"path_taken":["M","?","?","?","M","E","M","M","T","R","?","R","E","M","R","BOSS"],"items_purchased_type":[],"build_version":"2020-12-22","purchased_purges":0,"victory":false,"max_hp_per_floor":[66,66,66,66,66,66,66,66,80,80,80,80,80,80,80,80,80,80],"card_choices":[{"not_picked":["Blade Dance","Quick Slash"],"picked":"Acrobatics","floor":1},{"not_picked":["Deadly Poison","Fluid Movement"],"picked":"Reflex","floor":5},{"not_picked":["Envenom","Masterful Stab"],"picked":"Prepared","floor":6},{"not_picked":["Flying Knee","Caltrops"],"picked":"All Out Attack","floor":7},{"not_picked":["Finisher","Choke"],"picked":"Caltrops","floor":8},{"not_picked":["Setup","Dagger Throw"],"picked":"A Thousand Cuts","floor":13},{"not_picked":["Skewer","Endless Agony","Masterful Stab"],"picked":"SKIP","floor":14},{"not_picked":["Malaise","Grand Finale"],"picked":"Night Terror","floor":16}],"player_experience":371417,"relics_obtained":[{"floor":6,"key":"The Specimen"},{"floor":9,"key":"Mango"},{"floor":13,"key":"Girya"}],"event_choices":[{"damage_healed":0,"gold_gain":0,"cards_transformed":["Strike_G"],"player_choice":"Change","damage_taken":0,"max_hp_gain":0,"max_hp_loss":0,"event_name":"Living Wall","floor":2,"gold_loss":0,"cards_obtained":["Blur"]},{"cards_removed":["Strike_G"],"damage_healed":0,"gold_gain":0,"player_choice":"Card Removal","damage_taken":7,"max_hp_gain":0,"max_hp_loss":0,"event_name":"Golden Wing","floor":3,"gold_loss":0},{"damage_healed":0,"gold_gain":0,"player_choice":"Entered Light","damage_taken":20,"max_hp_gain":0,"max_hp_loss":0,"event_name":"Shining Light","floor":4,"gold_loss":0,"cards_upgraded":["Neutralize","Defend_G"]},{"damage_healed":0,"gold_gain":0,"player_choice":"Ignored","damage_taken":0,"max_hp_gain":0,"max_hp_loss":0,"event_name":"Liars Game","floor":11,"gold_loss":0}],"is_beta":false,"boss_relics":[{"not_picked":["ChewingGum","Snecko Eye"],"picked":"bronze:MakeshiftBattery"}],"items_purged_floors":[],"is_endless":false,"potions_floor_spawned":[5,6,14,16],"ascension_level":17}}