{"host":"aq3xpixvif6gmjmv","time":1612425857,"event":{"mods":["BaseMod","CapriCore","Colored Map","Colored Powertips","Friendly Minions","Minty Spire (QoL Compilation)","StSLib","SuperFastMode","The Hierophant"],"gold_per_floor":[113,113,38,50,50,80,80,80,80,80,112,123,123,23,23,119,119,129,4,20,33,33,65,97,117,117,117,117,44,44,444,444,545,545,564,564,335,160,160,189,215,215,238,238,270,270,280,332,332,332],"floor_reached":51,"language":"KOR","playtime":1670,"items_purged":["Blade Dance","Acrobatics","Deflect","Expertise","Crippling Poison"],"score":848,"play_id":"753304bb-9511-460d-aec6-e9089d1790dd","local_time":"20210204170417","daily_mods":["Draft","Flight"],"is_ascension_mode":false,"campfire_choices":[{"data":"Footwork","floor":8.0,"key":"SMITH"},{"data":"Blade Dance","floor":10.0,"key":"SMITH"},{"data":"Blade Dance","floor":13.0,"key":"SMITH"},{"data":"Blade Dance","floor":15.0,"key":"SMITH"},{"data":"Prepared","floor":27,"key":"SMITH"},{"data":"Backflip","floor":28,"key":"SMITH"},{"data":"Backflip","floor":30,"key":"SMITH"},{"floor":32,"key":"REST"},{"data":"Adrenaline","floor":42,"key":"SMITH"},{"data":"PiercingWail","floor":44,"key":"SMITH"},{"floor":49,"key":"DIG"}],"circlet_count":0,"master_deck":["Blade Dance+1","Backflip+1","Footwork+1","Blade Dance+1","Footwork+1","Blade Dance+1","PiercingWail+1","Prepared+1","Backflip+1","CurseOfTheBell","Acrobatics+1","Accuracy+1","Finisher+1","Adrenaline+1","Accuracy+1","Footwork+1"],"relics":["Ring of the Snake","Eternal Feather","Strawberry","StoneCalendar","Vajra","Calling Bell","Bag of Preparation","Frozen Egg 2","Torii","Tingsha","Oddly Smooth Stone","Red Mask","Anchor","Old Coin","Letter Opener","WristBlade","HornCleat","Pen Nib","Toy Ornithopter","Shovel","Mango","InkBottle"],"acts_visited":["Exordium","TheCity","TheBeyond"],"potions_floor_usage":[23,24,31,45,50],"damage_taken":[{"damage":0.0,"enemies":"Small Slimes","floor":1.0,"turns":2.0},{"damage":5.0,"enemies":"Jaw Worm","floor":4.0,"turns":4.0},{"damage":28.0,"enemies":"Gremlin Nob","floor":6.0,"turns":4.0},{"damage":9.0,"enemies":"Lagavulin","floor":11.0,"turns":6.0},{"damage":0.0,"enemies":"2 Louse","floor":12.0,"turns":2.0},{"damage":0.0,"enemies":"Slime Boss","floor":16.0,"turns":5.0},{"damage":0,"enemies":"Chosen","floor":18,"turns":4},{"damage":0,"enemies":"Spheric Guardian","floor":20,"turns":3},{"damage":8,"enemies":"Shelled Parasite and Fungi","floor":21,"turns":4},{"damage":31,"enemies":"Book of Stabbing","floor":23,"turns":5},{"damage":25,"enemies":"Masked Bandits","floor":24,"turns":5},{"damage":6,"enemies":"Centurion and Healer","floor":25,"turns":5},{"damage":9,"enemies":"Colosseum Slavers","floor":31,"turns":3},{"damage":7,"enemies":"Colosseum Nobs","floor":31,"turns":3},{"damage":23,"enemies":"Champ","floor":33,"turns":6},{"damage":0,"enemies":"Orb Walker","floor":35,"turns":1},{"damage":1,"enemies":"Giant Head","floor":40,"turns":3},{"damage":11,"enemies":"Nemesis","floor":45,"turns":3},{"damage":0,"enemies":"3 Darklings","floor":47,"turns":3},{"damage":1,"enemies":"2 Orb Walkers","floor":48,"turns":2},{"damage":36,"enemies":"Donu and Deca","floor":50,"turns":4}],"seed_played":"-3938481411818807324","potions_obtained":[{"floor":1.0,"key":"EssenceOfSteel"},{"floor":4.0,"key":"DuplicationPotion"},{"floor":12.0,"key":"Dexterity Potion"},{"floor":16,"key":"Block Potion"},{"floor":18,"key":"LiquidMemories"},{"floor":20,"key":"GamblersBrew"},{"floor":24,"key":"Strength Potion"},{"floor":33,"key":"SpeedPotion"},{"floor":35,"key":"LiquidMemories"},{"floor":47,"key":"Strength Potion"}],"is_trial":true,"path_per_floor":["M","?","$","M","?","E","?","R","T","R","E","M","R","$","R","B",null,"M","$","M","M","T","E","?","M","T","R","R","$","R","?","R","B",null,"M","?","$","$","?","E","T","R","T","R","E","?","M","?","R","B",null],"character_chosen":"THE_SILENT","items_purchased":["Accuracy+1","Footwork+1"],"campfire_rested":1,"item_purchase_floors":[29,37],"current_hp_per_floor":[70,58,58,53,39,18,18,24,24,30,21,21,30,30,36,36,77,77,77,77,69,69,38,13,7,7,16,25,25,34,18,50,27,77,77,77,77,77,73,72,72,73,73,73,62,62,62,75,84,51],"gold":332,"neow_bonus":"","is_daily":false,"chose_seed":false,"campfire_upgraded":9,"win_rate":0.0,"timestamp":1612425857,"path_taken":["M","?","?","M","?","E","?","R","T","R","E","?","R","$","R","BOSS","BOSS","M","$","M","M","?","E","?","?","T","R","R","$","R","?","R","BOSS","M","?","$","$","?","E","?","R","T","R","E","?","?","?","R","BOSS"],"items_purchased_type":["Card","Card"],"build_version":"2020-12-22","purchased_purges":5,"victory":true,"max_hp_per_floor":[70,70,70,70,70,77,77,77,77,77,77,77,77,77,77,77,77,77,77,77,77,77,77,77,77,77,77,77,77,77,77,77,77,77,77,77,77,77,73,73,73,73,73,73,73,73,73,87,87,87],"card_choices":[{"not_picked":["Infinite Blades","Dodge and Roll"],"picked":"Blade Dance","floor":0.0},{"not_picked":["Bane","Deadly Poison"],"picked":"Acrobatics","floor":0.0},{"not_picked":["Backstab","Masterful Stab"],"picked":"Crippling Poison","floor":0.0},{"not_picked":["Quick Slash","Deflect"],"picked":"Backflip","floor":0.0},{"not_picked":["Prepared","Skewer"],"picked":"Blade Dance","floor":0.0},{"not_picked":["Deadly Poison","Dagger Throw"],"picked":"Escape Plan","floor":0.0},{"not_picked":["Dash","Bouncing Flask"],"picked":"Acrobatics","floor":0.0},{"not_picked":["Eviscerate","Dagger Throw"],"picked":"Expertise","floor":0.0},{"not_picked":["Predator","Underhanded Strike"],"picked":"Footwork","floor":0.0},{"not_picked":["Bane","PiercingWail"],"picked":"Blade Dance","floor":0.0},{"not_picked":["Deflect","Expertise"],"picked":"Footwork","floor":0.0},{"not_picked":["Reflex","Flying Knee"],"picked":"Blade Dance","floor":0.0},{"not_picked":["Dodge and Roll","Blade Dance"],"picked":"PiercingWail","floor":0.0},{"not_picked":["Sucker Punch","Deadly Poison"],"picked":"Blade Dance","floor":0.0},{"not_picked":["Catalyst","Endless Agony"],"picked":"Deflect","floor":0.0},{"not_picked":["Acrobatics","Deflect","Slice"],"picked":"SKIP","floor":1.0},{"not_picked":["PiercingWail","Acrobatics"],"picked":"Prepared","floor":4.0},{"not_picked":["Cloak And Dagger","Unload","Backstab"],"picked":"SKIP","floor":6.0},{"not_picked":["Catalyst","Concentrate","Poisoned Stab"],"picked":"SKIP","floor":11.0},{"not_picked":["Skewer","Acrobatics"],"picked":"Backflip","floor":12.0},{"not_picked":["PiercingWail","Prepared"],"picked":"Acrobatics+1","floor":18},{"not_picked":["Expertise","Acrobatics","Outmaneuver"],"picked":"SKIP","floor":20},{"not_picked":["Deflect","Deadly Poison","Blade Dance"],"picked":"SKIP","floor":21},{"not_picked":["Backflip+1","Well Laid Plans+1","All Out Attack+1"],"picked":"SKIP","floor":23},{"not_picked":["Riddle With Holes+1","Dash+1","Poisoned Stab+1"],"picked":"SKIP","floor":25},{"not_picked":["Sucker Punch+1","Endless Agony"],"picked":"Finisher+1","floor":31},{"not_picked":["Die Die Die","Tools of the Trade+1"],"picked":"Adrenaline","floor":33},{"not_picked":["Heel Hook+1","Calculated Gamble"],"picked":"Accuracy+1","floor":35},{"not_picked":["Slice+1","Underhanded Strike+1","Tools of the Trade+1"],"picked":"SKIP","floor":40},{"not_picked":["Underhanded Strike","Outmaneuver+1","Infinite Blades+1"],"picked":"SKIP","floor":45},{"not_picked":["Infinite Blades+1","Bane+1","Dodge and Roll"],"picked":"SKIP","floor":47}],"player_experience":401037,"relics_obtained":[{"floor":6.0,"key":"Strawberry"},{"floor":9.0,"key":"StoneCalendar"},{"floor":11.0,"key":"Vajra"},{"floor":17,"key":"Bag of Preparation"},{"floor":17,"key":"Frozen Egg 2"},{"floor":17,"key":"Torii"},{"floor":22,"key":"Tingsha"},{"floor":23,"key":"Oddly Smooth Stone"},{"floor":24,"key":"Red Mask"},{"floor":26,"key":"Anchor"},{"floor":31,"key":"Old Coin"},{"floor":31,"key":"Letter Opener"},{"floor":40,"key":"HornCleat"},{"floor":41,"key":"Pen Nib"},{"floor":43,"key":"Toy Ornithopter"},{"floor":45,"key":"Shovel"},{"floor":48,"key":"Mango"},{"floor":49,"key":"InkBottle"}],"event_choices":[{"damage_healed":0.0,"max_hp_gain":0.0,"max_hp_loss":0.0,"gold_gain":0.0,"event_name":"Scrap Ooze","player_choice":"Success","floor":2.0,"gold_loss":0.0,"damage_taken":12.0,"relics_obtained":["Eternal Feather"]},{"damage_healed":0.0,"max_hp_gain":0.0,"max_hp_loss":0.0,"gold_gain":0.0,"event_name":"Shining Light","player_choice":"Entered Light","floor":5.0,"gold_loss":0.0,"damage_taken":14.0,"cards_upgraded":["Blade Dance","Footwork"]},{"cards_removed":["Acrobatics"],"damage_healed":0.0,"max_hp_gain":0.0,"max_hp_loss":0.0,"gold_gain":0.0,"event_name":"Purifier","player_choice":"Purged","floor":7.0,"gold_loss":0.0,"damage_taken":0.0},{"damage_healed":0,"gold_gain":0,"player_choice":"Fought Bandits","damage_taken":0,"max_hp_gain":0,"max_hp_loss":0,"event_name":"Masked Bandits","floor":24,"gold_loss":0},{"damage_healed":0,"gold_gain":0,"player_choice":"Fight","damage_taken":0,"max_hp_gain":0,"max_hp_loss":0,"event_name":"Colosseum","floor":31,"gold_loss":0},{"damage_healed":0,"gold_gain":0,"player_choice":"Fought Nobs","damage_taken":0,"max_hp_gain":0,"max_hp_loss":0,"event_name":"Colosseum","floor":31,"gold_loss":0},{"cards_removed":["Escape Plan"],"damage_healed":0,"gold_gain":0,"player_choice":"Removed Skill","damage_taken":0,"max_hp_gain":0,"max_hp_loss":0,"event_name":"Falling","floor":36,"gold_loss":0},{"damage_healed":0,"gold_gain":0,"player_choice":"Max HP","damage_taken":0,"max_hp_gain":0,"max_hp_loss":4,"event_name":"Winding Halls","floor":39,"gold_loss":0},{"cards_removed":["Blade Dance"],"damage_healed":0,"gold_gain":0,"player_choice":"Purged","damage_taken":0,"max_hp_gain":0,"max_hp_loss":0,"event_name":"Purifier","floor":46,"gold_loss":0},{"damage_healed":0,"gold_gain":0,"player_choice":"Fight","damage_taken":0,"max_hp_gain":0,"max_hp_loss":0,"event_name":"Mysterious Sphere","floor":48,"gold_loss":0}],"is_beta":false,"boss_relics":[{"not_picked":["Velvet Choker","Runic Dome"],"picked":"Calling Bell"},{"not_picked":["Runic Pyramid","Coffee Dripper"],"picked":"WristBlade"}],"items_purged_floors":[3,14,19,37,38],"is_endless":false,"potions_floor_spawned":[1,4,12,16,18,20,21,24,33,35,47],"ascension_level":0}}