{"host":"3a1ypf1irl30q4k8","time":1612473865,"event":{"mods":["AchievementEnabler","BaseMod","Bestiary","Colored Map","Minty Spire (QoL Compilation)","Relic Stats","ojb\u0027s Info Mod"],"gold_per_floor":[119,138,59,71,82,82,97,97,97,26,59,78,111,122,122,222,222,240,252,252,252,252,252],"floor_reached":22,"language":"ENG","playtime":1121,"items_purged":[],"score":279,"play_id":"84914dc4-1b76-469a-b6dc-f040dacf7b9a","local_time":"20210204212425","is_ascension_mode":true,"campfire_choices":[{"data":"Vigilance","floor":6,"key":"SMITH"},{"data":"Protect","floor":8,"key":"SMITH"},{"data":"Eruption","floor":15,"key":"SMITH"}],"circlet_count":0,"master_deck":["Eruption+1","Vigilance+1","Worship","Indignation","Worship","SashWhip","SashWhip","BattleHymn+1","Protect+1","Worship","FlurryOfBlows","EmptyFist","LessonLearned","BowlingBash","Brilliance","Sanctity","Scrawl","WaveOfTheHand","Protect","LessonLearned","Indignation","ForeignInfluence","Brilliance"],"relics":["Snecko Eye","Anchor","Juzu Bracelet","Pear","Pandora\u0027s Box","Enchiridion","StrikeDummy"],"acts_visited":["Exordium","TheCity"],"potions_floor_usage":[11,11,22],"damage_taken":[{"damage":0,"enemies":"Cultist","floor":1,"turns":3},{"damage":0,"enemies":"2 Louse","floor":2,"turns":2},{"damage":7,"enemies":"Small Slimes","floor":4,"turns":3},{"damage":0,"enemies":"Exordium Wildlife","floor":5,"turns":2},{"damage":8,"enemies":"Blue Slaver","floor":7,"turns":3},{"damage":6,"enemies":"Gremlin Nob","floor":11,"turns":4},{"damage":0,"enemies":"Large Slime","floor":12,"turns":3},{"damage":0,"enemies":"Lagavulin","floor":13,"turns":4},{"damage":3,"enemies":"Gremlin Gang","floor":14,"turns":3},{"damage":57,"enemies":"The Guardian","floor":16,"turns":5},{"damage":0,"enemies":"Chosen","floor":18,"turns":3},{"damage":22,"enemies":"Shell Parasite","floor":19,"turns":4},{"damage":24,"enemies":"Sentry and Sphere","floor":22,"turns":5}],"seed_played":"-2539811441736668294","potions_obtained":[{"floor":1,"key":"StancePotion"},{"floor":2,"key":"Strength Potion"},{"floor":13,"key":"SteroidPotion"},{"floor":14,"key":"SpeedPotion"},{"floor":18,"key":"Energy Potion"}],"is_trial":false,"path_per_floor":["M","M","$","M","M","R","M","R","T","$","E","M","E","M","R","B",null,"M","M","?","?","M"],"character_chosen":"WATCHER","items_purchased":["Worship","SashWhip","Worship"],"campfire_rested":0,"item_purchase_floors":[3,3,10],"current_hp_per_floor":[72,72,72,65,65,65,57,57,57,57,51,51,61,58,58,1,62,62,40,24,24,0,0],"gold":252,"neow_bonus":"BOSS_RELIC","is_daily":false,"chose_seed":false,"campfire_upgraded":3,"win_rate":0.0,"timestamp":1612473865,"path_taken":["M","?","?","M","M","R","M","R","T","$","E","M","E","M","R","BOSS","M","M","?","?","M"],"items_purchased_type":["Card","Card","Card"],"build_version":"2020-12-22","purchased_purges":0,"victory":false,"max_hp_per_floor":[72,72,72,72,72,72,72,72,72,72,72,72,82,82,82,82,82,82,82,82,82,82,82],"relic_stats":{"counters":[13,44],"Snecko Eye":[70,74,93,75],"Pandora\u0027s Box":["Sanctity","Scrawl","WaveOfTheHand","Protect","LessonLearned","Indignation","ForeignInfluence","Brilliance"],"Juzu Bracelet":1,"obtain_stats":[{"Anchor":9,"Pear":13,"Snecko Eye":0,"Enchiridion":20,"Pandora\u0027s Box":17,"Juzu Bracelet":11,"PureWater":0,"StrikeDummy":21},{"Anchor":5,"Pear":8,"Snecko Eye":0,"Enchiridion":12,"Pandora\u0027s Box":10,"Juzu Bracelet":6,"PureWater":0,"StrikeDummy":12},{"Anchor":13,"Pear":24,"Snecko Eye":0,"Enchiridion":39,"Pandora\u0027s Box":32,"Juzu Bracelet":17,"PureWater":0,"StrikeDummy":39}]},"card_choices":[{"not_picked":["ThirdEye","Study"],"picked":"Worship","floor":1},{"not_picked":["Meditate","Conclude"],"picked":"Indignation","floor":2},{"not_picked":["Prostrate","WindmillStrike"],"picked":"SashWhip","floor":4},{"not_picked":["JustLucky","FollowUp"],"picked":"BattleHymn","floor":5},{"not_picked":["JustLucky","Conclude"],"picked":"Protect","floor":7},{"not_picked":["Halt","Worship"],"picked":"FlurryOfBlows","floor":11},{"not_picked":["JustLucky","ClearTheMind"],"picked":"EmptyFist","floor":12},{"not_picked":["CrushJoints","Evaluate"],"picked":"LessonLearned","floor":13},{"not_picked":["Halt","Protect"],"picked":"BowlingBash","floor":14},{"not_picked":["Wish","ConjureBlade"],"picked":"Brilliance","floor":16},{"not_picked":["JustLucky","PathToVictory","SignatureMove"],"picked":"SKIP","floor":18},{"not_picked":["Vengeance","FlyingSleeves","Wireheading"],"picked":"SKIP","floor":19}],"player_experience":1325802,"relics_obtained":[{"floor":9,"key":"Anchor"},{"floor":11,"key":"Juzu Bracelet"},{"floor":13,"key":"Pear"},{"floor":20,"key":"Enchiridion"}],"event_choices":[{"damage_healed":0,"gold_gain":0,"player_choice":"Obtained Book","damage_taken":16,"max_hp_gain":0,"max_hp_loss":0,"event_name":"Cursed Tome","floor":20,"gold_loss":0},{"damage_healed":0,"gold_gain":0,"player_choice":"Gave Potion","damage_taken":0,"relics_obtained":["StrikeDummy"],"max_hp_gain":0,"max_hp_loss":0,"event_name":"WeMeetAgain","floor":21,"gold_loss":0}],"is_beta":false,"boss_relics":[{"not_picked":["Fusion Hammer","Empty Cage"],"picked":"Pandora\u0027s Box"}],"items_purged_floors":[],"is_endless":false,"potions_floor_spawned":[1,2,13,14,18],"killed_by":"Sentry and Sphere","ascension_level":5}}