{"host":"xp5rvh2jwe2ejyfm","time":1612481054,"event":{"mods":["2.2 Compatiblity","Aspiration","BaseMod","BetterRewards","Colored Powertips","Conspire","Downfall","GifTheSpireLib","Gremlin Mod","Hermit","Hubris","Jorbs\u0027s Wanderer Trilogy","Minty Spire (QoL Compilation)","Replay The Spire","Robot Space Explorer","Shade Mod","Somnambulant","StSLib","The Bug Knight","The Clintock","The Construct","The Cursed","The Disciple","The Forsaken","The Hierophant","The Necromancer","The Runesmith","The Servant 0.9.4","The Valiant","The Witch","thorton"],"gold_per_floor":[66,66,66,66,86,121,121,139,139,39,39,62,77,98,98,98,98],"floor_reached":16,"language":"ENG","playtime":674,"items_purged":[],"score":100,"play_id":"95365a75-3a74-49c1-817c-d6dabd0de0ca","local_time":"20210204182414","is_ascension_mode":false,"campfire_choices":[{"floor":7,"key":"RECALL"},{"floor":11,"key":"REST"},{"floor":15,"key":"REST"}],"circlet_count":0,"master_deck":["Strike_Valiant","Strike_Valiant","Strike_Valiant","Strike_Valiant+1","Strike_Valiant","Defend_Valiant","Defend_Valiant","Defend_Valiant","Defend_Valiant","BlindingLight+1","MinorHealing","MinorHealing","AtAllCosts","DualSpirit","PiercingStab","UnyieldingZeal","EmpoweringForce","ReplayTheSpireMod:Doomed","Clumsy","Sharpen+1","EmpoweringForce","hubris:Greed","Delirium","Sharpen","InsightfulPrayer"],"relics":["Cross Pendant","downfall:ExtraCursedKey","Replay:Rubber Ducky","Pen Nib"],"acts_visited":["Exordium"],"potions_floor_usage":[6,6,16],"damage_taken":[{"damage":2,"enemies":"2 Louse","floor":1,"turns":3},{"damage":10,"enemies":"Jaw Worm","floor":5,"turns":7},{"damage":38,"enemies":"Lagavulin","floor":6,"turns":8},{"damage":0,"enemies":"Cultist","floor":8,"turns":3},{"damage":11,"enemies":"Looter","floor":13,"turns":3},{"damage":30,"enemies":"Exordium Wildlife","floor":14,"turns":5},{"damage":124,"enemies":"The Guardian","floor":16,"turns":14}],"seed_played":"-4492916421486959022","potions_obtained":[{"floor":1,"key":"Weak Potion"},{"floor":5,"key":"Swift Potion"},{"floor":14,"key":"Toxic Potion"}],"is_trial":false,"path_per_floor":["M","?","?","?","M","E","R","M","T","$","R","T","M","M","R","B"],"character_chosen":"TheValiant","items_purchased":["Sharpen+1","EmpoweringForce"],"campfire_rested":2,"item_purchase_floors":[10,10],"current_hp_per_floor":[100,100,100,80,82,62,62,74,74,74,100,100,97,81,100,0,0],"gold":98,"neow_bonus":"ONE_RANDOM_RARE_CARD","is_daily":false,"chose_seed":false,"campfire_upgraded":0,"win_rate":0.0,"timestamp":1612481054,"path_taken":["M","?","?","?","M","E","R","M","T","$","R","?","M","M","R","BOSS"],"items_purchased_type":["Card","Card"],"build_version":"2020-12-22","purchased_purges":0,"victory":false,"max_hp_per_floor":[100,100,100,100,100,100,100,100,100,100,100,100,100,100,100,100,100],"card_choices":[{"not_picked":["CombatStance","ItsSmitingTime"],"picked":"DualSpirit","floor":1},{"not_picked":["TakeAim","DivineFavor"],"picked":"PiercingStab","floor":5},{"not_picked":["AuraDischarge","TakeAim"],"picked":"UnyieldingZeal","floor":6},{"not_picked":["ArcaneHealing","PushOnward"],"picked":"EmpoweringForce","floor":8},{"not_picked":["EmpoweringForce","HolyFury"],"picked":"Sharpen","floor":13},{"not_picked":["TakeAim","AbandonReason"],"picked":"InsightfulPrayer","floor":14}],"player_experience":421216,"relics_obtained":[{"floor":6,"key":"Replay:Rubber Ducky"},{"floor":12,"key":"Pen Nib"}],"event_choices":[{"damage_healed":0,"gold_gain":0,"player_choice":"Entered Light","damage_taken":20,"max_hp_gain":0,"max_hp_loss":0,"event_name":"Shining Light","floor":4,"gold_loss":0,"cards_upgraded":["BlindingLight","Strike_Valiant"]}],"is_beta":false,"boss_relics":[],"items_purged_floors":[],"is_endless":false,"potions_floor_spawned":[1,5,14],"killed_by":"The Guardian","ascension_level":0}}