{"host":"k919bq8mkuzdqhzi","time":1612472616,"event":{"mods":["AchievementEnabler","BaseMod","Colored Map","Colored Powertips","DeckTracker","Minty Spire (QoL Compilation)","Relic Sorter","SuperFastMode"],"gold_per_floor":[116,128,140,64,83,114,127,127,203,303,303,322,322,335,335,439,439,451,451,451,451,464,464,474,774,774,496,514,533,533,26,26,125,125,142,3,3,21,21,21,33,33,60,60,79,79,131,143,143,143,143],"floor_reached":50,"language":"ENG","playtime":3347,"items_purged":["Writhe","Parasite"],"score":519,"play_id":"2d8df4fe-31b5-4253-8fad-08eff3019a5d","local_time":"20210204160336","is_ascension_mode":false,"campfire_choices":[{"data":"Dash","floor":8,"key":"SMITH"},{"data":"Leg Sweep","floor":11,"key":"SMITH"},{"data":"Sucker Punch","floor":13,"key":"SMITH"},{"data":"Caltrops","floor":15,"key":"SMITH"},{"data":"Bouncing Flask","floor":23,"key":"SMITH"},{"data":"Noxious Fumes","floor":30,"key":"SMITH"},{"data":"Catalyst","floor":32,"key":"SMITH"},{"data":"Malaise","floor":40,"key":"SMITH"},{"data":"A Thousand Cuts","floor":42,"key":"SMITH"},{"data":"Tactician","floor":44,"key":"SMITH"},{"data":"Cloak And Dagger","floor":46,"key":"SMITH"},{"floor":49,"key":"REST"}],"circlet_count":0,"master_deck":["Strike_G+1","Strike_G+1","Strike_G+1","Strike_G+1","Defend_G+1","Defend_G+1","Defend_G+1","Defend_G+1","Defend_G+1","Survivor","Neutralize","Deadly Poison","Sucker Punch+1","Bouncing Flask+1","Leg Sweep+1","Bane","Dash+1","Cloak And Dagger+1","Caltrops+1","A Thousand Cuts+1","Crippling Poison+1","Quick Slash+1","Noxious Fumes+1","Poisoned Stab","Catalyst+1","Malaise+1","Footwork+1","Tactician+1","Parasite","Shame"],"relics":["Ring of the Snake","Singing Bowl","Pear","Cursed Key","Ginger","Old Coin","Question Card","MealTicket","Gremlin Horn","Mercury Hourglass","Velvet Choker","Centennial Puzzle","Tingsha"],"acts_visited":["Exordium","TheCity","TheBeyond"],"potions_floor_usage":[14,16,18,47,50,50,50],"damage_taken":[{"damage":3,"enemies":"2 Louse","floor":1,"turns":5},{"damage":0,"enemies":"Cultist","floor":2,"turns":4},{"damage":0,"enemies":"Small Slimes","floor":3,"turns":3},{"damage":4,"enemies":"Exordium Wildlife","floor":5,"turns":6},{"damage":16,"enemies":"Lagavulin","floor":6,"turns":8},{"damage":9,"enemies":"Exordium Thugs","floor":7,"turns":7},{"damage":0,"enemies":"Red Slaver","floor":12,"turns":4},{"damage":2,"enemies":"2 Fungi Beasts","floor":14,"turns":4},{"damage":13,"enemies":"The Guardian","floor":16,"turns":10},{"damage":13,"enemies":"2 Thieves","floor":18,"turns":4},{"damage":2,"enemies":"Chosen","floor":22,"turns":4},{"damage":0,"enemies":"Snake Plant","floor":24,"turns":3},{"damage":0,"enemies":"Snecko","floor":28,"turns":4},{"damage":0,"enemies":"Chosen and Byrds","floor":29,"turns":4},{"damage":35,"enemies":"Champ","floor":33,"turns":9},{"damage":0,"enemies":"Orb Walker","floor":35,"turns":3},{"damage":0,"enemies":"3 Shapes","floor":38,"turns":4},{"damage":6,"enemies":"Writhing Mass","floor":41,"turns":6},{"damage":13,"enemies":"3 Darklings","floor":45,"turns":4},{"damage":47,"enemies":"2 Orb Walkers","floor":47,"turns":5},{"damage":1,"enemies":"Maw","floor":48,"turns":7},{"damage":72,"enemies":"Donu and Deca","floor":50,"turns":8}],"seed_played":"-4422352152903319042","potions_obtained":[{"floor":2,"key":"Explosive Potion"},{"floor":5,"key":"Poison Potion"},{"floor":6,"key":"EssenceOfSteel"},{"floor":12,"key":"Fruit Juice"},{"floor":18,"key":"SkillPotion"},{"floor":22,"key":"Strength Potion"},{"floor":45,"key":"SkillPotion"},{"floor":48,"key":"CunningPotion"}],"is_trial":false,"path_per_floor":["M","M","M","$","M","E","M","R","T","?","R","M","R","M","R","B",null,"M","?","?","?","M","R","M","T","T","$","M","M","R","$","R","B",null,"M","$","?","M","?","R","M","R","T","R","M","R","?","M","R","B"],"character_chosen":"THE_SILENT","items_purchased":["Leg Sweep","Poisoned Stab","MealTicket","Gremlin Horn","Mercury Hourglass","Tactician"],"campfire_rested":1,"item_purchase_floors":[4,27,27,31,31,36],"current_hp_per_floor":[74,74,74,74,70,56,47,47,57,57,57,57,57,60,60,47,94,81,94,94,94,92,92,92,92,92,92,92,94,94,96,96,61,96,96,93,93,95,97,97,93,93,93,93,82,82,37,38,69,0,0],"gold":143,"neow_bonus":"TEN_PERCENT_HP_BONUS","is_daily":false,"chose_seed":false,"campfire_upgraded":11,"win_rate":0.0,"timestamp":1612472616,"path_taken":["M","M","M","$","M","E","M","R","T","?","R","?","R","?","R","BOSS","M","?","?","?","M","R","M","?","T","$","M","?","R","$","R","BOSS","M","$","?","?","?","R","M","R","T","R","M","R","?","M","R","BOSS"],"items_purchased_type":["Card","Card","Relic","Relic","Relic","Card"],"build_version":"2020-12-22","purchased_purges":2,"victory":false,"max_hp_per_floor":[77,77,77,77,77,79,79,79,89,89,89,89,89,94,94,94,94,94,94,94,94,94,94,94,94,94,94,94,96,96,96,96,96,96,96,93,93,95,97,97,99,99,99,99,101,101,103,105,105,105,105],"card_choices":[{"not_picked":["Underhanded Strike","Dagger Spray"],"picked":"Deadly Poison","floor":1},{"not_picked":["Cloak And Dagger","Endless Agony"],"picked":"Sucker Punch","floor":2},{"not_picked":["Escape Plan","Accuracy"],"picked":"Bouncing Flask","floor":3},{"not_picked":["Masterful Stab","Poisoned Stab"],"picked":"Bane","floor":5},{"not_picked":["Backstab","Masterful Stab","Endless Agony"],"picked":"Singing Bowl","floor":6},{"not_picked":["Leg Sweep","Glass Knife"],"picked":"Dash","floor":7},{"not_picked":["Prepared","Acrobatics"],"picked":"Cloak And Dagger","floor":12},{"not_picked":["Poisoned Stab","PiercingWail"],"picked":"Caltrops","floor":14},{"not_picked":["Envenom","Wraith Form v2"],"picked":"A Thousand Cuts","floor":16},{"not_picked":["Bouncing Flask+1","Blade Dance"],"picked":"Crippling Poison+1","floor":18},{"not_picked":["Finisher+1","Masterful Stab+1"],"picked":"Quick Slash+1","floor":22},{"not_picked":["Deflect","Dagger Throw+1"],"picked":"Noxious Fumes","floor":24},{"not_picked":["Underhanded Strike","Deflect","Riddle With Holes"],"picked":"Catalyst","floor":28},{"not_picked":["Backflip","Quick Slash","Poisoned Stab","Blade Dance"],"picked":"Singing Bowl","floor":29},{"not_picked":["A Thousand Cuts","Adrenaline","Tools of the Trade"],"picked":"Malaise","floor":33},{"not_picked":["PiercingWail","Deflect+1","Dodge and Roll"],"picked":"Footwork+1","floor":35},{"not_picked":["Catalyst+1","Bouncing Flask+1","Backflip","Sucker Punch"],"picked":"Singing Bowl","floor":38},{"not_picked":["Mind Blast","Panacea","Trip","Good Instincts"],"picked":"Singing Bowl","floor":39},{"not_picked":["Predator","Distraction","Well Laid Plans","Quick Slash+1"],"picked":"Singing Bowl","floor":41},{"not_picked":["Quick Slash","Leg Sweep","Dagger Throw","Backflip+1"],"picked":"Singing Bowl","floor":45},{"not_picked":["Tactician","Quick Slash","Dagger Spray","Backstab+1"],"picked":"Singing Bowl","floor":47},{"not_picked":["Blade Dance+1","Backflip+1","Malaise","Terror"],"picked":"Singing Bowl","floor":48}],"player_experience":92049,"relics_obtained":[{"floor":6,"key":"Singing Bowl"},{"floor":9,"key":"Pear"},{"floor":25,"key":"Old Coin"},{"floor":26,"key":"Question Card"},{"floor":43,"key":"Centennial Puzzle"},{"floor":47,"key":"Tingsha"}],"event_choices":[{"damage_healed":0,"gold_gain":100,"player_choice":"Gold","damage_taken":0,"max_hp_gain":0,"max_hp_loss":0,"event_name":"Wheel of Change","floor":10,"gold_loss":0},{"damage_healed":31,"gold_gain":0,"player_choice":"Heal","damage_taken":0,"max_hp_gain":0,"max_hp_loss":0,"event_name":"The Library","floor":19,"gold_loss":0},{"damage_healed":0,"gold_gain":0,"player_choice":"Opened","damage_taken":0,"relics_obtained":["Ginger"],"max_hp_gain":0,"max_hp_loss":0,"event_name":"The Mausoleum","floor":20,"gold_loss":0},{"damage_healed":0,"gold_gain":0,"player_choice":"Simplicity","damage_taken":0,"max_hp_gain":0,"max_hp_loss":0,"event_name":"Back to Basics","floor":21,"gold_loss":0,"cards_upgraded":["Strike_G","Strike_G","Strike_G","Strike_G","Strike_G","Defend_G","Defend_G","Defend_G","Defend_G","Defend_G"]},{"cards_removed":["Strike_G"],"damage_healed":0,"gold_gain":0,"player_choice":"Offered Basic","damage_taken":0,"max_hp_gain":0,"max_hp_loss":0,"event_name":"Bonfire Elementals","floor":37,"gold_loss":0},{"damage_healed":0,"gold_gain":0,"player_choice":"Memory 1","damage_taken":0,"max_hp_gain":0,"max_hp_loss":0,"event_name":"SensoryStone","floor":39,"gold_loss":0},{"damage_healed":0,"gold_gain":0,"player_choice":"Fight","damage_taken":0,"max_hp_gain":0,"max_hp_loss":0,"event_name":"Mysterious Sphere","floor":47,"gold_loss":0}],"is_beta":false,"boss_relics":[{"not_picked":["Runic Pyramid","SlaversCollar"],"picked":"Cursed Key"},{"not_picked":["SacredBark","Sozu"],"picked":"Velvet Choker"}],"items_purged_floors":[27,36],"is_endless":false,"potions_floor_spawned":[2,5,6,12,18,22,45,48],"killed_by":"Donu and Deca","ascension_level":0}}