{"host":"r1loscbh0is2dydg","time":1612473421,"event":{"mods":["AchievementEnabler","BaseMod","Colored Map","Colored Powertips","Hermit","Minty Spire (QoL Compilation)","Quick Restart","Rare Cards Sparkle","StSLib","SuperFastMode","The Cursed","egg"],"gold_per_floor":[361,436,401,68,81,81,115,115,115,290,290,26,26,3,3,102,102,121,121,131,131,131,131,165,165,191,210,222,235,38,52,52,52,52],"floor_reached":33,"language":"FRA","playtime":655,"items_purged":[],"score":367,"play_id":"d7aeb75d-29ee-42e6-8128-b0dea72d08bc","local_time":"20210204221701","is_ascension_mode":true,"campfire_choices":[{"data":"Poisoned Stab","floor":6.0,"key":"SMITH"},{"data":"Catalyst","floor":8.0,"key":"SMITH"},{"data":"Poisoned Stab","floor":11.0,"key":"SMITH"},{"data":"Noxious Fumes","floor":13.0,"key":"SMITH"},{"data":"Deadly Poison","floor":15.0,"key":"SMITH"},{"floor":23.0,"key":"REST"},{"floor":25.0,"key":"REST"},{"floor":32.0,"key":"REST"}],"circlet_count":0,"master_deck":["Strike_G","Strike_G","Strike_G","Strike_G","Strike_G","Defend_G+1","Defend_G","Defend_G","Defend_G+1","Defend_G","Survivor","Neutralize","Shame","Flying Knee","Poisoned Stab+1","Poisoned Stab+1","Catalyst+1","Noxious Fumes+1","Poisoned Stab+1","Deadly Poison+1","Glass Knife+1","Cloak And Dagger+1","Writhe","Choke+1","Shame","Slice+1","Die Die Die+1","Cloak And Dagger","Flying Knee+1"],"relics":["Ring of the Snake","Membership Card","Vajra","Pen Nib","Darkstone Periapt","InkBottle","Molten Egg 2","TwistedFunnel","Cursed Key","Spirit Poop","Tingsha","Lantern","War Paint","PreservedInsect","Sundial"],"acts_visited":["Exordium","TheCity"],"potions_floor_usage":[33,33,33],"damage_taken":[{"damage":4.0,"enemies":"Small Slimes","floor":1.0,"turns":4.0},{"damage":7.0,"enemies":"Jaw Worm","floor":5.0,"turns":3.0},{"damage":17.0,"enemies":"3 Sentries","floor":7.0,"turns":5.0},{"damage":29.0,"enemies":"Hexaghost","floor":16.0,"turns":6.0},{"damage":0.0,"enemies":"Chosen","floor":18.0,"turns":3.0},{"damage":0.0,"enemies":"Shell Parasite","floor":20.0,"turns":2.0},{"damage":62.0,"enemies":"Gremlin Leader","floor":24.0,"turns":4.0},{"damage":11.0,"enemies":"Shelled Parasite and Fungi","floor":27.0,"turns":2.0},{"damage":0.0,"enemies":"Sentry and Sphere","floor":28.0,"turns":3.0},{"damage":7.0,"enemies":"Snecko","floor":29.0,"turns":3.0},{"damage":7.0,"enemies":"Cultist and Chosen","floor":31.0,"turns":4.0},{"damage":71,"enemies":"Champ","floor":33,"turns":7}],"seed_played":"366964741750056161","potions_obtained":[{"floor":7.0,"key":"ColorlessPotion"},{"floor":18.0,"key":"SteroidPotion"},{"floor":24.0,"key":"SpeedPotion"},{"floor":29.0,"key":"PowerPotion"}],"is_trial":false,"path_per_floor":["M","?","?","$","M","R","E","R","T","?","R","$","R","$","R","B",null,"M","?","M","?","?","R","E","R","T","M","M","M","$","M","R","B"],"character_chosen":"THE_SILENT","items_purchased":["Membership Card","Poisoned Stab","Vajra","Pen Nib","Molten Egg 2","TwistedFunnel","Noxious Fumes","Poisoned Stab+1","Deadly Poison","PreservedInsect","Sundial"],"campfire_rested":3,"item_purchase_floors":[4,4,4,4,12,12,12,12,14,30,30],"current_hp_per_floor":[66,55,70,70,63,63,46,46,46,52,52,52,52,52,52,23,76,76,76,76,62,68,87,25,51,57,46,46,39,39,32,59,0,0],"gold":52,"neow_bonus":"TWO_FIFTY_GOLD","is_daily":false,"chose_seed":false,"campfire_upgraded":5,"win_rate":0.0,"timestamp":1612473421,"path_taken":["M","?","?","?","M","R","E","R","T","?","R","$","R","$","R","BOSS","M","?","?","?","?","R","E","R","T","M","M","M","$","M","R","BOSS"],"items_purchased_type":["Relic","Card","Relic","Relic","Relic","Relic","Card","Card","Card","Relic","Relic"],"build_version":"2020-12-22","purchased_purges":0,"victory":false,"max_hp_per_floor":[70,70,70,70,70,70,70,70,70,76,76,76,76,76,76,76,76,76,76,76,81,87,87,87,87,93,93,93,93,93,93,93,93,93],"card_choices":[{"not_picked":["PiercingWail","Underhanded Strike"],"picked":"Flying Knee","floor":1.0},{"not_picked":["PiercingWail","Prepared"],"picked":"Poisoned Stab","floor":5.0},{"not_picked":["Poisoned Stab","After Image"],"picked":"Catalyst","floor":7.0},{"not_picked":["Venomology","Die Die Die+1"],"picked":"Glass Knife+1","floor":16.0},{"not_picked":["Deflect","Flechettes+1","Outmaneuver"],"picked":"SKIP","floor":18.0},{"not_picked":["Heel Hook+1","Terror"],"picked":"Cloak And Dagger+1","floor":20.0},{"not_picked":["Backstab+1","Cloak And Dagger"],"picked":"Choke+1","floor":24.0},{"not_picked":["Blur+1","Dash+1"],"picked":"Slice+1","floor":27.0},{"not_picked":["Leg Sweep+1","Underhanded Strike+1"],"picked":"Die Die Die+1","floor":28.0},{"not_picked":["PiercingWail+1","Deflect"],"picked":"Cloak And Dagger","floor":29.0},{"not_picked":["Setup","Dash+1"],"picked":"Flying Knee+1","floor":31.0}],"player_experience":475060,"relics_obtained":[{"floor":7.0,"key":"Darkstone Periapt"},{"floor":9.0,"key":"InkBottle"},{"floor":24.0,"key":"Lantern"},{"floor":26.0,"key":"War Paint"}],"event_choices":[{"damage_healed":0.0,"max_hp_gain":0.0,"max_hp_loss":0.0,"gold_gain":75.0,"event_name":"World of Goop","player_choice":"Gather Gold","floor":2.0,"gold_loss":0.0,"damage_taken":11.0},{"damage_healed":17.0,"max_hp_gain":0.0,"max_hp_loss":0.0,"gold_gain":0.0,"event_name":"The Cleric","player_choice":"Healed","floor":3.0,"gold_loss":35.0,"damage_taken":0.0},{"damage_healed":0.0,"max_hp_gain":0.0,"max_hp_loss":0.0,"gold_gain":175.0,"event_name":"Liars Game","player_choice":"AGREE","floor":10.0,"gold_loss":0.0,"damage_taken":0.0,"cards_obtained":["Doubt"]},{"cards_removed":["Doubt"],"damage_healed":0.0,"max_hp_gain":0.0,"max_hp_loss":0.0,"gold_gain":0.0,"event_name":"Bonfire Elementals","player_choice":"Offered Curse","floor":19.0,"gold_loss":0.0,"damage_taken":0.0,"relics_obtained":["Spirit Poop"]},{"damage_healed":0.0,"max_hp_gain":5.0,"max_hp_loss":0.0,"gold_gain":0.0,"event_name":"Forgotten Altar","player_choice":"Shed Blood","floor":21.0,"gold_loss":0.0,"damage_taken":19.0},{"damage_healed":0.0,"max_hp_gain":0.0,"max_hp_loss":0.0,"gold_gain":0.0,"event_name":"The Mausoleum","player_choice":"Opened","floor":22.0,"gold_loss":0.0,"damage_taken":0.0,"relics_obtained":["Tingsha"],"cards_obtained":["Writhe"]}],"is_beta":false,"boss_relics":[{"not_picked":["Philosopher\u0027s Stone","Tiny House"],"picked":"Cursed Key"}],"items_purged_floors":[],"is_endless":false,"potions_floor_spawned":[7,18,24,29],"killed_by":"Champ","ascension_level":4}}