{"host":"s24sb66hw4a4sfft","time":1612407222,"event":{"mods":["AchievementEnabler","BaseMod","Colored Map","Colored Powertips","Googly Eyes","Hermit","Hubris","Minty Spire (QoL Compilation)","Quick Restart","Shop Mod","StSLib","The Poker Player"],"gold_per_floor":[115,115,115,115,215,246,260,288,288,314,314,326,326,337,337,435,435,446,446,456,456,456],"floor_reached":21,"language":"ENG","playtime":1447,"items_purged":[],"score":197,"play_id":"99fe1bf8-a366-40a9-b77e-d024f1979d87","local_time":"20210203215342","is_ascension_mode":false,"campfire_choices":[{"floor":11,"key":"REST"},{"floor":13,"key":"REST"},{"floor":15,"key":"REST"}],"circlet_count":0,"master_deck":["hermit:Snapshot","hermit:Covet","hermit:Roulette","hermit:Midnight","hermit:Coalescence","hermit:RoundhouseKick","hermit:Combo","hermit:Headshot","hermit:Grudge","hermit:ItchyTrigger","hermit:LowProfile"],"relics":["hermit:Momento","hubris:Icosahedron","hubris:GlazedTorus","Gambling Chip","Kunai","hubris:TenFootPole","Pandora\u0027s Box"],"acts_visited":["Exordium","TheCity"],"potions_floor_usage":[8,8,8],"damage_taken":[{"damage":1,"enemies":"Cultist","floor":1,"turns":3},{"damage":28,"enemies":"Lagavulin","floor":6,"turns":6},{"damage":5,"enemies":"Small Slimes","floor":7,"turns":3},{"damage":13,"enemies":"3 Sentries","floor":8,"turns":3},{"damage":4,"enemies":"Gremlin Nob","floor":10,"turns":4},{"damage":8,"enemies":"2 Louse","floor":12,"turns":2},{"damage":12,"enemies":"Exordium Thugs","floor":14,"turns":3},{"damage":26,"enemies":"Hexaghost","floor":16,"turns":10},{"damage":28,"enemies":"2 Thieves","floor":18,"turns":3},{"damage":32,"enemies":"Shell Parasite","floor":20,"turns":5},{"damage":21,"enemies":"Shelled Parasite and Fungi","floor":21,"turns":3}],"seed_played":"-1721162534652834575","potions_obtained":[{"floor":1,"key":"Dexterity Potion"},{"floor":7,"key":"DistilledChaos"},{"floor":18,"key":"LiquidBronze"}],"is_trial":false,"path_per_floor":["M","?","?","?","?","E","M","E","T","E","R","M","R","M","R","B",null,"M","?","M","M"],"character_chosen":"HERMIT","items_purchased":[],"campfire_rested":3,"item_purchase_floors":[],"current_hp_per_floor":[74,59,52,52,52,24,19,6,6,2,24,16,38,26,48,22,75,47,47,15,0,0],"gold":456,"neow_bonus":"THREE_CARDS","is_daily":false,"chose_seed":false,"campfire_upgraded":0,"win_rate":0.0,"timestamp":1612407222,"path_taken":["M","?","?","?","?","E","?","E","T","E","R","M","R","M","R","BOSS","M","?","M","?"],"items_purchased_type":[],"build_version":"2020-12-22","purchased_purges":0,"victory":false,"max_hp_per_floor":[75,75,75,75,75,75,75,75,75,75,75,75,75,75,75,75,75,75,75,75,75,75],"card_choices":[{"not_picked":["hermit:LowProfile","hermit:Manifest"],"picked":"hermit:Roulette","floor":0},{"not_picked":["hermit:PistolWhip","hermit:GhostlyPresence"],"picked":"hermit:Midnight","floor":1},{"not_picked":["hermit:Manifest","hermit:Roughhouse","hermit:DeadMansHand"],"picked":"SKIP","floor":6},{"not_picked":["hermit:DeadMansHand","hermit:Feint","hermit:Coalescence"],"picked":"SKIP","floor":7},{"not_picked":["hermit:DeadMansHand","hermit:Feint"],"picked":"hermit:Coalescence","floor":7},{"not_picked":["hermit:Midnight","hermit:TakeAim"],"picked":"hermit:RoundhouseKick","floor":8},{"not_picked":["hermit:Dive","hermit:Roulette"],"picked":"hermit:Combo","floor":10},{"not_picked":["hermit:HoleUp","hermit:ShadowCloak"],"picked":"hermit:Headshot","floor":12},{"not_picked":["hermit:TakeAim","hermit:Snipe"],"picked":"hermit:Grudge","floor":14},{"not_picked":["hermit:OverwhelmingPower","hermit:FinalCanter"],"picked":"hermit:Magnum","floor":16},{"not_picked":["hermit:LowProfile+1","hermit:Roulette+1"],"picked":"hermit:ItchyTrigger","floor":18},{"not_picked":["hermit:FullyLoaded+1","hermit:Ricochet"],"picked":"hermit:LowProfile","floor":20}],"player_experience":570528,"relics_obtained":[{"floor":6,"key":"hubris:GlazedTorus"},{"floor":8,"key":"Gambling Chip"},{"floor":9,"key":"Kunai"},{"floor":10,"key":"hubris:TenFootPole"}],"event_choices":[{"damage_healed":0,"gold_gain":0,"player_choice":"Entered Light","damage_taken":15,"max_hp_gain":0,"max_hp_loss":0,"event_name":"Shining Light","floor":2,"gold_loss":0,"cards_upgraded":["hermit:Defend_Hermit","hermit:Strike_Hermit"]},{"cards_removed":["hermit:Strike_Hermit"],"damage_healed":0,"gold_gain":0,"player_choice":"Card Removal","damage_taken":7,"max_hp_gain":0,"max_hp_loss":0,"event_name":"Golden Wing","floor":3,"gold_loss":0},{"damage_healed":0,"gold_gain":100,"player_choice":"Gold","damage_taken":0,"max_hp_gain":0,"max_hp_loss":0,"event_name":"Wheel of Change","floor":5,"gold_loss":0},{"cards_removed":["hermit:Magnum"],"damage_healed":0,"gold_gain":0,"player_choice":"Purged","damage_taken":0,"max_hp_gain":0,"max_hp_loss":0,"event_name":"Purifier","floor":19,"gold_loss":0}],"is_beta":false,"boss_relics":[{"not_picked":["hubris:TerracottaHorce","Sozu"],"picked":"Pandora\u0027s Box"}],"items_purged_floors":[],"is_endless":false,"potions_floor_spawned":[1,7,18],"killed_by":"Shelled Parasite and Fungi","ascension_level":0}}