{"host":"i4eavuqabbk5mi94","time":1612477627,"event":{"mods":["BaseMod","Googly Eyes","Minty Spire (QoL Compilation)"],"gold_per_floor":[110,110,130,141,157,192,192,192,192,72,134,152,162,162,162,290,290,309,11,30,30,30,30,30,30],"floor_reached":24,"language":"ENG","playtime":902,"items_purged":["Injury"],"score":280,"play_id":"76081ec3-3795-41f0-992f-79b52e7cc096","local_time":"20210204222707","is_ascension_mode":true,"campfire_choices":[{"floor":15,"key":"REST"},{"floor":23,"key":"REST"}],"circlet_count":0,"master_deck":["Strike_B","Strike_B","Strike_B","Strike_B+1","Defend_B","Defend_B+1","Defend_B","Defend_B","Zap","Dualcast","Creative AI","Rip and Tear+1","Beam Cell","Hologram","Coolheaded","Reinforced Body","Defragment","Go for the Eyes","Redo","Gash","Cold Snap","Self Repair","Defragment","Ghostly","Ghostly","Ghostly","Ghostly","Ghostly","Shame"],"relics":["Cracked Core","Bottled Flame","Eternal Feather","Mummified Hand","Golden Idol","Philosopher\u0027s Stone","DataDisk","Tiny Chest"],"acts_visited":["Exordium","TheCity"],"potions_floor_usage":[11,16,16,20,20],"damage_taken":[{"damage":2,"enemies":"Jaw Worm","floor":1,"turns":3},{"damage":0,"enemies":"Cultist","floor":3,"turns":2},{"damage":0,"enemies":"2 Louse","floor":4,"turns":1},{"damage":1,"enemies":"Looter","floor":5,"turns":2},{"damage":25,"enemies":"3 Sentries","floor":6,"turns":4},{"damage":22,"enemies":"3 Sentries","floor":11,"turns":5},{"damage":0,"enemies":"Exordium Wildlife","floor":12,"turns":2},{"damage":6,"enemies":"2 Fungi Beasts","floor":13,"turns":2},{"damage":40,"enemies":"Hexaghost","floor":16,"turns":15},{"damage":22,"enemies":"Spheric Guardian","floor":18,"turns":6},{"damage":33,"enemies":"3 Byrds","floor":20,"turns":4},{"damage":40,"enemies":"Gremlin Leader","floor":24,"turns":7}],"seed_played":"-2464280328424778870","potions_obtained":[{"floor":3,"key":"LiquidBronze"},{"floor":6,"key":"Regen Potion"},{"floor":11,"key":"AttackPotion"},{"floor":13,"key":"Dexterity Potion"},{"floor":16,"key":"FocusPotion"},{"floor":20,"key":"GamblersBrew"}],"is_trial":false,"path_per_floor":["M","?","M","M","M","E","?","?","T","$","?","M","M","?","R","B",null,"M","$","M","?","?","R","E"],"character_chosen":"DEFECT","items_purchased":["Defragment","Go for the Eyes","Defragment","DataDisk"],"campfire_rested":2,"item_purchase_floors":[10,10,19,19],"current_hp_per_floor":[66,66,66,66,65,40,25,50,50,50,42,42,36,36,70,30,64,42,42,16,16,16,37,0,0],"gold":30,"neow_bonus":"ONE_RANDOM_RARE_CARD","is_daily":false,"chose_seed":false,"campfire_upgraded":0,"win_rate":0.0,"timestamp":1612477627,"path_taken":["M","?","M","M","?","E","?","?","T","?","?","M","?","?","R","BOSS","M","$","M","?","?","R","E"],"items_purchased_type":["Card","Card","Card","Relic"],"build_version":"2020-12-22","purchased_purges":1,"victory":false,"max_hp_per_floor":[75,75,75,75,75,75,75,75,75,75,75,75,75,75,75,75,75,75,75,75,37,37,37,37,37],"card_choices":[{"not_picked":["Streamline","Barrage"],"picked":"Rip and Tear","floor":1},{"not_picked":["Go for the Eyes","Barrage"],"picked":"Beam Cell","floor":3},{"not_picked":["Aggregate","Recycle"],"picked":"Hologram","floor":4},{"not_picked":["Reboot","Steam"],"picked":"Coolheaded","floor":5},{"not_picked":["Beam Cell","Stack"],"picked":"Reinforced Body","floor":6},{"not_picked":["Core Surge","Chaos"],"picked":"Redo","floor":11},{"not_picked":["Cold Snap","Double Energy"],"picked":"Gash","floor":12},{"not_picked":["Ball Lightning","Coolheaded"],"picked":"Cold Snap","floor":13},{"not_picked":["Lockon","Ball Lightning"],"picked":"Self Repair","floor":18},{"not_picked":["BootSequence","Sunder","Leap"],"picked":"SKIP","floor":20}],"player_experience":404683,"relics_obtained":[{"floor":6,"key":"Bottled Flame"},{"floor":9,"key":"Eternal Feather"},{"floor":11,"key":"Mummified Hand"}],"event_choices":[{"damage_healed":0,"gold_gain":0,"player_choice":"Upgraded","damage_taken":0,"max_hp_gain":0,"max_hp_loss":0,"event_name":"Upgrade Shrine","floor":2,"gold_loss":0,"cards_upgraded":["Rip and Tear"]},{"damage_healed":0,"gold_gain":0,"player_choice":"Entered Light","damage_taken":15,"max_hp_gain":0,"max_hp_loss":0,"event_name":"Shining Light","floor":7,"gold_loss":0,"cards_upgraded":["Strike_B","Defend_B"]},{"damage_healed":25,"gold_gain":0,"player_choice":"Banana","damage_taken":0,"max_hp_gain":0,"max_hp_loss":0,"event_name":"Big Fish","floor":8,"gold_loss":0},{"damage_healed":0,"gold_gain":0,"player_choice":"Searched \u00271\u0027 times","damage_taken":0,"max_hp_gain":0,"max_hp_loss":0,"event_name":"Dead Adventurer","floor":11,"gold_loss":0},{"damage_healed":0,"gold_gain":0,"player_choice":"Take Wound","damage_taken":0,"relics_obtained":["Golden Idol"],"max_hp_gain":0,"max_hp_loss":0,"event_name":"Golden Idol","floor":14,"gold_loss":0,"cards_obtained":["Injury"]},{"damage_healed":0,"gold_gain":0,"player_choice":"Became a Ghost","damage_taken":0,"max_hp_gain":0,"max_hp_loss":38,"event_name":"Ghosts","floor":21,"gold_loss":0,"cards_obtained":["Ghostly","Ghostly","Ghostly","Ghostly","Ghostly"]},{"damage_healed":0,"gold_gain":0,"player_choice":"Stole Relic","damage_taken":0,"relics_obtained":["Tiny Chest"],"max_hp_gain":0,"max_hp_loss":0,"event_name":"Addict","floor":22,"gold_loss":0,"cards_obtained":["Shame"]}],"is_beta":false,"boss_relics":[{"not_picked":["SacredBark","Velvet Choker"],"picked":"Philosopher\u0027s Stone"}],"items_purged_floors":[19],"is_endless":false,"potions_floor_spawned":[3,6,11,13,16,20],"killed_by":"Gremlin Leader","ascension_level":6}}