{"host":"onfdonezo2qmaex3","time":1612443139,"event":{"mods":["2.2 Compatiblity","AchievementEnabler","Aspiration","BaseMod","Colored Powertips","Downfall","Friendly Minions","Hermit","Highlight Path","Jorbs\u0027s Wanderer Trilogy","Marisa????????","Marked Mod","Minty Spire (QoL Compilation)","Quick Restart","Reliquary","Shop Mod","StSLib","The Disciple","The Hayseed","The Marked","The Runesmith"],"gold_per_floor":[99,116,116,0,14,40,64,84,84,10,21,21,39,24,40,145,145,45,45,45,45],"floor_reached":19,"language":"ENG","playtime":1305,"items_purged":[],"score":167,"play_id":"de345d8a-2fd6-4ed7-a03f-c5b2168299d5","local_time":"20210204135219","is_ascension_mode":false,"campfire_choices":[{"floor":1,"key":"RECALL"},{"data":"Guardian:FloatingOrbs","floor":9,"key":"SMITH"},{"data":"Guardian:BronzeOrb","floor":12,"key":"SMITH"},{"data":"Guardian:PrismaticBeam","floor":18,"key":"SMITH"}],"circlet_count":0,"master_deck":["Guardian:Strike_Guardian","Guardian:Strike_Guardian","Guardian:Strike_Guardian","Guardian:Strike_Guardian","Guardian:Defend_Guardian","Guardian:Defend_Guardian","Guardian:Defend_Guardian","Guardian:Defend_Guardian","Guardian:CurlUp","Guardian:TwinSlam","Guardian:BronzeOrb+1","Guardian:FloatingOrbs+1","Guardian:RollAttack","Guardian:Orbwalk","Guardian:PiercingHide","Guardian:PrismaticBeam+1","Guardian:StasisStrike"],"relics":["Guardian:ModeShifter","The Courier","Black Star","downfall:HeartBlessingRed"],"acts_visited":["Exordium","TheCity"],"potions_floor_usage":[16,16,16],"damage_taken":[{"damage":0,"enemies":"2 Louse","floor":2,"turns":3},{"damage":5,"enemies":"downfall:FleeingMerchant","floor":4,"turns":4},{"damage":1,"enemies":"Cultist","floor":5,"turns":4},{"damage":36,"enemies":"3 Sentries","floor":6,"turns":18},{"damage":1,"enemies":"Jaw Worm","floor":8,"turns":4},{"damage":0,"enemies":"downfall:FleeingMerchant","floor":10,"turns":4},{"damage":9,"enemies":"Large Slime","floor":11,"turns":4},{"damage":5,"enemies":"Exordium Wildlife","floor":13,"turns":4},{"damage":10,"enemies":"downfall:FleeingMerchant","floor":14,"turns":4},{"damage":7,"enemies":"Exordium Thugs","floor":15,"turns":5},{"damage":23,"enemies":"WA_ARCHETYPE_RETAIN","floor":16,"turns":9},{"damage":20,"enemies":"3 Byrds","floor":19,"turns":3}],"seed_played":"-3517633672703315126","potions_obtained":[{"floor":2,"key":"Regen Potion"},{"floor":5,"key":"SteroidPotion"},{"floor":8,"key":"LiquidMemories"},{"floor":16,"key":"SkillPotion"}],"is_trial":false,"path_per_floor":["R","M","?","$","M","E","T","M","R","$","M","R","M","$","M","B",null,"R","M"],"character_chosen":"GUARDIAN","items_purchased":["Guardian:BronzeOrb","Guardian:Gem_Green","Guardian:Orbwalk"],"campfire_rested":0,"item_purchase_floors":[4,4,10],"current_hp_per_floor":[88,88,88,83,82,46,46,45,45,45,36,36,31,21,14,6,88,88,68,68,68],"gold":45,"neow_bonus":"TEN_PERCENT_HP_BONUS","is_daily":false,"chose_seed":false,"campfire_upgraded":3,"win_rate":0.0,"timestamp":1612443139,"path_taken":["R","M","?","$","?","E","T","M","R","$","M","R","M","?","M","BOSS","R","M"],"items_purchased_type":["Card","Card","Card"],"build_version":"2020-12-22","purchased_purges":0,"victory":false,"max_hp_per_floor":[88,88,88,88,88,88,88,88,88,88,88,88,88,88,88,88,88,88,88,88,88],"card_choices":[{"not_picked":["Guardian:Gem_Yellow","Guardian:Clone"],"picked":"Guardian:Gem_White","floor":2},{"not_picked":["Guardian:PolyBeam","Guardian:Planning"],"picked":"Guardian:Gem_Green","floor":4},{"not_picked":["Guardian:Gem_Green","Guardian:Gem_Lightblue"],"picked":"Guardian:Gem_Yellow","floor":5},{"not_picked":["Guardian:RefractedBeam","Guardian:TemporalShield"],"picked":"Guardian:FloatingOrbs","floor":6},{"not_picked":["Guardian:EvasiveProtocol","Guardian:CrystalBeam","Guardian:ShieldCharger"],"picked":"SKIP","floor":8},{"not_picked":["Guardian:RefractedBeam","Guardian:PrimingBeam"],"picked":"Guardian:RollAttack","floor":10},{"not_picked":["Guardian:VentSteam","Guardian:TemporalShield"],"picked":"Guardian:PiercingHide","floor":11},{"not_picked":["Guardian:GuardianWhirl","Guardian:BronzeOrb"],"picked":"Guardian:Gem_Synthetic","floor":13},{"not_picked":["Guardian:WalkerClaw","Guardian:GuardianWhirl"],"picked":"Guardian:Gem_Crimson","floor":14},{"not_picked":["Guardian:Gem_Cyan","Guardian:Emergency"],"picked":"Guardian:PrismaticBeam","floor":15},{"not_picked":["Guardian:StasisEngine","Guardian:Gem_Synthetic"],"picked":"Guardian:StasisStrike","floor":16}],"player_experience":161070,"relics_obtained":[{"floor":6,"key":"The Courier"}],"event_choices":[{"cards_removed":["Guardian:Gem_White"],"damage_healed":0,"gold_gain":0,"player_choice":"Offered Uncommon","damage_taken":0,"max_hp_gain":0,"max_hp_loss":0,"event_name":"Bonfire Elementals","floor":3,"gold_loss":0}],"is_beta":false,"boss_relics":[{"not_picked":["Busted Crown","Cursed Key"],"picked":"Black Star"}],"items_purged_floors":[],"is_endless":false,"potions_floor_spawned":[2,5,8,15,16],"killed_by":"3 Byrds","ascension_level":0}}