{"host":"dztixnx9b0gu6w9i","time":1612415613,"event":{"mods":["BaseMod","Bestiary","Minty Spire (QoL Compilation)","Relic Stats","Slay the Relics Exporter","SpireBot","ojb\u0027s Better Paths Mod","ojb\u0027s Info Mod"],"gold_per_floor":[114,59,59,78,90,90,118,128,128,162,181,181,181,212,212,286,286,298,298,313,313,326,326,346,346,346,381,331,331,331,11,11,86,86,102,52,52,71,71,104,104,104,157,157,173,208,208,262,262,262,262],"floor_reached":50,"language":"ENG","playtime":8402,"items_purged":["Pain","Gash","Shame"],"score":1093,"play_id":"d30d34a2-5779-4c76-815b-5eae4a2683fc","local_time":"20210204001333","is_ascension_mode":true,"campfire_choices":[{"data":"Barrage","floor":6.0,"key":"SMITH"},{"data":"Electrodynamics","floor":15.0,"key":"SMITH"},{"data":"Zap","floor":23.0,"key":"SMITH"},{"data":"Turbo","floor":25.0,"key":"SMITH"},{"data":"Capacitor","floor":29.0,"key":"SMITH"},{"floor":32.0,"key":"REST"},{"data":"Steam Power","floor":42.0,"key":"SMITH"},{"floor":47.0,"key":"RECALL"},{"data":"Creative AI","floor":49.0,"key":"SMITH"}],"circlet_count":0,"master_deck":["AscendersBane","Zap+1","Dualcast","Rebound","Cold Snap","Tempest","Barrage+1","Cold Snap","Electrodynamics+1","Leap","Conserve Battery","Machine Learning","Capacitor+1","Creative AI+1","Cold Snap","Hologram","Coolheaded","Echo Form","Cold Snap","Steam Power+1","Turbo+1","Stack+1","Madness","Thunder Strike","Secret Technique","Madness","Impatience","Self Repair","Undo+1"],"relics":["Cracked Core","NeowsBlessing","Orichalcum","Blue Candle","Eternal Feather","Pear","Centennial Puzzle","Pandora\u0027s Box","TungstenRod","WarpedTongs","Smiling Mask","Bottled Lightning","Enchiridion","OrangePellets","SlaversCollar","Letter Opener","Juzu Bracelet","Anchor","Art of War"],"acts_visited":["Exordium","TheCity","TheBeyond"],"potions_floor_usage":[50],"damage_taken":[{"damage":0.0,"enemies":"2 Louse","floor":1.0,"turns":1.0},{"damage":0.0,"enemies":"Cultist","floor":4.0,"turns":1.0},{"damage":0.0,"enemies":"Small Slimes","floor":5.0,"turns":1.0},{"damage":16.0,"enemies":"3 Sentries","floor":7.0,"turns":11.0},{"damage":12.0,"enemies":"Exordium Wildlife","floor":8.0,"turns":4.0},{"damage":18.0,"enemies":"Lagavulin","floor":10.0,"turns":5.0},{"damage":4.0,"enemies":"2 Fungi Beasts","floor":11.0,"turns":3.0},{"damage":3.0,"enemies":"3 Sentries","floor":14.0,"turns":5.0},{"damage":19.0,"enemies":"The Guardian","floor":16.0,"turns":14.0},{"damage":1.0,"enemies":"2 Thieves","floor":18.0,"turns":4.0},{"damage":15.0,"enemies":"Shell Parasite","floor":20.0,"turns":6.0},{"damage":0.0,"enemies":"Snecko","floor":22.0,"turns":7.0},{"damage":39.0,"enemies":"Shelled Parasite and Fungi","floor":24.0,"turns":6.0},{"damage":20.0,"enemies":"Slavers","floor":27.0,"turns":2.0},{"damage":28.0,"enemies":"Collector","floor":33.0,"turns":8.0},{"damage":0.0,"enemies":"3 Shapes","floor":35.0,"turns":1.0},{"damage":0.0,"enemies":"3 Darklings","floor":38.0,"turns":2.0},{"damage":29.0,"enemies":"Giant Head","floor":40.0,"turns":10.0},{"damage":17.0,"enemies":"Maw","floor":45.0,"turns":7.0},{"damage":34.0,"enemies":"Nemesis","floor":46.0,"turns":15.0},{"damage":59,"enemies":"Awakened One","floor":50,"turns":8}],"seed_played":"-8250755881413956004","potions_obtained":[{"floor":5.0,"key":"SmokeBomb"},{"floor":10.0,"key":"DuplicationPotion"},{"floor":11.0,"key":"Dexterity Potion"},{"floor":16.0,"key":"DistilledChaos"},{"floor":18.0,"key":"BlessingOfTheForge"},{"floor":24.0,"key":"Swift Potion"},{"floor":33.0,"key":"Energy Potion"}],"is_trial":false,"path_per_floor":["M","$","?","M","M","R","E","M","T","E","M","?","T","E","R","B",null,"M","?","M","?","M","R","M","R","T","E","$","R","?","$","R","B",null,"M","$","?","M","?","E","?","R","T","?","M","E","R","T","R","B"],"character_chosen":"DEFECT","items_purchased":["Cold Snap","OrangePellets","Madness"],"campfire_rested":1,"item_purchase_floors":[2,31,31],"current_hp_per_floor":[64,64,64,64,64,64,48,36,36,28,24,24,24,21,30,11,64,63,63,48,48,48,60,21,33,33,13,13,25,8,8,44,16,65,65,65,56,56,56,37,37,52,52,52,45,25,40,40,55,0,0],"gold":262,"neow_bonus":"THREE_ENEMY_KILL","is_daily":false,"chose_seed":false,"campfire_upgraded":7,"win_rate":0.0,"timestamp":1612415613,"path_taken":["M","$","?","?","?","R","E","M","T","E","M","?","?","E","R","BOSS","M","?","M","?","?","R","M","R","T","E","$","R","?","$","R","BOSS","M","$","?","M","?","E","?","R","T","?","M","E","R","?","R","BOSS"],"items_purchased_type":["Card","Relic","Card"],"build_version":"2020-12-22","purchased_purges":3,"victory":false,"max_hp_per_floor":[71,71,71,71,71,71,71,71,71,81,81,81,81,81,81,81,81,81,81,81,81,81,81,81,81,81,81,81,81,81,81,81,81,81,81,81,81,81,77,77,77,77,77,77,77,77,77,77,77,77,77],"relic_stats":{"counters":[21,120],"Blue Candle":[11],"Eternal Feather":102,"Juzu Bracelet":1,"Letter Opener":[62],"Orichalcum":[258],"Smiling Mask":150,"WarpedTongs":[65],"OrangePellets":[7],"Centennial Puzzle":[30],"Pandora\u0027s Box":["Capacitor","Creative AI","Cold Snap","Gash","Hologram","Coolheaded","Echo Form","Cold Snap"],"Art of War":[3],"obtain_stats":[{"Pear":10,"NeowsBlessing":0,"Blue Candle":7,"Enchiridion":30,"Eternal Feather":9,"Juzu Bracelet":43,"Letter Opener":40,"Orichalcum":3,"Smiling Mask":26,"WarpedTongs":21,"OrangePellets":31,"SlaversCollar":34,"Centennial Puzzle":14,"Anchor":46,"Pandora\u0027s Box":17,"Art of War":48,"Bottled Lightning":27,"Cracked Core":0,"TungstenRod":19},{"Pear":6,"NeowsBlessing":0,"Blue Candle":4,"Enchiridion":14,"Eternal Feather":5,"Juzu Bracelet":18,"Letter Opener":18,"Orichalcum":1,"Smiling Mask":13,"WarpedTongs":11,"OrangePellets":14,"SlaversCollar":15,"Centennial Puzzle":8,"Anchor":20,"Pandora\u0027s Box":9,"Art of War":20,"Bottled Lightning":14,"Cracked Core":0,"TungstenRod":10},{"Pear":23,"NeowsBlessing":0,"Blue Candle":14,"Enchiridion":70,"Eternal Feather":18,"Juzu Bracelet":90,"Letter Opener":90,"Orichalcum":1,"Smiling Mask":68,"WarpedTongs":55,"OrangePellets":70,"SlaversCollar":78,"Centennial Puzzle":31,"Anchor":112,"Pandora\u0027s Box":45,"Art of War":112,"Bottled Lightning":70,"Cracked Core":0,"TungstenRod":49}],"TungstenRod":55},"card_choices":[{"not_picked":["Barrage","Leap"],"picked":"Rebound","floor":1.0},{"not_picked":["Rebound","Steam Power"],"picked":"Tempest","floor":4.0},{"not_picked":["Fusion","Hologram"],"picked":"Barrage","floor":5.0},{"not_picked":["Skim","Heatsinks"],"picked":"Cold Snap","floor":7.0},{"not_picked":["Beam Cell","Redo"],"picked":"Electrodynamics","floor":8.0},{"not_picked":["Melter","Beam Cell"],"picked":"Leap","floor":10.0},{"not_picked":["Leap","Conserve Battery","Force Field"],"picked":"SKIP","floor":11.0},{"not_picked":["Reprogram","Leap"],"picked":"Conserve Battery","floor":14.0},{"not_picked":["Rainbow","Amplify"],"picked":"Machine Learning","floor":16.0},{"not_picked":["Streamline","Skim","Leap"],"picked":"SKIP","floor":18.0},{"not_picked":["Streamline","Skim","Leap"],"picked":"SKIP","floor":18.0},{"not_picked":["Conserve Battery","Steam"],"picked":"Steam Power","floor":20.0},{"not_picked":["Redo","Creative AI","Leap"],"picked":"SKIP","floor":22.0},{"not_picked":["Hologram","Cold Snap"],"picked":"Turbo","floor":24.0},{"not_picked":["Conserve Battery","Melter"],"picked":"Stack+1","floor":27.0},{"not_picked":["Reboot","Electrodynamics"],"picked":"Thunder Strike","floor":33.0},{"not_picked":["Streamline","Stack","Rebound"],"picked":"SKIP","floor":35.0},{"not_picked":["Mind Blast","Finesse"],"picked":"Secret Technique","floor":37.0},{"not_picked":["HandOfGreed","Jack Of All Trades"],"picked":"Madness","floor":37.0},{"not_picked":["Panacea","Jack Of All Trades"],"picked":"Impatience","floor":37.0},{"not_picked":["Scrape","Doom and Gloom+1"],"picked":"Self Repair","floor":38.0},{"not_picked":["Fusion","Stack","Core Surge"],"picked":"SKIP","floor":40.0},{"not_picked":["Rebound","Steam Power+1","Leap"],"picked":"SKIP","floor":45.0},{"not_picked":["Rebound+1","White Noise+1"],"picked":"Undo+1","floor":46.0}],"player_experience":8417220,"relics_obtained":[{"floor":3.0,"key":"Orichalcum"},{"floor":7.0,"key":"Blue Candle"},{"floor":9.0,"key":"Eternal Feather"},{"floor":10.0,"key":"Pear"},{"floor":14.0,"key":"Centennial Puzzle"},{"floor":26.0,"key":"Smiling Mask"},{"floor":27.0,"key":"Bottled Lightning"},{"floor":30.0,"key":"Enchiridion"},{"floor":40.0,"key":"Letter Opener"},{"floor":43.0,"key":"Juzu Bracelet"},{"floor":46.0,"key":"Anchor"},{"floor":48.0,"key":"Art of War"}],"event_choices":[{"damage_healed":0.0,"max_hp_gain":0.0,"max_hp_loss":0.0,"gold_gain":0.0,"event_name":"Wheel of Change","player_choice":"Relic","floor":3.0,"gold_loss":0.0,"damage_taken":0.0},{"damage_healed":0.0,"max_hp_gain":0.0,"max_hp_loss":0.0,"gold_gain":0.0,"event_name":"Shining Light","player_choice":"Ignored","floor":12.0,"gold_loss":0.0,"damage_taken":0.0},{"damage_healed":0.0,"max_hp_gain":0.0,"max_hp_loss":0.0,"gold_gain":0.0,"event_name":"Addict","player_choice":"Stole Relic","floor":19.0,"gold_loss":0.0,"damage_taken":0.0,"relics_obtained":["TungstenRod"],"cards_obtained":["Shame"]},{"damage_healed":0.0,"max_hp_gain":0.0,"max_hp_loss":0.0,"gold_gain":0.0,"event_name":"Accursed Blacksmith","player_choice":"Rummage","floor":21.0,"gold_loss":0.0,"damage_taken":0.0,"relics_obtained":["WarpedTongs"],"cards_obtained":["Pain"]},{"damage_healed":0.0,"max_hp_gain":0.0,"max_hp_loss":0.0,"gold_gain":0.0,"event_name":"Cursed Tome","player_choice":"Obtained Book","floor":30.0,"gold_loss":0.0,"damage_taken":21.0},{"damage_healed":0.0,"max_hp_gain":0.0,"max_hp_loss":0.0,"gold_gain":0.0,"event_name":"SensoryStone","player_choice":"Memory 3","floor":37.0,"gold_loss":0.0,"damage_taken":10.0},{"damage_healed":0.0,"max_hp_gain":0.0,"max_hp_loss":4.0,"gold_gain":0.0,"event_name":"Winding Halls","player_choice":"Max HP","floor":39.0,"gold_loss":0.0,"damage_taken":0.0},{"damage_healed":0.0,"max_hp_gain":0.0,"max_hp_loss":0.0,"gold_gain":0.0,"event_name":"SecretPortal","player_choice":"Ignored","floor":41.0,"gold_loss":0.0,"damage_taken":0.0},{"damage_healed":0.0,"max_hp_gain":0.0,"max_hp_loss":0.0,"gold_gain":0.0,"event_name":"Tomb of Lord Red Mask","player_choice":"Ignored","floor":44.0,"gold_loss":0.0,"damage_taken":0.0}],"is_beta":false,"boss_relics":[{"not_picked":["Fusion Hammer","Empty Cage"],"picked":"Pandora\u0027s Box"},{"not_picked":["Snecko Eye","Astrolabe"],"picked":"SlaversCollar"}],"items_purged_floors":[28,31,36],"is_endless":false,"potions_floor_spawned":[5,10,11,16,18,24,33,35],"killed_by":"Awakened One","ascension_level":20}}