{"host":"qgrlfjrqk9z96gfi","time":1612460375,"event":{"mods":["BaseMod","Block Reminder","Colored Map","Custom Start","DeckTracker","Minty Spire (QoL Compilation)"],"gold_per_floor":[116,17,17,17,31,67,26,69,93,93,113,113,113,128,128,227,227,246,246,246,266,58,58,72,97,97,136,136,149,24,58,58,154,154,175,198,198,198],"floor_reached":37,"language":"ENG","playtime":1114,"items_purged":["Strike_G"],"score":1034,"play_id":"e168f7d2-8b80-4cc2-a5d7-f422b71f639a","local_time":"20210204073935","is_ascension_mode":true,"campfire_choices":[{"data":"Noxious Fumes","floor":10.0,"key":"SMITH"},{"data":"Catalyst","floor":12.0,"key":"SMITH"},{"data":"Corpse Explosion","floor":15.0,"key":"SMITH"},{"data":"Apotheosis","floor":23.0,"key":"SMITH"},{"data":"Leg Sweep","floor":28.0,"key":"SMITH"},{"data":"Well Laid Plans","floor":32.0,"key":"SMITH"}],"circlet_count":0,"master_deck":["AscendersBane","Strike_G","Strike_G","Strike_G","Defend_G","Defend_G","Defend_G","Defend_G","Defend_G","Survivor","Neutralize","Endless Agony","Poisoned Stab","Noxious Fumes+1","Bane","Corpse Explosion+1","Catalyst+1","Leg Sweep+1","Cloak And Dagger","Heel Hook","After Image","Deflect","Apotheosis+1","Crippling Poison","Leg Sweep","Acrobatics","Well Laid Plans+1","Venomology","Prepared+1"],"relics":["Ring of the Snake","NeowsBlessing","Golden Idol","MealTicket","Kunai","Happy Flower","HornCleat","Busted Crown","Ancient Tea Set","The Courier","Singing Bowl","FossilizedHelix","Black Star"],"acts_visited":["Exordium","TheCity","TheBeyond"],"potions_floor_usage":[37,37,37,37],"damage_taken":[{"damage":0.0,"enemies":"Small Slimes","floor":1.0,"turns":1.0},{"damage":0.0,"enemies":"Jaw Worm","floor":5.0,"turns":1.0},{"damage":0.0,"enemies":"Gremlin Nob","floor":6.0,"turns":1.0},{"damage":22.0,"enemies":"Lagavulin","floor":8.0,"turns":5.0},{"damage":0.0,"enemies":"2 Louse","floor":11.0,"turns":2.0},{"damage":1.0,"enemies":"Looter","floor":14.0,"turns":3.0},{"damage":0.0,"enemies":"Hexaghost","floor":16.0,"turns":6.0},{"damage":0.0,"enemies":"Chosen","floor":18.0,"turns":3.0},{"damage":7.0,"enemies":"Spheric Guardian","floor":21.0,"turns":4.0},{"damage":0.0,"enemies":"3 Cultists","floor":24.0,"turns":2.0},{"damage":9.0,"enemies":"Chosen and Byrds","floor":25.0,"turns":7.0},{"damage":14.0,"enemies":"Book of Stabbing","floor":27.0,"turns":4.0},{"damage":0.0,"enemies":"Snake Plant","floor":29.0,"turns":3.0},{"damage":6.0,"enemies":"Gremlin Leader","floor":31.0,"turns":7.0},{"damage":39.0,"enemies":"Collector","floor":33.0,"turns":9.0},{"damage":23,"enemies":"3 Darklings","floor":35,"turns":5},{"damage":0,"enemies":"3 Shapes","floor":36,"turns":4},{"damage":48,"enemies":"2 Orb Walkers","floor":37,"turns":4}],"seed_played":"2649656861550109795","potions_obtained":[{"floor":5.0,"key":"CunningPotion"},{"floor":11.0,"key":"CunningPotion"},{"floor":24.0,"key":"Fire Potion"},{"floor":25.0,"key":"Poison Potion"},{"floor":27.0,"key":"BlessingOfTheForge"},{"floor":36,"key":"EntropicBrew"}],"is_trial":false,"path_per_floor":["M","$","?","?","M","E","$","E","T","R","M","R","?","M","R","B",null,"M","?","?","M","$","R","M","M","T","E","R","M","$","E","R","B",null,"M","M","?"],"character_chosen":"THE_SILENT","items_purchased":["Poisoned Stab","Noxious Fumes","Catalyst","Apotheosis","Well Laid Plans"],"campfire_rested":0,"item_purchase_floors":[2,2,7,22,30],"current_hp_per_floor":[59,59,52,52,52,52,60,38,38,38,38,38,33,32,32,32,53,53,53,53,46,60,60,60,51,51,39,39,39,54,50,50,11,51,30,30,0,0],"gold":198,"neow_bonus":"THREE_ENEMY_KILL","is_daily":false,"chose_seed":false,"campfire_upgraded":6,"win_rate":0.0,"timestamp":1612460375,"path_taken":["M","$","?","?","M","E","?","E","T","R","?","R","?","M","R","BOSS","M","?","?","M","$","R","M","?","T","E","R","M","$","E","R","BOSS","M","M","?"],"items_purchased_type":["Card","Card","Card","Card","Card"],"build_version":"2020-12-22","purchased_purges":1,"victory":false,"max_hp_per_floor":[66,66,66,60,60,60,60,60,60,60,60,60,60,60,60,60,60,60,60,60,60,60,60,60,60,60,62,62,62,62,64,64,64,64,66,66,66,66],"card_choices":[{"not_picked":["Acrobatics","Flechettes"],"picked":"Endless Agony","floor":1.0},{"not_picked":["Escape Plan","Masterful Stab"],"picked":"Bane","floor":5.0},{"not_picked":["Sucker Punch","Underhanded Strike"],"picked":"Corpse Explosion","floor":6.0},{"not_picked":["Crippling Poison","Escape Plan"],"picked":"Leg Sweep","floor":8.0},{"not_picked":["Dagger Throw","Deflect"],"picked":"Cloak And Dagger","floor":11.0},{"not_picked":["Predator","Slice"],"picked":"Heel Hook","floor":14.0},{"not_picked":["Glass Knife","Storm of Steel"],"picked":"After Image","floor":16.0},{"not_picked":[],"picked":"Deflect","floor":18.0},{"not_picked":["Dagger Throw"],"picked":"SKIP","floor":21.0},{"not_picked":[],"picked":"Crippling Poison","floor":24.0},{"not_picked":[],"picked":"Leg Sweep","floor":25.0},{"not_picked":["Deadly Poison"],"picked":"Singing Bowl","floor":27.0},{"not_picked":[],"picked":"Acrobatics","floor":29.0},{"not_picked":["Deadly Poison"],"picked":"Singing Bowl","floor":31.0},{"not_picked":[],"picked":"Venomology","floor":33.0},{"not_picked":["Acrobatics"],"picked":"Singing Bowl","floor":35},{"not_picked":[],"picked":"Prepared+1","floor":36}],"player_experience":1107267,"relics_obtained":[{"floor":6.0,"key":"MealTicket"},{"floor":8.0,"key":"Kunai"},{"floor":9.0,"key":"Happy Flower"},{"floor":26.0,"key":"The Courier"},{"floor":27.0,"key":"Singing Bowl"},{"floor":31.0,"key":"FossilizedHelix"}],"event_choices":[{"cards_removed":["Strike_G"],"damage_healed":0.0,"max_hp_gain":0.0,"max_hp_loss":0.0,"gold_gain":0.0,"event_name":"Golden Wing","player_choice":"Card Removal","floor":3.0,"gold_loss":0.0,"damage_taken":7.0},{"damage_healed":0.0,"max_hp_gain":0.0,"max_hp_loss":6.0,"gold_gain":0.0,"event_name":"Golden Idol","player_choice":"Lose Max HP","floor":4.0,"gold_loss":0.0,"damage_taken":0.0,"relics_obtained":["Golden Idol"]},{"damage_healed":0.0,"max_hp_gain":0.0,"max_hp_loss":0.0,"gold_gain":0.0,"event_name":"Scrap Ooze","player_choice":"Success","floor":13.0,"gold_loss":0.0,"damage_taken":5.0,"relics_obtained":["HornCleat"]},{"damage_healed":0.0,"max_hp_gain":0.0,"max_hp_loss":0.0,"gold_gain":0.0,"event_name":"Addict","player_choice":"Stole Relic","floor":19.0,"gold_loss":0.0,"damage_taken":0.0,"relics_obtained":["Ancient Tea Set"],"cards_obtained":["Shame"]},{"cards_removed":["Shame"],"damage_healed":0.0,"max_hp_gain":0.0,"max_hp_loss":0.0,"gold_gain":0.0,"event_name":"Fountain of Cleansing","player_choice":"Removed Curses","floor":20.0,"gold_loss":0.0,"damage_taken":0.0},{"damage_healed":0,"gold_gain":0,"player_choice":"Fight","damage_taken":0,"max_hp_gain":0,"max_hp_loss":0,"event_name":"Mysterious Sphere","floor":37,"gold_loss":0}],"is_beta":false,"boss_relics":[{"not_picked":["Astrolabe","WristBlade"],"picked":"Busted Crown"},{"not_picked":["Sozu","Ring of the Serpent"],"picked":"Black Star"}],"items_purged_floors":[30],"is_endless":false,"potions_floor_spawned":[5,11,14,24,25,27,29,31,36],"killed_by":"2 Orb Walkers","ascension_level":20}}