{"host":"jegehu1t82aiec5j","time":1612469363,"event":{"mods":["BaseMod","Colored Map","Minty Spire (QoL Compilation)","Relic Stats","StSLib"],"gold_per_floor":[112,124,49,62,137,168,168,202,202,216,216,216,216,216,216,293,293,308,323,323,523,534,534,568,584,584,499,514,524,524,11,11,89,89,109,109,89,101,117,150,150,181,181,181,198,211,54,65,65,65],"floor_reached":51,"language":"ENG","playtime":2991,"items_purged":["Strike_G"],"score":1409,"play_id":"473d85b5-2d79-407c-9fb6-c50d3ba41be5","local_time":"20210204150923","is_ascension_mode":true,"campfire_choices":[{"floor":7.0,"key":"REST"},{"data":"Accuracy","floor":11.0,"key":"SMITH"},{"data":"Blade Dance","floor":13.0,"key":"SMITH"},{"floor":15.0,"key":"REST"},{"floor":23.0,"key":"REST"},{"floor":30.0,"key":"REST"},{"data":"Sucker Punch","floor":32.0,"key":"SMITH"},{"data":"Predator","floor":41.0,"key":"SMITH"},{"data":"Dash","floor":44.0,"key":"SMITH"},{"data":"Neutralize","floor":49.0,"key":"SMITH"}],"circlet_count":0,"master_deck":["AscendersBane","Strike_G+1","Strike_G+1","Strike_G","Defend_G","Defend_G","Defend_G","Defend_G","Defend_G","Survivor","Neutralize+1","Sucker Punch+1","Blade Dance+1","Accuracy+1","PiercingWail","Deflect+1","Blur+1","Corpse Explosion+1","Noxious Fumes+1","Cloak And Dagger+1","Adrenaline+1","Ghostly+1","Ghostly+1","Ghostly+1","Bouncing Flask+1","Dash+1","Backflip+1","PiercingWail+1","Blade Dance+1","Calculated Gamble+1","Backflip+1","Tools of the Trade","CurseOfTheBell","Backflip+1","Predator+1","Tactician+1","Blur+1","Doppelganger+1","Ghostly+1","Outmaneuver+1"],"relics":["Ring of the Snake","Tingsha","WarpedTongs","Incense Burner","Toxic Egg 2","Prayer Wheel","Snecko Eye","CaptainsWheel","Eternal Feather","Gambling Chip","OrangePellets","The Specimen","Calling Bell","Lantern","Ornamental Fan","Ice Cream","Whetstone","Snake Skull","Toy Ornithopter","DollysMirror"],"acts_visited":["Exordium","TheCity","TheBeyond"],"potions_floor_usage":[50],"damage_taken":[{"damage":1.0,"enemies":"Small Slimes","floor":1.0,"turns":4.0},{"damage":5.0,"enemies":"Jaw Worm","floor":2.0,"turns":3.0},{"damage":0.0,"enemies":"2 Louse","floor":4.0,"turns":3.0},{"damage":2.0,"enemies":"Gremlin Nob","floor":6.0,"turns":3.0},{"damage":15.0,"enemies":"3 Sentries","floor":8.0,"turns":11.0},{"damage":0.0,"enemies":"Looter","floor":10.0,"turns":2.0},{"damage":18.0,"enemies":"Slime Boss","floor":16.0,"turns":14.0},{"damage":13.0,"enemies":"3 Byrds","floor":18.0,"turns":3.0},{"damage":28.0,"enemies":"2 Thieves","floor":19.0,"turns":3.0},{"damage":0.0,"enemies":"Snecko","floor":22.0,"turns":5.0},{"damage":10.0,"enemies":"Book of Stabbing","floor":24.0,"turns":5.0},{"damage":0.0,"enemies":"Snake Plant","floor":25.0,"turns":5.0},{"damage":0.0,"enemies":"Shelled Parasite and Fungi","floor":28.0,"turns":4.0},{"damage":0.0,"enemies":"3 Cultists","floor":29.0,"turns":1.0},{"damage":1.0,"enemies":"Champ","floor":33.0,"turns":11.0},{"damage":0.0,"enemies":"3 Darklings","floor":35.0,"turns":3.0},{"damage":0.0,"enemies":"3 Shapes","floor":38.0,"turns":3.0},{"damage":0.0,"enemies":"Maw","floor":39.0,"turns":6.0},{"damage":0.0,"enemies":"Giant Head","floor":40.0,"turns":6.0},{"damage":0.0,"enemies":"Nemesis","floor":42.0,"turns":7.0},{"damage":0.0,"enemies":"Transient","floor":45.0,"turns":5.0},{"damage":0.0,"enemies":"3 Darklings","floor":46.0,"turns":2.0},{"damage":0.0,"enemies":"Writhing Mass","floor":48.0,"turns":8.0},{"damage":23,"enemies":"Awakened One","floor":50,"turns":15}],"seed_played":"5320818648156536236","potions_obtained":[{"floor":1.0,"key":"Explosive Potion"},{"floor":2.0,"key":"CunningPotion"},{"floor":6.0,"key":"Block Potion"},{"floor":22.0,"key":"Explosive Potion"},{"floor":24.0,"key":"SkillPotion"},{"floor":28.0,"key":"CunningPotion"},{"floor":46.0,"key":"PowerPotion"}],"is_trial":false,"path_per_floor":["M","M","$","M","?","E","R","E","T","M","R","?","R","?","R","B",null,"M","M","?","?","M","R","E","M","T","?","M","M","R","$","R","B",null,"M","?","?","M","M","E","R","E","T","R","M","M","$","M","R","B",null],"character_chosen":"THE_SILENT","items_purchased":["Accuracy","OrangePellets","The Specimen","DollysMirror"],"campfire_rested":4,"item_purchase_floors":[3,31,31,47],"current_hp_per_floor":[43,38,38,38,27,25,44,29,29,29,29,22,22,4,23,5,51,38,10,10,10,10,19,9,9,9,9,9,9,33,33,33,32,33,33,33,33,33,33,33,33,33,33,33,33,33,33,33,33,14],"gold":65,"neow_bonus":"ONE_RARE_RELIC","is_daily":false,"chose_seed":false,"campfire_upgraded":6,"win_rate":0.0,"timestamp":1612469363,"path_taken":["M","M","$","M","?","E","R","E","T","M","R","?","R","?","R","BOSS","M","M","?","?","M","R","E","?","T","?","M","M","R","$","R","BOSS","M","?","?","?","M","E","R","E","T","R","M","?","$","M","R","BOSS"],"items_purchased_type":["Card","Relic","Relic","Relic"],"build_version":"2020-12-22","purchased_purges":1,"victory":true,"max_hp_per_floor":[66,66,66,66,66,66,66,66,66,66,66,66,66,66,66,66,66,66,66,33,33,33,33,33,33,33,33,33,33,33,33,33,33,33,33,33,33,33,33,33,33,33,33,33,33,33,33,33,33,33],"relic_stats":{"counters":[24,132],"Tingsha":[593],"Eternal Feather":18,"Snake Skull":[35],"Whetstone":["Strike_G","Strike_G"],"WarpedTongs":[121],"OrangePellets":[13],"Ornamental Fan":[116],"Gambling Chip":[69],"Snecko Eye":[111,88,112,99],"Prayer Wheel":13,"obtain_stats":[{"Ice Cream":34,"Lantern":34,"The Specimen":31,"Tingsha":0,"Eternal Feather":26,"Snake Skull":42,"Incense Burner":6,"Whetstone":40,"WarpedTongs":0,"Calling Bell":34,"OrangePellets":31,"CaptainsWheel":24,"Ornamental Fan":34,"DollysMirror":47,"Gambling Chip":27,"Snecko Eye":17,"Prayer Wheel":9,"Toxic Egg 2":8,"Toy Ornithopter":43,"Ring of the Snake":0},{"Ice Cream":15,"Lantern":15,"The Specimen":14,"Tingsha":0,"Eternal Feather":12,"Snake Skull":20,"Incense Burner":4,"Whetstone":19,"WarpedTongs":0,"Calling Bell":15,"OrangePellets":14,"CaptainsWheel":11,"Ornamental Fan":15,"DollysMirror":22,"Gambling Chip":12,"Snecko Eye":7,"Prayer Wheel":5,"Toxic Egg 2":5,"Toy Ornithopter":20,"Ring of the Snake":0},{"Ice Cream":77,"Lantern":77,"The Specimen":66,"Tingsha":0,"Eternal Feather":61,"Snake Skull":102,"Incense Burner":13,"Whetstone":95,"WarpedTongs":0,"Calling Bell":77,"OrangePellets":66,"CaptainsWheel":56,"Ornamental Fan":77,"DollysMirror":109,"Gambling Chip":61,"Snecko Eye":40,"Prayer Wheel":24,"Toxic Egg 2":24,"Toy Ornithopter":102,"Ring of the Snake":0}],"Toy Ornithopter":4,"Ring of the Snake":[48]},"card_choices":[{"not_picked":["Catalyst","Endless Agony"],"picked":"Sucker Punch","floor":1.0},{"not_picked":["Accuracy","Leg Sweep"],"picked":"Blade Dance","floor":2.0},{"not_picked":["Poisoned Stab","Dagger Spray"],"picked":"PiercingWail","floor":4.0},{"not_picked":["Night Terror","Poisoned Stab","Backstab"],"picked":"SKIP","floor":6.0},{"not_picked":["Storm of Steel+1","Poisoned Stab"],"picked":"Deflect+1","floor":8.0},{"not_picked":["Flying Knee","Outmaneuver+1"],"picked":"Blur+1","floor":10.0},{"not_picked":["Quick Slash","Slice","Dodge and Roll+1"],"picked":"SKIP","floor":10.0},{"not_picked":["Die Die Die","Phantasmal Killer+1"],"picked":"Corpse Explosion+1","floor":16.0},{"not_picked":["Concentrate+1","Flying Knee"],"picked":"Noxious Fumes+1","floor":18.0},{"not_picked":["Dodge and Roll+1","Flying Knee","Quick Slash+1"],"picked":"SKIP","floor":18.0},{"not_picked":["Poisoned Stab+1","Slice"],"picked":"Cloak And Dagger+1","floor":19.0},{"not_picked":["Backflip+1","Deadly Poison+1"],"picked":"Adrenaline+1","floor":19.0},{"not_picked":["Quick Slash","Terror+1"],"picked":"Bouncing Flask+1","floor":22.0},{"not_picked":["Flying Knee","Distraction+1","Riddle With Holes"],"picked":"SKIP","floor":22.0},{"not_picked":["Flying Knee","Distraction+1","Riddle With Holes"],"picked":"SKIP","floor":22.0},{"not_picked":["Skewer","Deadly Poison+1"],"picked":"Dash","floor":24.0},{"not_picked":["Outmaneuver+1","Poisoned Stab"],"picked":"Backflip+1","floor":25.0},{"not_picked":["Deflect+1","Slice","Quick Slash"],"picked":"SKIP","floor":25.0},{"not_picked":["Outmaneuver+1","Bane"],"picked":"PiercingWail+1","floor":28.0},{"not_picked":["Prepared+1","PiercingWail+1"],"picked":"Blade Dance+1","floor":28.0},{"not_picked":["Cloak And Dagger+1","Unload"],"picked":"Calculated Gamble+1","floor":29.0},{"not_picked":["Deflect+1","Flechettes"],"picked":"Backflip+1","floor":29.0},{"not_picked":["Phantasmal Killer+1","Burst+1"],"picked":"Tools of the Trade","floor":33.0},{"not_picked":["Escape Plan+1","Caltrops"],"picked":"Backflip+1","floor":35.0},{"not_picked":["Poisoned Stab","Dagger Throw","Eviscerate"],"picked":"SKIP","floor":35.0},{"not_picked":["Deflect+1","Blade Dance+1"],"picked":"Predator","floor":38.0},{"not_picked":["Choke","Dagger Spray"],"picked":"Tactician+1","floor":38.0},{"not_picked":["Underhanded Strike","Riddle With Holes+1","Cloak And Dagger+1"],"picked":"SKIP","floor":39.0},{"not_picked":["Heel Hook","Poisoned Stab+1","Reflex+1"],"picked":"SKIP","floor":39.0},{"not_picked":["Quick Slash+1","Slice"],"picked":"Blur+1","floor":40.0},{"not_picked":["Masterful Stab+1","Flechettes","All Out Attack"],"picked":"SKIP","floor":42.0},{"not_picked":["Slice","Riddle With Holes","Noxious Fumes"],"picked":"SKIP","floor":45.0},{"not_picked":["Deadly Poison+1","Bane","Finisher"],"picked":"SKIP","floor":45.0},{"not_picked":["Slice","Underhanded Strike"],"picked":"Doppelganger+1","floor":46.0},{"not_picked":["Dagger Spray","Terror+1","Heel Hook"],"picked":"SKIP","floor":46.0},{"not_picked":["Deadly Poison+1","All Out Attack"],"picked":"Outmaneuver+1","floor":48.0},{"not_picked":["Dodge and Roll+1","Skewer","Sucker Punch"],"picked":"SKIP","floor":48.0}],"player_experience":2579095,"relics_obtained":[{"floor":6.0,"key":"Incense Burner"},{"floor":8.0,"key":"Toxic Egg 2"},{"floor":9.0,"key":"Prayer Wheel"},{"floor":24.0,"key":"CaptainsWheel"},{"floor":26.0,"key":"Eternal Feather"},{"floor":34.0,"key":"Lantern"},{"floor":34.0,"key":"Ornamental Fan"},{"floor":34.0,"key":"Ice Cream"},{"floor":40.0,"key":"Whetstone"},{"floor":42.0,"key":"Snake Skull"},{"floor":43.0,"key":"Toy Ornithopter"}],"event_choices":[{"damage_healed":0.0,"max_hp_gain":0.0,"max_hp_loss":0.0,"gold_gain":75.0,"event_name":"World of Goop","player_choice":"Gather Gold","floor":5.0,"gold_loss":0.0,"damage_taken":11.0},{"cards_removed":["Strike_G"],"damage_healed":0.0,"max_hp_gain":0.0,"max_hp_loss":0.0,"gold_gain":0.0,"event_name":"Golden Wing","player_choice":"Card Removal","floor":12.0,"gold_loss":0.0,"damage_taken":7.0},{"damage_healed":0.0,"max_hp_gain":0.0,"max_hp_loss":0.0,"gold_gain":0.0,"event_name":"Scrap Ooze","player_choice":"Fled","floor":14.0,"gold_loss":0.0,"damage_taken":18.0},{"damage_healed":0.0,"max_hp_gain":0.0,"max_hp_loss":33.0,"gold_gain":0.0,"event_name":"Ghosts","player_choice":"Became a Ghost","floor":20.0,"gold_loss":0.0,"damage_taken":0.0,"cards_obtained":["Ghostly","Ghostly","Ghostly"]},{"damage_healed":0.0,"max_hp_gain":0.0,"max_hp_loss":0.0,"gold_gain":200.0,"event_name":"Wheel of Change","player_choice":"Gold","floor":21.0,"gold_loss":0.0,"damage_taken":0.0},{"damage_healed":0.0,"max_hp_gain":0.0,"max_hp_loss":0.0,"gold_gain":0.0,"event_name":"Addict","player_choice":"Obtained Relic","floor":27.0,"gold_loss":85.0,"damage_taken":0.0,"relics_obtained":["Gambling Chip"]},{"damage_healed":0.0,"max_hp_gain":0.0,"max_hp_loss":0.0,"gold_gain":0.0,"event_name":"SensoryStone","player_choice":"Memory 1","floor":36.0,"gold_loss":0.0,"damage_taken":0.0},{"damage_healed":0.0,"max_hp_gain":0.0,"max_hp_loss":0.0,"gold_gain":0.0,"event_name":"The Woman in Blue","player_choice":"Bought 1 Potion","floor":37.0,"gold_loss":0.0,"damage_taken":0.0}],"is_beta":false,"boss_relics":[{"not_picked":["Ring of the Serpent","SlaversCollar"],"picked":"Snecko Eye"},{"not_picked":["Empty Cage","Velvet Choker"],"picked":"Calling Bell"}],"items_purged_floors":[31],"is_endless":false,"potions_floor_spawned":[1,2,6,22,24,28,35,40,46],"ascension_level":15}}