{"host":"t9zjxed0utvsfjwc","time":1612417646,"event":{"mods":["2.2 Compatiblity","Aspiration","BaseMod","Better Altar","Better Match","Better Note","Better Sensory Stone","Better Skull","Better Third Choice","Block Reminder","Colored Map","Colored Powertips","Custom Start","Downfall","Hermit","Highlight Path","Hubris","Infinite Spire","Marisa????????","Minty Spire (QoL Compilation)","Quick Restart","Rare Cards Sparkle","Reliquary","Replay The Spire","StSLib","The Cursed","The Marked","The Runesmith","Unceasing Turn Reminder","everything is the same but u backflip on backflip"],"gold_per_floor":[111,36,48,1,21,52,62,62,62,88,100,115,115,115,115,115,115],"floor_reached":16,"language":"ENG","playtime":725,"items_purged":["Defend_R"],"score":112,"play_id":"6c9d5341-230b-487f-8707-187024b28d1d","local_time":"20210204054726","is_ascension_mode":false,"campfire_choices":[{"data":"Barricade","floor":8,"key":"SMITH"},{"floor":13,"key":"REST"},{"data":"Uppercut","floor":15,"key":"SMITH"}],"circlet_count":0,"master_deck":["Strike_R","Strike_R","Strike_R","Strike_R","Defend_R","Defend_R","Defend_R","Bash","Reaper","Metallicize","Metallicize","Shrug It Off","Cleave","Barricade+1","Thunderclap","Cleave","Metallicize","Uppercut+1"],"relics":["Burning Blood","Tiny Chest","Runesmith:Locket","Kunai"],"acts_visited":["Exordium"],"potions_floor_usage":[6,6,10],"damage_taken":[{"damage":1,"enemies":"Cultist","floor":1,"turns":4},{"damage":11,"enemies":"Small Slimes","floor":3,"turns":5},{"damage":3,"enemies":"2 Louse","floor":5,"turns":5},{"damage":43,"enemies":"Lagavulin","floor":6,"turns":12},{"damage":15,"enemies":"Exordium Wildlife","floor":7,"turns":8},{"damage":23,"enemies":"Gremlin Nob","floor":10,"turns":5},{"damage":0,"enemies":"Large Slime","floor":11,"turns":9},{"damage":12,"enemies":"Red Slaver","floor":12,"turns":7},{"damage":72,"enemies":"Hexaghost","floor":16,"turns":21}],"seed_played":"-1852246660033153123","potions_obtained":[{"floor":3,"key":"Guardian:BlockOnCardUsePotion"},{"floor":5,"key":"SkillPotion"},{"floor":7,"key":"Fire Potion"}],"is_trial":false,"path_per_floor":["M","$","M","$","M","E","M","R","T","E","M","M","R","?","R","B"],"character_chosen":"IRONCLAD","items_purchased":["Shrug It Off"],"campfire_rested":1,"item_purchase_floors":[4],"current_hp_per_floor":[80,80,79,79,80,49,44,44,44,33,43,41,65,65,65,0,0],"gold":115,"neow_bonus":"ONE_RANDOM_RARE_CARD","is_daily":false,"chose_seed":false,"campfire_upgraded":2,"win_rate":0.0,"timestamp":1612417646,"path_taken":["M","$","M","$","?","E","M","R","T","E","?","?","R","?","R","BOSS"],"items_purchased_type":["Card"],"build_version":"2020-12-22","purchased_purges":1,"victory":false,"max_hp_per_floor":[80,80,80,80,80,80,80,80,80,80,80,80,80,80,80,80,80],"card_choices":[{"not_picked":["Pommel Strike","Flex"],"picked":"Metallicize","floor":1},{"not_picked":["Cleave","ReplayTheSpireMod:Stacked"],"picked":"Metallicize","floor":3},{"not_picked":["Spot Weakness","Clothesline"],"picked":"Cleave","floor":5},{"not_picked":["Carnage","Wild Strike"],"picked":"Barricade","floor":6},{"not_picked":["Replay:Undeath\u0027s Touch","ReplayTheSpireMod:Muscle Training"],"picked":"Thunderclap","floor":7},{"not_picked":["Armaments","Uppercut","Blood for Blood"],"picked":"SKIP","floor":10},{"not_picked":["Run Through","ReplayTheSpireMod:Muscle Training"],"picked":"Cleave","floor":11},{"not_picked":["Run Through","Twin Strike"],"picked":"Metallicize","floor":12}],"player_experience":474347,"relics_obtained":[{"floor":6,"key":"Tiny Chest"},{"floor":9,"key":"Runesmith:Locket"},{"floor":10,"key":"Kunai"}],"event_choices":[{"damage_healed":0,"gold_gain":0,"cards_transformed":["Strike_R"],"player_choice":"Transformed","damage_taken":0,"max_hp_gain":0,"max_hp_loss":0,"event_name":"Transmorgrifier","floor":14,"gold_loss":0,"cards_obtained":["Uppercut"]}],"is_beta":false,"boss_relics":[],"items_purged_floors":[2],"is_endless":false,"potions_floor_spawned":[3,5,7],"killed_by":"Hexaghost","ascension_level":0}}