{"host":"lne8wiuoeo5kx55p","time":1612400951,"event":{"mods":["BaseMod","Colored Map","Colored Powertips","Googly Eyes","Minty Spire (QoL Compilation)","Replay The Spire","StSLib"],"gold_per_floor":[9999,9231,9231,9245,9322,9322,9353,9366,9366,9378,9378,9378,9393,8731,8641,8743,8743,8756,8756,8856,8874,8844,8874,8037,8053,8134,7585,7585,7616,7635,7665,7665,7761,7761,7777,7794,7794,6964,6964,6964,6993,7008,7008,7043,6312,6312,6345,6355,6355,6355,6355,6355,5214,5242,5242],"floor_reached":56,"language":"ZHS","playtime":4018,"items_purged":["Strike_G","Strike_G","Strike_G","Defend_G","Strike_G","Defend_G"],"score":1311,"play_id":"5037cfc7-ba93-4fc4-a5c5-9941e9d6e07c","local_time":"20210204090911","is_ascension_mode":true,"campfire_choices":[{"floor":6,"key":"RECALL"},{"floor":28,"key":"REST"},{"data":"Sneak Up","floor":32,"key":"SMITH"},{"data":"ReplayTheSpireMod:Necrosis","floor":40,"key":"SMITH"},{"data":"Catalyst","floor":49,"key":"SMITH"},{"data":"Noxious Fumes","floor":52,"key":"SMITH"}],"circlet_count":0,"master_deck":["Defend_G","Defend_G","Survivor+1","Neutralize","Crippling Poison","Noxious Fumes+1","Poisoned Stab","Sneak Up+1","Toxin Wave+1","Escape Plan","Prepared","Thinking Ahead","Envenom+1","Acrobatics","Replay:Poison Smokescreen","Dodge and Roll","Sadistic Nature","Bouncing Flask","Poisoned Stab+1","Prepared+1","Bouncing Flask+1","ReplayTheSpireMod:Necrosis+1","Escape Plan","Escape Plan+1","Madness+1","Madness","Toxin Wave","Blur+1","Escape Plan+1","Crippling Poison+1","Well Laid Plans+1","Flying Knee+1","Parasite","Catalyst+1","Poisoned Strike","After Image+1"],"relics":["Ring of the Snake","NeowsBlessing","Snack Pack","Strange Spoon","Potion Belt","Pantograph","GremlinMask","BargainBundle","Toy Ornithopter","Pear","SlaversCollar","HornCleat","Sling","Happy Flower","Replay:Mystery Machine","Letter Opener","TwistedFunnel","Kunai","Lantern","Replay:WaspNest","Anchor","Painkiller Herb","Lee\u0027s Waffle","Bronze Scales","Replay:Rubber Ducky","MealTicket","Frozen Egg 2","Du-Vu Doll","TheAbacus","Ornamental Fan","Dream Catcher","OrangePellets","Sundial","War Paint","White Beast Statue"],"acts_visited":["Exordium","TheCity","TheBeyond","TheEnding"],"potions_floor_usage":[10,16,16,16,23,25,33,41,50,50,50,50,50,55,55,55,55],"damage_taken":[{"damage":0,"enemies":"2 Louse","floor":1,"turns":1},{"damage":0,"enemies":"Jaw Worm","floor":4,"turns":1},{"damage":0,"enemies":"Lagavulin","floor":7,"turns":1},{"damage":1,"enemies":"Small Slimes","floor":8,"turns":3},{"damage":9,"enemies":"Blue Slaver","floor":10,"turns":4},{"damage":0,"enemies":"3 Louse","floor":13,"turns":3},{"damage":41,"enemies":"The Guardian","floor":16,"turns":10},{"damage":35,"enemies":"Shell Parasite","floor":18,"turns":6},{"damage":22,"enemies":"Spheric Guardian","floor":21,"turns":4},{"damage":26,"enemies":"Slavers","floor":23,"turns":5},{"damage":15,"enemies":"Snake Plant","floor":25,"turns":4},{"damage":0,"enemies":"Gremlin Leader","floor":29,"turns":4},{"damage":0,"enemies":"Centurion and Healer","floor":30,"turns":4},{"damage":1,"enemies":"Slavers","floor":31,"turns":3},{"damage":50,"enemies":"Automaton","floor":33,"turns":8},{"damage":0,"enemies":"3 Shapes","floor":35,"turns":3},{"damage":1,"enemies":"Orb Walker","floor":36,"turns":3},{"damage":7,"enemies":"Reptomancer","floor":41,"turns":4},{"damage":0,"enemies":"4 Shapes","floor":42,"turns":2},{"damage":0,"enemies":"Giant Head","floor":44,"turns":6},{"damage":0,"enemies":"R_Hoarder","floor":47,"turns":5},{"damage":0,"enemies":"Writhing Mass","floor":48,"turns":4},{"damage":55,"enemies":"Replay:Hell Engine","floor":50,"turns":9},{"damage":30,"enemies":"Shield and Spear","floor":54,"turns":4},{"damage":78,"enemies":"The Heart","floor":55,"turns":6}],"seed_played":"-9120364594411490119","potions_obtained":[{"floor":4,"key":"LifebloodPotion"},{"floor":5,"key":"FairyPotion"},{"floor":5,"key":"FearPotion"},{"floor":10,"key":"SkillPotion"},{"floor":18,"key":"CultistPotion"},{"floor":22,"key":"SteroidPotion"},{"floor":22,"key":"Strength Potion"},{"floor":25,"key":"Doom Potion"},{"floor":30,"key":"DuplicationPotion"},{"floor":31,"key":"ColorlessPotion"},{"floor":33,"key":"Energy Potion"},{"floor":36,"key":"Regen Potion"},{"floor":54,"key":"EssenceOfSteel"}],"is_trial":false,"path_per_floor":["M","$","?","M","?","R","E","M","T","M","?","?","M","$","R_BF","B",null,"M","?","?","M","?","E","$","M","T","$","R","E","M","E","R","B",null,"?","?","?","T","?","T","E","?","T","E","T","?","E","?","T","B",null,"T","T","E","B",null],"character_chosen":"THE_SILENT","items_purchased":["Snack Pack","Strange Spoon","Noxious Fumes","Flashbang","Strength Potion","Fire Potion","BargainBundle","Toy Ornithopter","Pear","Thinking Ahead","Sadistic Nature","Sling","Happy Flower","Replay:Mystery Machine","Toxic Potion","TwistedFunnel","Kunai","Lantern","Lee\u0027s Waffle","Bronze Scales","Replay:Rubber Ducky","Toxin Wave","GhostInAJar","Adrenaline Potion","TheAbacus","Ornamental Fan","Ancient Potion","Well Laid Plans+1","Poisoned Strike","OrangePellets","Sundial","War Paint","SpeedPotion","Doom Potion","SteroidPotion"],"campfire_rested":1,"item_purchase_floors":[2,2,2,2,2,2,14,14,14,14,24,24,24,24,24,27,27,27,38,38,38,38,38,38,45,45,45,45,53,53,53,53,53,53,53],"current_hp_per_floor":[70,70,70,70,53,53,53,52,52,43,43,43,43,53,53,51,80,45,45,45,23,23,2,2,19,19,19,43,43,43,42,42,22,80,80,79,69,87,87,87,80,80,80,80,87,87,87,87,87,50,87,87,87,57,14],"gold":5242,"neow_bonus":"THREE_ENEMY_KILL","is_daily":false,"chose_seed":false,"campfire_upgraded":4,"win_rate":0.0,"timestamp":1612400951,"path_taken":["M","$","?","M","?","R","E","M","T","M","?","?","M","$","R_BF","BOSS","M","?","?","?","?","E","$","?","T","$","R","E","M","E","R","BOSS","?","?","?","T","?","T","E","?","T","E","T","?","E","?","T","BOSS","T","T","E","BOSS"],"items_purchased_type":["Relic","Relic","Card","Potion","Potion","Potion","Relic","Relic","Relic","Card","Card","Relic","Relic","Relic","Potion","Relic","Relic","Relic","Relic","Relic","Relic","Card","Potion","Potion","Relic","Relic","Potion","Card","Card","Relic","Relic","Relic","Potion","Potion","Potion"],"build_version":"2020-12-22","purchased_purges":6,"victory":true,"max_hp_per_floor":[70,70,70,70,70,70,70,70,70,70,70,70,70,80,80,80,80,80,80,80,80,80,80,80,80,80,80,80,80,80,80,80,80,80,80,80,80,87,87,87,87,87,87,87,87,87,87,87,87,87,87,87,87,87,87],"card_choices":[{"not_picked":["Blade Dance","PiercingWail"],"picked":"Crippling Poison","floor":1},{"not_picked":["Hidden Blade","Slice"],"picked":"Poisoned Stab","floor":4},{"not_picked":["Poisoned Stab","Acrobatics"],"picked":"Sneak Up","floor":5},{"not_picked":["Tactician","ReplayTheSpireMod:Scrap Shanks"],"picked":"Toxin Wave","floor":7},{"not_picked":["Dagger Spray","Poisoned Stab"],"picked":"Escape Plan","floor":8},{"not_picked":["Underhanded Strike","Deflect"],"picked":"Prepared","floor":10},{"not_picked":["Prepared","ReplayTheSpireMod:From All Sides"],"picked":"Bane","floor":13},{"not_picked":["Replay:Bag of Tricks","Doppelganger"],"picked":"Envenom","floor":16},{"not_picked":["Hidden Blade","Prepared"],"picked":"Acrobatics","floor":18},{"not_picked":["Backflip","Flying Knee+1"],"picked":"Replay:Poison Smokescreen","floor":21},{"not_picked":["ReplayTheSpireMod:Exploit Weakness+1","Sneak Up"],"picked":"Dodge and Roll","floor":23},{"not_picked":["Underhanded Strike","Slice"],"picked":"Bouncing Flask","floor":25},{"not_picked":["Hidden Blade","Flying Knee"],"picked":"Poisoned Stab+1","floor":29},{"not_picked":["Skewer","Dodge and Roll"],"picked":"Prepared+1","floor":30},{"not_picked":["Deflect+1","Doppelganger"],"picked":"Bouncing Flask+1","floor":31},{"not_picked":["Unload","Replay:Bag of Tricks"],"picked":"ReplayTheSpireMod:Necrosis","floor":33},{"not_picked":["Deflect","ReplayTheSpireMod:Exploit Weakness"],"picked":"Escape Plan","floor":35},{"not_picked":["Dagger Spray+1","Endless Agony"],"picked":"Escape Plan+1","floor":36},{"not_picked":["Flechettes","Prepared+1"],"picked":"Blur+1","floor":41},{"not_picked":["Deflect","PiercingWail+1"],"picked":"Escape Plan+1","floor":42},{"not_picked":["Eviscerate+1","Riddle With Holes+1"],"picked":"Crippling Poison+1","floor":44},{"not_picked":["Blade Dance","Dagger Spray+1"],"picked":"Flying Knee+1","floor":47},{"not_picked":["Poisoned Stab","Underhanded Strike+1"],"picked":"Catalyst","floor":48},{"not_picked":["Terror","Reflex"],"picked":"After Image+1","floor":54}],"player_experience":32013,"relics_obtained":[{"floor":5,"key":"Potion Belt"},{"floor":7,"key":"Pantograph"},{"floor":23,"key":"HornCleat"},{"floor":26,"key":"Letter Opener"},{"floor":29,"key":"Replay:WaspNest"},{"floor":31,"key":"Anchor"},{"floor":41,"key":"MealTicket"},{"floor":43,"key":"Frozen Egg 2"},{"floor":44,"key":"Du-Vu Doll"},{"floor":47,"key":"Dream Catcher"},{"floor":54,"key":"White Beast Statue"}],"event_choices":[{"damage_healed":0,"gold_gain":0,"player_choice":"Ignored","damage_taken":0,"max_hp_gain":0,"max_hp_loss":0,"event_name":"Liars Game","floor":3,"gold_loss":0},{"cards_removed":["Defend_G"],"damage_healed":0,"gold_gain":0,"player_choice":"Forget","damage_taken":0,"max_hp_gain":0,"max_hp_loss":0,"event_name":"Living Wall","floor":11,"gold_loss":0},{"damage_healed":0,"gold_gain":0,"player_choice":"Trade","damage_taken":0,"relics_obtained":["GremlinMask"],"max_hp_gain":0,"max_hp_loss":0,"event_name":"FaceTrader","floor":12,"gold_loss":0},{"cards_removed":["Strike_G"],"damage_healed":0,"gold_gain":0,"player_choice":"Upgrade and Remove","damage_taken":0,"max_hp_gain":0,"max_hp_loss":0,"event_name":"Designer","floor":15,"gold_loss":90,"cards_upgraded":["Toxin Wave"]},{"damage_healed":0,"gold_gain":0,"player_choice":"Ignored","damage_taken":0,"max_hp_gain":0,"max_hp_loss":0,"event_name":"Vampires","floor":19,"gold_loss":0},{"damage_healed":0,"gold_gain":100,"player_choice":"Pray","damage_taken":0,"max_hp_gain":0,"max_hp_loss":0,"event_name":"Golden Shrine","floor":20,"gold_loss":0},{"damage_healed":0,"gold_gain":0,"player_choice":"Bought 2 Potions","damage_taken":0,"max_hp_gain":0,"max_hp_loss":0,"event_name":"The Woman in Blue","floor":22,"gold_loss":0},{"damage_healed":0,"gold_gain":0,"player_choice":"Embrace Madness","damage_taken":10,"max_hp_gain":0,"max_hp_loss":0,"event_name":"Winding Halls","floor":37,"gold_loss":0,"cards_obtained":["Madness","Madness"]},{"cards_removed":["Bane"],"damage_healed":0,"gold_gain":0,"player_choice":"Removed Attack","damage_taken":0,"max_hp_gain":0,"max_hp_loss":0,"event_name":"Falling","floor":39,"gold_loss":0},{"damage_healed":0,"gold_gain":0,"player_choice":"Forge","damage_taken":0,"max_hp_gain":0,"max_hp_loss":0,"event_name":"Accursed Blacksmith","floor":46,"gold_loss":0,"cards_upgraded":["Envenom"]}],"is_beta":false,"boss_relics":[{"not_picked":["Snecko Eye","Replay:Wanted Poster"],"picked":"SlaversCollar"},{"not_picked":["Sozu","WristBlade"],"picked":"Painkiller Herb"}],"items_purged_floors":[2,14,24,38,45,53],"is_endless":false,"potions_floor_spawned":[4,10,13,18,25,30,31,33,36,47,54],"ascension_level":1}}