{"host":"qqj8xvc6rh6p9rdh","time":1612428988,"event":{"mods":["Act Like it!","BaseMod","DNKmod","Friendly Minions","Hubris","Minty Spire (QoL Compilation)","Small Relic Pack","StSLib","The Animator"],"gold_per_floor":[1213,1213,980,1009,1019,1047,1066,1109,1109,1153,894,905,1234,1246,1246,1325,1325,1335,1079,1079,1079,433,462,287,319,319,351,368,381,406,419,419,497,497,510,521,540,565,32,59,59,59,59,88,88,120,120,120,120,120,120,120,144,746,796,851,930,930,114,189,269,269,269,364,364,364,364,479,599,599,599],"floor_reached":70,"language":"ENG","playtime":4090,"items_purged":["animator:Strike","animator:Shiro","animator:Strike","animator:Strike","animator:Defend","animator:Defend","animator:EmiyaShirou"],"score":3093,"play_id":"31ffa75b-e6c0-4a7f-ad90-b88bc822760f","local_time":"20210204165628","is_ascension_mode":true,"campfire_choices":[{"floor":15,"key":"REST"},{"floor":32,"key":"RECALL"},{"data":"animator:Defend","floor":42,"key":"PURGE"},{"floor":49,"key":"REST"},{"floor":53,"key":"REST"},{"data":"animator:Fredrika","floor":63,"key":"SMITH"},{"data":"animator:Kira","floor":67,"key":"SMITH"}],"circlet_count":0,"master_deck":["AscendersBane","animator:Strike_HitsugiNoChaika+1","animator:Defend_HitsugiNoChaika+1","animator:AcuraAkari+1","animator:Gillette+1","animator:Guy+1","animator:AcuraTooru+1","animator:Fredrika+1","animator:PandorasActor+1","animator:AcuraTooru+1","animator:Layla+1","animator:NivaLada+1","animator:Biyorigo+1","relicPack:ZaWorld+1","animator:Melzalgald+1","animator:Layla+1","animator:Viivi+1","animator:Viivi+1","animator:AcuraTooru+1","animator:ChaikaTrabant+1","animator:Viivi+1","animator:Guy+1","animator:AcuraTooru+1","animator:ChaikaBohdan+1","animator:Fredrika+1","animator:Kira+1"],"relics":["animator:CursedGlyph","animator:TheWolleyCore","animator:AncientMedallion"],"acts_visited":["Exordium","TheCity","TheBeyond","TheEnding","EYB:TheUnnamedReign"],"potions_floor_usage":[8,13,16,16,23,25,27,38,40,60,64,69,70,70],"damage_taken":[{"damage":1,"enemies":"Small Slimes","floor":1,"turns":3},{"damage":0,"enemies":"2 Louse","floor":4,"turns":3},{"damage":0,"enemies":"Cultist","floor":5,"turns":4},{"damage":62,"enemies":"3 Sentries","floor":6,"turns":13},{"damage":0,"enemies":"Looter","floor":7,"turns":3},{"damage":35,"enemies":"Gremlin Nob","floor":8,"turns":4},{"damage":5,"enemies":"3 Sentries","floor":10,"turns":7},{"damage":0,"enemies":"3 Louse","floor":12,"turns":3},{"damage":19,"enemies":"Gremlin Nob","floor":13,"turns":4},{"damage":0,"enemies":"Blue Slaver","floor":14,"turns":3},{"damage":20,"enemies":"Slime Boss","floor":16,"turns":10},{"damage":0,"enemies":"3 Byrds","floor":18,"turns":5},{"damage":0,"enemies":"Slavers","floor":23,"turns":6},{"damage":0,"enemies":"animator:HornedBat","floor":25,"turns":6},{"damage":0,"enemies":"Book of Stabbing","floor":27,"turns":2},{"damage":0,"enemies":"2 Thieves","floor":28,"turns":3},{"damage":0,"enemies":"Snecko","floor":29,"turns":3},{"damage":2,"enemies":"Slavers","floor":30,"turns":3},{"damage":0,"enemies":"Snake Plant","floor":31,"turns":3},{"damage":0,"enemies":"Collector","floor":33,"turns":7},{"damage":0,"enemies":"3 Darklings","floor":35,"turns":4},{"damage":0,"enemies":"3 Shapes","floor":36,"turns":5},{"damage":0,"enemies":"3 Darklings","floor":37,"turns":3},{"damage":160,"enemies":"Mind Bloom Boss Battle","floor":38,"turns":4},{"damage":0,"enemies":"Reptomancer","floor":40,"turns":4},{"damage":0,"enemies":"Giant Head","floor":44,"turns":5},{"damage":0,"enemies":"Reptomancer","floor":46,"turns":4},{"damage":0,"enemies":"Time Eater","floor":50,"turns":5},{"damage":16,"enemies":"hubris:GrandSnecko","floor":51,"turns":5},{"damage":0,"enemies":"animator:TRIPLE_SHAPES_WEAK","floor":55,"turns":6},{"damage":0,"enemies":"animator:UNNAMED_HAT","floor":56,"turns":3},{"damage":6,"enemies":"animator:LARGE_CUBE","floor":60,"turns":3},{"damage":8,"enemies":"animator:UNNAMED_CULTIST_2","floor":61,"turns":5},{"damage":0,"enemies":"animator:ULTIMATE_WISP","floor":64,"turns":5},{"damage":13,"enemies":"animator:ULTIMATE_CRYSTAL","floor":68,"turns":5},{"damage":0,"enemies":"animator:ULTIMATE_CUBE","floor":69,"turns":5},{"damage":104,"enemies":"animator:TheUnnamed","floor":70,"turns":6}],"seed_played":"-7413587251805298766","potions_obtained":[{"floor":1,"key":"Weak Potion"},{"floor":7,"key":"AttackPotion"},{"floor":8,"key":"SmokeBomb"},{"floor":12,"key":"AttackPotion"},{"floor":13,"key":"AttackPotion"},{"floor":14,"key":"BlessingOfTheForge"},{"floor":16,"key":"PowerPotion"},{"floor":18,"key":"Dexterity Potion"},{"floor":23,"key":"Swift Potion"},{"floor":25,"key":"FearPotion"},{"floor":27,"key":"Block Potion"},{"floor":38,"key":"PowerPotion"},{"floor":40,"key":"AttackPotion"},{"floor":44,"key":"DuplicationPotion"},{"floor":55,"key":"animator:FalseLifePotion"},{"floor":56,"key":"animator:FalseLifePotion"},{"floor":60,"key":"animator:FalseLifePotion"},{"floor":64,"key":"animator:FalseLifePotion"},{"floor":69,"key":"animator:FalseLifePotion"}],"is_trial":false,"path_per_floor":["M","?","$","M","M","E","M","E","T","E","$","M","E","M","R","B",null,"M","$","?","?","$","E","$","E","T","E","M","M","E","M","R","B",null,"M","M","M","?","$","E","?","R","T","E","?","E","?","$","R","B","B",null,"R","??","M","M","T","?","$","M","M","?","R","E","T","?","R","E","E","B"],"character_chosen":"THE_ANIMATOR","items_purchased":["Anchor","animator:AcuraTooru","animator:Layla","animator:Melzalgald","animator:Layla","animator:Viivi","relicPack:SpireResearchBook","animator:OldCoffin","Peace Pipe","hubris:FruitBowl","animator:AncientMedallion","animator:AncientMedallion","animator:AncientMedallion"],"campfire_rested":3,"item_purchase_floors":[3,11,11,19,19,22,22,22,39,48,59,59,59],"current_hp_per_floor":[499,454,454,454,454,393,393,358,358,353,353,353,334,334,483,463,489,489,489,489,489,489,489,489,489,489,491,493,495,495,497,497,498,498,498,498,498,338,338,340,340,340,340,342,342,344,309,285,426,428,414,458,473,87,87,87,87,87,87,81,87,87,87,87,87,87,87,74,87,0,0],"gold":599,"neow_bonus":"ONE_RANDOM_RARE_CARD","is_daily":false,"chose_seed":false,"campfire_upgraded":2,"win_rate":0.0,"timestamp":1612428988,"path_taken":["M","?","$","M","M","E","M","E","T","E","$","M","E","M","R","BOSS","M","$","?","?","$","E","$","E","T","E","?","M","E","M","R","BOSS","M","M","M","?","$","E","?","R","T","E","?","E","?","?","R","BOSS","BOSS","R","??","M","M","T","?","$","M","M","?","R","E","T","?","R","E","E","BOSS"],"items_purchased_type":["Relic","Card","Card","Card","Card","Card","Relic","Relic","Relic","Relic","Relic","Relic","Relic"],"build_version":"2020-12-22","purchased_purges":7,"victory":false,"max_hp_per_floor":[500,500,500,500,500,501,501,501,501,501,501,497,497,497,497,497,497,497,497,497,497,497,497,497,497,497,497,497,497,497,497,497,498,498,498,498,498,498,498,498,473,473,473,473,473,473,473,473,473,473,473,473,473,87,87,87,87,87,87,87,87,87,87,87,87,87,87,87,87,87,87],"card_choices":[{"not_picked":["animator:NarberalGamma","animator:Konayuki","animator:ZankiKiguchi"],"picked":"SKIP","floor":1},{"not_picked":["animator:DolaSchwi","animator:DolaCouronne"],"picked":"animator:Guy","floor":4},{"not_picked":["animator:Chris","animator:FielNirvalen","animator:Genos"],"picked":"SKIP","floor":5},{"not_picked":["animator:ChaikaBohdan","animator:Gillette"],"picked":"animator:AcuraTooru","floor":6},{"not_picked":["animator:ChlammyZell","animator:Verdia","animator:Konayuki"],"picked":"SKIP","floor":7},{"not_picked":["animator:Rider","animator:Verdia"],"picked":"animator:Fredrika","floor":8},{"not_picked":["animator:PandorasActor","animator:Gilgamesh","animator:Archer"],"picked":"SKIP","floor":10},{"not_picked":["animator:Gilgamesh","animator:Archer"],"picked":"animator:PandorasActor","floor":10},{"not_picked":["animator:Gillette","animator:Viivi"],"picked":"animator:NivaLada","floor":12},{"not_picked":["animator:Illya","animator:EmiyaShirou","animator:PandorasActor"],"picked":"SKIP","floor":13},{"not_picked":["animator:Illya","animator:PandorasActor"],"picked":"animator:EmiyaShirou","floor":13},{"not_picked":["animator:IzunaHatsuse","animator:ShinjiMatou","animator:Hitei"],"picked":"SKIP","floor":14},{"not_picked":["animator:HigakiRinne","animator:Sora"],"picked":"animator:Biyorigo","floor":16},{"not_picked":["animator:Nanami","animator:Lancer","animator:Genos"],"picked":"SKIP","floor":18},{"not_picked":["animator:Gillette","animator:AcuraTooru"],"picked":"animator:Viivi","floor":23},{"not_picked":["animator:Assassin","animator:Azekura","animator:Alexander"],"picked":"SKIP","floor":25},{"not_picked":["animator:EmiyaShirou","animator:Illya","animator:Nanami"],"picked":"SKIP","floor":27},{"not_picked":["animator:Illya","animator:TsurugaMeisai","animator:Emonzaemon"],"picked":"SKIP","floor":28},{"not_picked":["animator:Layla","animator:AcuraAkari"],"picked":"animator:AcuraTooru","floor":29},{"not_picked":["animator:FielNirvalen","animator:SilverFang","animator:Melzalgald"],"picked":"SKIP","floor":30},{"not_picked":["animator:Entoma","animator:Rider","animator:Azekura"],"picked":"SKIP","floor":31},{"not_picked":["animator:Shiro","animator:Hans"],"picked":"animator:ChaikaTrabant","floor":33},{"not_picked":["animator:DolaSchwi+1","animator:Alexander+1","animator:Genos+1"],"picked":"SKIP","floor":35},{"not_picked":["animator:Gillette","animator:Fredrika"],"picked":"animator:Viivi","floor":36},{"not_picked":["animator:Berserker","animator:DolaRiku","animator:Illya"],"picked":"SKIP","floor":37},{"not_picked":["animator:Cocytus","animator:Alexander+1"],"picked":"animator:Guy","floor":38},{"not_picked":["animator:Alexander","animator:Sebas","animator:TsurugaMeisai"],"picked":"SKIP","floor":40},{"not_picked":["animator:Sonic","animator:IzunaHatsuse","animator:MetalKnight"],"picked":"SKIP","floor":44},{"not_picked":["animator:AcuraAkari","animator:Gillette"],"picked":"animator:AcuraTooru","floor":46},{"not_picked":["animator:Hitei","animator:Chris"],"picked":"animator:ChaikaBohdan","floor":53},{"not_picked":["animator:Sonic","animator:Entoma","animator:DolaSchwi"],"picked":"SKIP","floor":55},{"not_picked":["animator:AcuraAkari","animator:DolaRiku","animator:DolaCouronne"],"picked":"SKIP","floor":56},{"not_picked":["animator:Mitsurugi","animator:SilverFang"],"picked":"animator:Fredrika","floor":60},{"not_picked":["animator:Konayuki","animator:Demiurge","animator:Archer"],"picked":"SKIP","floor":61},{"not_picked":["animator:Kazuma","animator:HigakiRinne","animator:Lancer"],"picked":"SKIP","floor":64},{"not_picked":["animator:Megunee","animator:LimeBell"],"picked":"animator:Kira","floor":66},{"not_picked":["animator:Cocytus","animator:Saber","animator:Illya"],"picked":"SKIP","floor":68},{"not_picked":["animator:DolaCouronne+1","animator:Aqua+1","animator:DolaRiku"],"picked":"SKIP","floor":69}],"player_experience":818869,"relics_obtained":[{"floor":6,"key":"Calipers"},{"floor":8,"key":"animator:EngravedStaff"},{"floor":9,"key":"hubris:MysteriousPyramids"},{"floor":10,"key":"White Beast Statue"},{"floor":12,"key":"animator:CursedGlyph"},{"floor":13,"key":"Old Coin"},{"floor":23,"key":"Happy Flower"},{"floor":25,"key":"Blood Vial"},{"floor":27,"key":"Pocketwatch"},{"floor":30,"key":"Dream Catcher"},{"floor":38,"key":"FossilizedHelix"},{"floor":40,"key":"animator:BattleDrones"},{"floor":43,"key":"Blue Candle"},{"floor":44,"key":"Boot"},{"floor":46,"key":"hubris:Teleporter"},{"floor":54,"key":"animator:TheWolleyCore"},{"floor":54,"key":"animator:AncientMedallion"},{"floor":57,"key":"animator:AncientMedallion"},{"floor":64,"key":"animator:AncientMedallion"},{"floor":65,"key":"animator:AncientMedallion"},{"floor":68,"key":"animator:AncientMedallion"},{"floor":69,"key":"animator:AncientMedallion"}],"event_choices":[{"damage_healed":0,"gold_gain":0,"player_choice":"Success","damage_taken":45,"relics_obtained":["Incense Burner"],"max_hp_gain":0,"max_hp_loss":0,"event_name":"Scrap Ooze","floor":2,"gold_loss":0},{"damage_healed":0,"gold_gain":0,"player_choice":"Upgraded","damage_taken":0,"max_hp_gain":0,"max_hp_loss":0,"event_name":"Upgrade Shrine","floor":21,"gold_loss":0,"cards_upgraded":["animator:Melzalgald"]},{"damage_healed":0,"gold_gain":0,"player_choice":"Fight","damage_taken":0,"max_hp_gain":0,"max_hp_loss":0,"event_name":"MindBloom","floor":38,"gold_loss":0},{"damage_healed":0,"gold_gain":0,"player_choice":"Max HP","damage_taken":0,"max_hp_gain":0,"max_hp_loss":25,"event_name":"Winding Halls","floor":41,"gold_loss":0},{"damage_healed":0,"gold_gain":0,"player_choice":"Memory 1","damage_taken":0,"max_hp_gain":0,"max_hp_loss":0,"event_name":"SensoryStone","floor":66,"gold_loss":0}],"is_beta":false,"boss_relics":[{"not_picked":["relicPack:KazumaCape","hubris:HollowSoul"],"picked":"relicPack:StarArrow"},{"not_picked":["hubris:Stopwatch","Tiny House"],"picked":"hubris:Backtick"}],"items_purged_floors":[3,11,19,22,24,39,48],"is_endless":false,"potions_floor_spawned":[1,7,8,12,13,14,16,18,23,25,27,28,29,30,31,33,35,36,37,38,40,44,46,56,60,61,68],"killed_by":"animator:TheUnnamed","ascension_level":20}}