{"host":"fff5e1uasnm04x18","time":1612470122,"event":{"mods":["BaseMod","Minty Spire (QoL Compilation)"],"gold_per_floor":[109,109,122,141,141,141,166,166,240,240,253,328,354,366,378,495,557,589,601,613,625,637,649,693,705,764,776,803,826,838,850,862,976,988,1011,50,62,62,62,62],"floor_reached":39,"language":"ENG","playtime":1636,"items_purged":["Strike_B"],"score":423,"play_id":"020d198e-3825-4176-a5da-4f0a394155c7","local_time":"20210204152202","is_ascension_mode":true,"campfire_choices":[{"data":"Gash","floor":6.0,"key":"SMITH"},{"floor":8.0,"key":"REST"},{"data":"Core Surge","floor":10.0,"key":"SMITH"},{"floor":15.0,"key":"REST"},{"data":"Seek","floor":23.0,"key":"SMITH"},{"floor":25.0,"key":"REST"},{"floor":30.0,"key":"REST"},{"floor":32.0,"key":"REST"}],"circlet_count":0,"master_deck":["Strike_B","Strike_B+1","Strike_B","Defend_B","Defend_B","Defend_B","Defend_B","Zap","Sweeping Beam+1","Gash+1","Core Surge+1","All For One","Machine Learning","Rebound","Seek+1","Streamline+1","Amplify","Hologram+1","Scrape","Gash","Seek","Self Repair"],"relics":["Cracked Core","Vajra","NlothsMask","Juzu Bracelet","MawBank","Tiny House","PreservedInsect","Letter Opener","Orichalcum","Happy Flower","SlaversCollar","Boot","Kunai","Toolbox"],"acts_visited":["Exordium","TheCity","TheBeyond"],"potions_floor_usage":[],"damage_taken":[{"damage":8.0,"enemies":"Jaw Worm","floor":1.0,"turns":4.0},{"damage":0.0,"enemies":"Cultist","floor":3.0,"turns":3.0},{"damage":0.0,"enemies":"2 Louse","floor":4.0,"turns":2.0},{"damage":20.0,"enemies":"Gremlin Nob","floor":7.0,"turns":4.0},{"damage":13.0,"enemies":"Red Slaver","floor":11.0,"turns":2.0},{"damage":21.0,"enemies":"3 Sentries","floor":13.0,"turns":6.0},{"damage":37.0,"enemies":"Slime Boss","floor":16.0,"turns":8.0},{"damage":10.0,"enemies":"Chosen","floor":18.0,"turns":4.0},{"damage":36.0,"enemies":"Gremlin Leader","floor":24.0,"turns":6.0},{"damage":18.0,"enemies":"2 Thieves","floor":28.0,"turns":3.0},{"damage":10.0,"enemies":"3 Cultists","floor":29.0,"turns":4.0},{"damage":64.0,"enemies":"Champ","floor":33.0,"turns":9.0},{"damage":17,"enemies":"Orb Walker","floor":35,"turns":3},{"damage":41,"enemies":"3 Darklings","floor":37,"turns":5},{"damage":37,"enemies":"4 Shapes","floor":39,"turns":2}],"seed_played":"-5525751471395705760","potions_obtained":[{"floor":3.0,"key":"DuplicationPotion"},{"floor":4.0,"key":"Explosive Potion"},{"floor":7.0,"key":"AttackPotion"},{"floor":17.0,"key":"LiquidBronze"},{"floor":24.0,"key":"CultistPotion"},{"floor":28.0,"key":"PowerPotion"},{"floor":37,"key":"Block Potion"}],"is_trial":false,"path_per_floor":["M","?","M","M","?","R","E","R","T","R","M","?","E","?","R","B",null,"M","?","?","T","?","R","E","R","T","$","M","M","R","?","R","B",null,"M","$","M","?","M"],"character_chosen":"DEFECT","items_purchased":["Scrape","Gash","Seek","Boot","Self Repair","Kunai","Toolbox"],"campfire_rested":5,"item_purchase_floors":[36,36,36,36,36,36,36],"current_hp_per_floor":[67,67,67,67,67,67,47,69,69,69,56,45,24,24,46,9,80,70,70,70,70,70,70,34,58,58,58,40,30,54,54,78,14,80,63,63,36,36,0,0],"gold":62,"neow_bonus":"RANDOM_COMMON_RELIC","is_daily":false,"chose_seed":false,"campfire_upgraded":3,"win_rate":0.0,"timestamp":1612470122,"path_taken":["M","?","M","?","?","R","E","R","T","R","M","?","E","?","R","BOSS","M","?","?","?","?","R","E","R","T","$","M","M","R","?","R","BOSS","M","$","M","?","M"],"items_purchased_type":["Card","Card","Card","Relic","Card","Relic","Relic"],"build_version":"2020-12-22","purchased_purges":1,"victory":false,"max_hp_per_floor":[75,75,75,75,75,75,75,75,75,75,75,75,75,75,75,75,80,80,80,80,80,80,80,80,80,80,80,80,80,80,80,80,80,80,80,80,80,80,80,80],"card_choices":[{"not_picked":["Barrage","Stack"],"picked":"Sweeping Beam","floor":1.0},{"not_picked":["Beam Cell","Streamline"],"picked":"Gash","floor":3.0},{"not_picked":["Stack","Cold Snap","Chill"],"picked":"SKIP","floor":4.0},{"not_picked":["Go for the Eyes","Hologram"],"picked":"Core Surge","floor":7.0},{"not_picked":["Barrage","Turbo","Stack"],"picked":"SKIP","floor":11.0},{"not_picked":["Static Discharge","Go for the Eyes"],"picked":"All For One","floor":13.0},{"not_picked":["Creative AI","Reboot"],"picked":"Machine Learning","floor":16.0},{"not_picked":["Hologram+1","Undo"],"picked":"Rebound","floor":18.0},{"not_picked":["Tempest","Recycle"],"picked":"Sweeping Beam","floor":24.0},{"not_picked":["Coolheaded","Steam+1","Conserve Battery+1"],"picked":"SKIP","floor":28.0},{"not_picked":["Redo","Double Energy"],"picked":"Streamline+1","floor":29.0},{"not_picked":["Creative AI","Electrodynamics"],"picked":"Amplify","floor":33.0},{"not_picked":["Lockon","Cold Snap"],"picked":"Hologram+1","floor":35},{"not_picked":["Leap+1","Ball Lightning+1","White Noise+1"],"picked":"SKIP","floor":37}],"player_experience":471896,"relics_obtained":[{"floor":7.0,"key":"Juzu Bracelet"},{"floor":13.0,"key":"MawBank"},{"floor":21.0,"key":"Letter Opener"},{"floor":24.0,"key":"Orichalcum"},{"floor":26.0,"key":"Happy Flower"}],"event_choices":[{"damage_healed":0.0,"max_hp_gain":0.0,"max_hp_loss":0.0,"gold_gain":0.0,"event_name":"Upgrade Shrine","player_choice":"Upgraded","floor":2.0,"gold_loss":0.0,"damage_taken":0.0,"cards_upgraded":["Sweeping Beam"]},{"damage_healed":0.0,"max_hp_gain":0.0,"max_hp_loss":0.0,"gold_gain":0.0,"event_name":"FaceTrader","player_choice":"Trade","floor":5.0,"gold_loss":0.0,"damage_taken":0.0,"relics_obtained":["NlothsMask"]},{"damage_healed":0.0,"max_hp_gain":0.0,"max_hp_loss":0.0,"gold_gain":75.0,"event_name":"World of Goop","player_choice":"Gather Gold","floor":12.0,"gold_loss":0.0,"damage_taken":11.0},{"cards_removed":["Dualcast"],"damage_healed":0.0,"max_hp_gain":0.0,"max_hp_loss":0.0,"gold_gain":0.0,"event_name":"Bonfire Elementals","player_choice":"Offered Basic","floor":14.0,"gold_loss":0.0,"damage_taken":0.0},{"damage_healed":0.0,"max_hp_gain":0.0,"max_hp_loss":0.0,"gold_gain":0.0,"event_name":"The Mausoleum","player_choice":"Opened","floor":19.0,"gold_loss":0.0,"damage_taken":0.0,"relics_obtained":["PreservedInsect"],"cards_obtained":["Writhe"]},{"cards_removed":["Writhe"],"damage_healed":0.0,"max_hp_gain":0.0,"max_hp_loss":0.0,"gold_gain":0.0,"event_name":"Back to Basics","player_choice":"Elegance","floor":20.0,"gold_loss":0.0,"damage_taken":0.0},{"damage_healed":0.0,"max_hp_gain":0.0,"max_hp_loss":0.0,"gold_gain":0.0,"event_name":"The Library","player_choice":"Read","floor":22.0,"gold_loss":0.0,"damage_taken":0.0,"cards_obtained":["Seek"]},{"damage_healed":0.0,"max_hp_gain":0.0,"max_hp_loss":0.0,"gold_gain":0.0,"event_name":"Ghosts","player_choice":"Ignored","floor":31.0,"gold_loss":0.0,"damage_taken":0.0},{"cards_removed":["Sweeping Beam"],"damage_healed":0,"gold_gain":0,"player_choice":"Removed Attack","damage_taken":0,"max_hp_gain":0,"max_hp_loss":0,"event_name":"Falling","floor":38,"gold_loss":0}],"is_beta":false,"boss_relics":[{"not_picked":["Fusion Hammer","Velvet Choker"],"picked":"Tiny House"},{"not_picked":["Snecko Eye","FrozenCore"],"picked":"SlaversCollar"}],"items_purged_floors":[36],"is_endless":false,"potions_floor_spawned":[3,4,7,24,28,37],"killed_by":"4 Shapes","ascension_level":1}}