{"host":"ec2wu4mdnvke243f","time":1612449125,"event":{"mods":["2.2 Compatiblity","AchievementEnabler","BaseMod","Defuse TimeMaze Blight","Downfall","Hermit","Infinite Spire","Minty Spire (QoL Compilation)","StSLib","The Cursed","The Disciple","The Jungle","The Servant 0.9.4"],"gold_per_floor":[116,116,34,44,44,76,76,76,76,41,41,41],"floor_reached":11,"language":"POL","playtime":544,"items_purged":[],"score":69,"play_id":"51da149e-3822-4d84-940a-dc4ca88c9250","local_time":"20210204153205","daily_mods":["Purple Cards","Colorless Cards","Flight"],"is_ascension_mode":false,"campfire_choices":[{"floor":7,"key":"REST"},{"floor":8,"key":"REST"}],"circlet_count":0,"master_deck":["Strike_S","Strike_S","Strike_S","Strike_S","Defend_S","Defend_S","Defend_S","Defend_S","KidneyShot","Exchange","Rearm","infinitespire:Fortify","Bandage Up","BottledTime"],"relics":["Uniform","Anchor","Peace Pipe","KneeBrace"],"acts_visited":["Exordium"],"potions_floor_usage":[],"damage_taken":[{"damage":8,"enemies":"Jaw Worm","floor":1,"turns":4},{"damage":1,"enemies":"Cultist","floor":4,"turns":4},{"damage":42,"enemies":"Gremlin Nob","floor":6,"turns":7},{"damage":63,"enemies":"Lagavulin","floor":11,"turns":11}],"seed_played":"-2203697945782316023","potions_obtained":[],"is_trial":true,"path_per_floor":["M","?","?","M","$","E","R","R","T","?","E"],"character_chosen":"THE_SERVANT","items_purchased":[],"campfire_rested":2,"item_purchase_floors":[],"current_hp_per_floor":[57,42,42,41,41,3,22,41,41,57,0,0],"gold":41,"neow_bonus":"","is_daily":false,"chose_seed":false,"campfire_upgraded":0,"win_rate":0.0,"timestamp":1612449125,"path_taken":["M","?","?","?","?","E","R","R","T","?","E"],"items_purchased_type":[],"build_version":"2020-12-22","purchased_purges":0,"victory":false,"max_hp_per_floor":[65,65,65,65,65,65,65,65,65,65,65,65],"card_choices":[{"not_picked":["Enlightenment","Spin"],"picked":"Rearm","floor":1},{"not_picked":["infinitespire:Gouge","infinitespire:Punishment"],"picked":"infinitespire:Fortify","floor":2},{"not_picked":["Starlight","FastForward"],"picked":"Bandage Up","floor":4},{"not_picked":["Finesse","Defy"],"picked":"BottledTime","floor":6}],"player_experience":582923,"relics_obtained":[{"floor":6,"key":"Peace Pipe"},{"floor":9,"key":"KneeBrace"}],"event_choices":[{"damage_healed":0,"gold_gain":0,"player_choice":"Paid Gold","damage_taken":0,"relics_obtained":["Anchor"],"max_hp_gain":0,"max_hp_loss":0,"event_name":"WeMeetAgain","floor":3,"gold_loss":82},{"damage_healed":16,"gold_gain":0,"player_choice":"Healed","damage_taken":0,"max_hp_gain":0,"max_hp_loss":0,"event_name":"The Cleric","floor":10,"gold_loss":35}],"is_beta":false,"boss_relics":[],"items_purged_floors":[],"is_endless":false,"potions_floor_spawned":[],"killed_by":"Lagavulin","ascension_level":0}}