{"host":"74dg6ta44i9qan6e","time":1612399538,"event":{"mods":["Act Like it!","BaseMod","Downfall","Hubris","Infinite Spire","Minty Spire (QoL Compilation)","Replay The Spire","StSLib","Waifu the Spire"],"gold_per_floor":[99,112,11,11,0,0,23,123,123,137,157,177,177,177,177,177,195,300,300,300,319,330,330,330,330,383,418,473,473,521,564,564,613,663,772,772,772,826,889,713,772,529,602,656,711,711,767,802,811,867,931,940],"floor_reached":53,"language":"ENG","playtime":5180,"items_purged":["sneckomod:Defend"],"score":1203,"play_id":"6a8ed49c-a125-4b4b-8257-ca22f214074f","local_time":"20210203194538","is_ascension_mode":true,"campfire_choices":[{"data":"sneckomod:SnekBite","floor":1.0,"key":"SMITH"},{"data":"hubris:Rewind","floor":9.0,"key":"SMITH"},{"data":"sneckomod:TailWhip","floor":15.0,"key":"SMITH"},{"data":"sneckomod:SerpentMind","floor":32.0,"key":"SMITH"},{"floor":37.0,"key":"RECALL"}],"circlet_count":0,"master_deck":["sneckomod:Defend","sneckomod:TailWhip+1","sneckomod:SnekBite+1","sneckomod:Unknown+1","sneckomod:Unknown+1","sneckomod:SerpentIdol+1","sneckomod:UnknownBoss+1","sneckomod:Rotation+1","sneckomod:UnknownDraw","sneckomod:UnknownRareSkill","sneckomod:CheapStock","sneckomod:QuickBite","sneckomod:QuickMove","hubris:Rewind+1","sneckomod:SoulRoll+1","sneckomod:IronFang","sneckomod:SoulDraw+1","sneckomod:ImprovisedAttack","sneckomod:DiceBoulder","sneckomod:Mudshield+1","sneckomod:UnknownDexterity","sneckomod:Rotation+1","sneckomod:CheapStock+1","sneckomod:RainOfDice","sneckomod:SnekBeam","infinitespire:Collect+1","sneckomod:SerpentIdol","sneckomod:UnknownDraw","sneckomod:Rotation+1","sneckomod:Rotation","sneckomod:UnknownRarePower","sneckomod:SoulRoll+1","sneckomod:SoulRoll","sneckomod:UnknownStrike+1","sneckomod:SerpentIdol+1","sneckomod:SerpentMind+1","sneckomod:Nope+1","sneckomod:QuickBite+1","sneckomod:Rotation+1","sneckomod:QuickMove+1","sneckomod:CheapStock","sneckomod:SlitherStrike+1","sneckomod:RainOfDice+1","sneckomod:Mudshield+1","sneckomod:Mudshield+1","sneckomod:Unknown1Cost+1","sneckomod:UnknownDraw+1","sneckomod:SlitherStrike+1","sneckomod:UnknownUncommonSkill+1","hexamod:SixthSeal","sneckomod:SoulDraw+1","sneckomod:UnknownCommonSkill+1","sneckomod:SerpentIdol+1","sneckomod:UnknownClassTHE_CHAMP_GRAY+1","sneckomod:UnknownStrength+1","sneckomod:CheapStock","sneckomod:Rotation+1","sneckomod:UnknownWeak+1","sneckomod:UnknownDraw","sneckomod:DiceCrush+1","sneckomod:SoulRoll","sneckomod:WideSting+1","sneckomod:ImprovisedGuard","sneckomod:UnknownUncommonPower+1","sneckomod:SoulRoll+1","sneckomod:SoulDraw","sneckomod:ImprovisedAttack+1","sneckomod:UnknownBlock","sneckomod:DiceCrush","sneckomod:UnknownBoss+1","sneckomod:SoulDraw","sneckomod:RainOfDice","sneckomod:RainOfDice+1","hexamod:FirstSeal","sneckomod:WideSting","sneckomod:SoulRoll+1","sneckomod:SoulDraw+1","sneckomod:Rotation","hexamod:Haunt+1"],"relics":["Astrolabe","Ring of Peace","Ring of Fury","Odd Mushroom","Prayer Wheel","Snecko Eye","Blue Candle","Sozu","War Paint","Prayer Wheel","Prayer Wheel","CeramicFish","Strawberry","Replay:Grab Bag","ReplayTheSpireMod:Onyx Gauntlets","Philosopher\u0027s Stone","Snecko Heart","Juzu Bracelet","Dream Catcher","HandDrill","Kunai","Replay:Rubber Ducky"],"acts_visited":["Exordium","TheCity","TheBeyond"],"potions_floor_usage":[],"damage_taken":[{"damage":2.0,"enemies":"Cultist","floor":2.0,"turns":4.0},{"damage":0.0,"enemies":"downfall:FleeingMerchant","floor":3.0,"turns":4.0},{"damage":0.0,"enemies":"downfall:FleeingMerchant","floor":5.0,"turns":4.0},{"damage":0.0,"enemies":"Small Slimes","floor":10.0,"turns":4.0},{"damage":6.0,"enemies":"The Mushroom Lair","floor":11.0,"turns":5.0},{"damage":0.0,"enemies":"2 Louse","floor":12.0,"turns":3.0},{"damage":0.0,"enemies":"Exordium Thugs","floor":17.0,"turns":3.0},{"damage":17.0,"enemies":"DF_ARCHETYPE_STREAMLINE","floor":18.0,"turns":6.0},{"damage":0.0,"enemies":"3 Byrds","floor":21.0,"turns":4.0},{"damage":0.0,"enemies":"Chosen","floor":22.0,"turns":3.0},{"damage":20.0,"enemies":"Slavers","floor":27.0,"turns":3.0},{"damage":0.0,"enemies":"Centurion and Healer","floor":28.0,"turns":3.0},{"damage":24.0,"enemies":"Snake Plant","floor":30.0,"turns":3.0},{"damage":19.0,"enemies":"Book of Stabbing","floor":31.0,"turns":4.0},{"damage":16.0,"enemies":"Shelled Parasite and Fungi","floor":33.0,"turns":4.0},{"damage":0.0,"enemies":"3 Cultists","floor":34.0,"turns":3.0},{"damage":8.0,"enemies":"IC_MUSHROOM_ARCHETYPE","floor":35.0,"turns":3.0},{"damage":0.0,"enemies":"3 Darklings","floor":38.0,"turns":2.0},{"damage":0.0,"enemies":"3 Shapes","floor":39.0,"turns":2.0},{"damage":0.0,"enemies":"downfall:FleeingMerchant","floor":40.0,"turns":4.0},{"damage":0.0,"enemies":"downfall:FleeingMerchant","floor":41.0,"turns":2.0},{"damage":21.0,"enemies":"Jaw Worm Horde","floor":44.0,"turns":3.0},{"damage":9,"enemies":"Sphere and 2 Shapes","floor":45,"turns":3},{"damage":9,"enemies":"3 Darklings","floor":47,"turns":3},{"damage":0,"enemies":"Giant Head","floor":48,"turns":4},{"damage":0,"enemies":"Transient","floor":50,"turns":2},{"damage":0,"enemies":"Writhing Mass","floor":51,"turns":4},{"damage":9,"enemies":"SI_POISON_ARCHETYPE","floor":52,"turns":3}],"seed_played":"263244265490825142","potions_obtained":[{"floor":10.0,"key":"infinitespire:BlackPotion"},{"floor":11.0,"key":"SkillPotion"},{"floor":12.0,"key":"EssenceOfSteel"},{"floor":17.0,"key":"Doom Potion"},{"floor":21.0,"key":"Toxic Potion"}],"is_trial":false,"path_per_floor":["R","M","$","?","$","?","T","?","R","M","?","M","PTL","PTL","R","?","M","B",null,"R","M","M","?","?","AVR","T","E","M","?","M","E","R","M","M","B",null,"R","M","M","$","?","$","T","M","M","?","M","E","?","M","M","B",null],"character_chosen":"THE_SNECKO","items_purchased":["sneckomod:CheapStock","sneckomod:QuickBite","Juzu Bracelet","Dream Catcher","HandDrill","sneckomod:CheapStock","Kunai"],"campfire_rested":0,"item_purchase_floors":[3,3,40,40,40,40,42],"current_hp_per_floor":[90,88,88,88,88,66,66,66,66,66,60,60,60,60,60,65,65,48,95,95,95,95,95,90,90,90,70,70,70,56,44,44,28,38,40,102,102,102,102,102,102,102,102,88,79,79,70,70,70,70,70,68],"gold":940,"neow_bonus":"BOSS_RELIC","is_daily":false,"chose_seed":false,"campfire_upgraded":4,"win_rate":0.0,"timestamp":1612399538,"path_taken":["R","M","$","?","$","?","T","?","R","?","?","M","PTL","PTL","R","?","M","BOSS","R","M","M","?","?","AVR","T","E","?","?","M","E","R","M","M","BOSS","R","M","M","$","?","$","T","M","M","?","M","E","?","M","M","BOSS"],"items_purchased_type":["Card","Card","Relic","Relic","Relic","Card","Relic"],"build_version":"2020-12-22","purchased_purges":1,"victory":true,"max_hp_per_floor":[90,90,90,90,90,90,90,90,90,90,90,90,90,90,90,95,95,95,95,95,95,95,95,95,95,95,95,95,95,95,102,102,102,102,102,102,102,102,102,102,102,102,102,102,102,102,102,102,102,102,102,102],"card_choices":[{"not_picked":["sneckomod:SoulRoll","sneckomod:ImprovisedGuard"],"picked":"sneckomod:UnknownDraw","floor":2.0},{"not_picked":["sneckomod:SerpentIdol","sneckomod:RainOfDice"],"picked":"sneckomod:UnknownRareSkill","floor":3.0},{"not_picked":["sneckomod:UnknownBlock","sneckomod:ImprovisedGuard"],"picked":"sneckomod:QuickMove","floor":5.0},{"not_picked":["infinitespire:SevenWalls","infinitespire:Execution"],"picked":"hubris:Rewind","floor":6.0},{"not_picked":["sneckomod:DiceCrush","sneckomod:UnknownDraw"],"picked":"sneckomod:SoulRoll","floor":10.0},{"not_picked":["sneckomod:QuickMove","sneckomod:UnknownUncommonPower"],"picked":"sneckomod:IronFang","floor":11.0},{"not_picked":["sneckomod:UnknownBlock","sneckomod:DiceCrush"],"picked":"sneckomod:SoulDraw","floor":12.0},{"not_picked":["sneckomod:Unknown1Cost","sneckomod:IronFang"],"picked":"sneckomod:ImprovisedAttack","floor":17.0},{"not_picked":["sneckomod:UnknownBlock","sneckomod:UnknownUncommonPower"],"picked":"sneckomod:DiceBoulder","floor":17.0},{"not_picked":["sneckomod:UnlimitedRolls","sneckomod:Transmogrify"],"picked":"sneckomod:Mudshield","floor":18.0},{"not_picked":["sneckomod:Unknown1Cost","sneckomod:UnknownCommonAttack+1"],"picked":"sneckomod:Rotation+1","floor":21.0},{"not_picked":["sneckomod:UnknownCommonAttack","sneckomod:UnknownClassBLUE"],"picked":"sneckomod:CheapStock+1","floor":21.0},{"not_picked":["sneckomod:Unknown1Cost","sneckomod:UnknownVulnerable"],"picked":"sneckomod:RainOfDice","floor":22.0},{"not_picked":["sneckomod:WideSting","sneckomod:Unknown1Cost"],"picked":"sneckomod:SnekBeam","floor":22.0},{"not_picked":["sneckomod:UnknownClassHEXA_GHOST_PURPLE","sneckomod:UnknownCommonSkill+1"],"picked":"sneckomod:SerpentIdol","floor":27.0},{"not_picked":["sneckomod:Unknown1Cost","sneckomod:UnknownClassBLUE"],"picked":"sneckomod:UnknownDraw","floor":28.0},{"not_picked":["sneckomod:UnknownVulnerable","sneckomod:Unknown2Cost"],"picked":"sneckomod:Rotation","floor":28.0},{"not_picked":["sneckomod:Unknown2Cost+1","sneckomod:ImprovisedAttack"],"picked":"sneckomod:Rotation","floor":28.0},{"not_picked":["sneckomod:UnknownBlock","sneckomod:UnknownDraw"],"picked":"sneckomod:UnknownRarePower","floor":28.0},{"not_picked":["sneckomod:Nope","sneckomod:QuickMove"],"picked":"sneckomod:SoulRoll+1","floor":30.0},{"not_picked":["sneckomod:UnknownCommonAttack","sneckomod:UnknownClassBLUE"],"picked":"sneckomod:SoulRoll","floor":30.0},{"not_picked":["sneckomod:UnknownClassBLUE","sneckomod:UnknownClassTHE_CHAMP_GRAY"],"picked":"sneckomod:UnknownStrike+1","floor":30.0},{"not_picked":["sneckomod:IronFang","sneckomod:UnknownDexterity+1"],"picked":"sneckomod:SerpentIdol+1","floor":30.0},{"not_picked":["sneckomod:SoulDraw","sneckomod:Cheat"],"picked":"sneckomod:SerpentMind","floor":31.0},{"not_picked":["sneckomod:UnknownColorless","sneckomod:RainOfDice"],"picked":"sneckomod:Nope+1","floor":33.0},{"not_picked":["sneckomod:SnakeSap","sneckomod:Memorize"],"picked":"sneckomod:QuickBite+1","floor":33.0},{"not_picked":["sneckomod:UnknownX","sneckomod:UnknownUncommonSkill+1"],"picked":"sneckomod:Rotation+1","floor":33.0},{"not_picked":["sneckomod:UnknownCommonAttack","sneckomod:RainOfDice+1"],"picked":"sneckomod:QuickMove+1","floor":33.0},{"not_picked":["sneckomod:DefensiveFlair","sneckomod:SoulRoll"],"picked":"sneckomod:CheapStock","floor":34.0},{"not_picked":["sneckomod:QuickBite","sneckomod:Nope+1"],"picked":"sneckomod:SlitherStrike+1","floor":34.0},{"not_picked":["sneckomod:SoulRoll","sneckomod:UnknownBlock"],"picked":"sneckomod:RainOfDice+1","floor":34.0},{"not_picked":["sneckomod:UnknownClassTHE_CHAMP_GRAY+1","sneckomod:QuickBite"],"picked":"sneckomod:Mudshield","floor":34.0},{"not_picked":["sneckomod:UnknownBoss","sneckomod:Cheat"],"picked":"sneckomod:Mudshield","floor":35.0},{"not_picked":["sneckomod:Unknown2Cost","sneckomod:DiceCrush+1"],"picked":"sneckomod:Unknown1Cost+1","floor":38.0},{"not_picked":["sneckomod:QuickMove+1","sneckomod:UnknownWeak"],"picked":"sneckomod:UnknownDraw+1","floor":38.0},{"not_picked":["sneckomod:IronFang+1","sneckomod:UnknownClassHEXA_GHOST_PURPLE+1"],"picked":"sneckomod:SlitherStrike","floor":38.0},{"not_picked":["sneckomod:UnknownClassBLUE","sneckomod:RainOfDice+1"],"picked":"sneckomod:UnknownUncommonSkill+1","floor":38.0},{"not_picked":["hexamod:FirstSeal","hexamod:ThirdSeal"],"picked":"hexamod:SixthSeal","floor":39.0},{"not_picked":["sneckomod:UnknownUncommonAttack+1","sneckomod:UnknownX"],"picked":"sneckomod:SoulDraw","floor":39.0},{"not_picked":["sneckomod:PureSnecko+1","sneckomod:UnknownClassTHE_CHAMP_GRAY"],"picked":"sneckomod:UnknownCommonSkill+1","floor":39.0},{"not_picked":["sneckomod:UnknownCommonAttack","sneckomod:ImprovisedGuard"],"picked":"sneckomod:SerpentIdol+1","floor":39.0},{"not_picked":["sneckomod:SoulExchange","sneckomod:DiceCrush"],"picked":"sneckomod:UnknownClassTHE_CHAMP_GRAY+1","floor":39.0},{"not_picked":["sneckomod:DiceBlock","sneckomod:UnknownCommonAttack"],"picked":"sneckomod:UnknownStrength+1","floor":40.0},{"not_picked":["sneckomod:SnakeSap","sneckomod:UnknownClassHEXA_GHOST_PURPLE"],"picked":"sneckomod:Rotation+1","floor":41.0},{"not_picked":["sneckomod:MasterEye","sneckomod:DangerNoodle"],"picked":"sneckomod:UnknownWeak+1","floor":44.0},{"not_picked":["sneckomod:UnknownUncommonAttack","sneckomod:UnknownUncommonPower+1"],"picked":"sneckomod:UnknownDraw","floor":44.0},{"not_picked":["sneckomod:MixItUp+1","sneckomod:UnknownClassTHE_CHAMP_GRAY"],"picked":"sneckomod:DiceCrush+1","floor":44.0},{"not_picked":["sneckomod:UnknownStrength","sneckomod:UnknownClassTHE_CHAMP_GRAY+1"],"picked":"sneckomod:SoulRoll","floor":44.0},{"not_picked":["sneckomod:UnknownWeak","sneckomod:UnknownClassHEXA_GHOST_PURPLE+1"],"picked":"sneckomod:WideSting+1","floor":45},{"not_picked":["sneckomod:UnknownCommonSkill+1","sneckomod:UnknownClassHEXA_GHOST_PURPLE+1"],"picked":"sneckomod:ImprovisedGuard","floor":45},{"not_picked":["sneckomod:SoulDraw","sneckomod:DefensiveFlair"],"picked":"sneckomod:UnknownUncommonPower+1","floor":45},{"not_picked":["sneckomod:UnknownClassTHE_CHAMP_GRAY+1","sneckomod:IronFang"],"picked":"sneckomod:UnknownClassHEXA_GHOST_PURPLE+1","floor":45},{"not_picked":["sneckomod:Nope+1","sneckomod:QuickBite+1"],"picked":"sneckomod:SoulRoll+1","floor":47},{"not_picked":["sneckomod:UnknownClassBLUE+1","sneckomod:UnknownCommonSkill"],"picked":"sneckomod:SoulDraw","floor":47},{"not_picked":["sneckomod:IronFang","sneckomod:UnknownStrike"],"picked":"sneckomod:ImprovisedAttack+1","floor":47},{"not_picked":["sneckomod:DiceBoulder","sneckomod:UnknownUncommonSkill+1"],"picked":"sneckomod:UnknownBlock","floor":47},{"not_picked":["sneckomod:UnknownCommonAttack+1","sneckomod:UnknownClassTHE_CHAMP_GRAY"],"picked":"sneckomod:DiceCrush","floor":48},{"not_picked":["sneckomod:UnknownStrike","sneckomod:SoulCleanse"],"picked":"sneckomod:SoulDraw","floor":50},{"not_picked":["sneckomod:IronFang","sneckomod:SoulExchange"],"picked":"sneckomod:RainOfDice","floor":50},{"not_picked":["sneckomod:UnknownBlock+1","sneckomod:UnknownClassBLUE"],"picked":"sneckomod:Memorize","floor":50},{"not_picked":["sneckomod:Unknown1Cost","sneckomod:SoulCleanse+1"],"picked":"sneckomod:RainOfDice+1","floor":50},{"not_picked":["hexamod:SecondSeal","hexamod:SixthSeal"],"picked":"hexamod:FirstSeal","floor":51},{"not_picked":["sneckomod:UnknownVulnerable","sneckomod:UnknownUncommonPower+1"],"picked":"sneckomod:WideSting","floor":51},{"not_picked":["sneckomod:SerpentIdol+1","sneckomod:UnknownBlock"],"picked":"sneckomod:SoulRoll+1","floor":51},{"not_picked":["sneckomod:ImprovisedGuard","sneckomod:DiceCrush"],"picked":"sneckomod:SoulDraw+1","floor":51},{"not_picked":["sneckomod:Memorize+1","sneckomod:UnendingSupply"],"picked":"sneckomod:Rotation","floor":51}],"player_experience":554622,"relics_obtained":[{"floor":4.0,"key":"Ring of Peace"},{"floor":4.0,"key":"Ring of Fury"},{"floor":7.0,"key":"Simple Rune"},{"floor":11.0,"key":"Odd Mushroom"},{"floor":26.0,"key":"War Paint"},{"floor":27.0,"key":"CeramicFish"},{"floor":31.0,"key":"Strawberry"},{"floor":48,"key":"Replay:Rubber Ducky"}],"event_choices":[{"damage_healed":0.0,"max_hp_gain":0.0,"max_hp_loss":0.0,"gold_gain":0.0,"event_name":"Mushrooms","player_choice":"Fought Mushrooms","floor":11.0,"gold_loss":0.0,"damage_taken":0.0},{"damage_healed":0.0,"max_hp_gain":5.0,"max_hp_loss":0.0,"gold_gain":0.0,"event_name":"Big Fish","player_choice":"Donut","floor":16.0,"gold_loss":0.0,"damage_taken":0.0},{"damage_healed":0.0,"max_hp_gain":0.0,"max_hp_loss":0.0,"gold_gain":0.0,"event_name":"Accursed Blacksmith","player_choice":"Forge","floor":29.0,"gold_loss":0.0,"damage_taken":0.0,"cards_upgraded":["infinitespire:Collect"]},{"damage_healed":0,"gold_gain":0,"player_choice":"Got Potions","damage_taken":0,"max_hp_gain":0,"max_hp_loss":0,"event_name":"Lab","floor":46,"gold_loss":0}],"is_beta":false,"boss_relics":[{"not_picked":["Replay:Ancient Bell","Cursed Key"],"picked":"Snecko Eye"},{"not_picked":["hubris:RunicObelisk","SacredBark"],"picked":"Replay:Grab Bag"},{"not_picked":["Fusion Hammer","Replay:Wanted Poster"],"picked":"ReplayTheSpireMod:Onyx Gauntlets"},{"not_picked":["bronze:MakeshiftBattery","Coffee Dripper"],"picked":"Philosopher\u0027s Stone"},{"not_picked":["Empty Cage","Replay:Drink Me"],"picked":"Snecko Heart"}],"items_purged_floors":[25],"is_endless":false,"potions_floor_spawned":[10,11,12,17,21,27,30,38,41,44,45,48],"ascension_level":4}}