{"host":"i2ntsfwoh5q5m216","time":1612469211,"event":{"mods":["BaseMod","Downfall","Minty Spire (QoL Compilation)","StSLib"],"gold_per_floor":[99,109,12,12,30,49,74,106,117,142,142,159,175,209,222,222,222,222],"floor_reached":16,"language":"ENG","playtime":896,"items_purged":[],"score":124,"play_id":"c3fe57a8-f61e-451e-9597-ec1e9ac0ca5b","local_time":"20210204140651","is_ascension_mode":false,"campfire_choices":[{"data":"Chrysalis","floor":1.0,"key":"SMITH"}],"circlet_count":0,"master_deck":["Slimebound:Strike_Slimebound","Slimebound:Strike_Slimebound","Slimebound:Strike_Slimebound","Slimebound:Tackle","Slimebound:Defend_Slimebound","Slimebound:Defend_Slimebound","Slimebound:Defend_Slimebound","Slimebound:Defend_Slimebound","Slimebound:Split","Slimebound:CorrosiveSpit","Chrysalis+1","Slimebound:GrowthPunch+1","Slimebound:GoopSpray","Finesse","Slimebound:RollThrough","Slimebound:SlimeSpikes","Slimebound:SpikyOuterGoop","Slimebound:GoopSpray","Slimebound:OozeBath","Slimebound:LivingWall","Slimebound:Dissolve","Slimebound:Schlurp","Slimebound:LevelUp"],"relics":["Slimebound:AbsorbEndCombat","Blood Vial","White Beast Statue","Boot"],"acts_visited":["Exordium"],"potions_floor_usage":[14,16,16,16],"damage_taken":[{"damage":0.0,"enemies":"2 Louse","floor":2.0,"turns":3.0},{"damage":0.0,"enemies":"downfall:FleeingMerchant","floor":3.0,"turns":4.0},{"damage":0.0,"enemies":"Cultist","floor":5.0,"turns":4.0},{"damage":8.0,"enemies":"Small Slimes","floor":6.0,"turns":3.0},{"damage":58.0,"enemies":"Gremlin Nob","floor":8.0,"turns":6.0},{"damage":0.0,"enemies":"Blue Slaver","floor":9.0,"turns":4.0},{"damage":2.0,"enemies":"3 Sentries","floor":10.0,"turns":5.0},{"damage":2.0,"enemies":"Red Slaver","floor":12.0,"turns":5.0},{"damage":4.0,"enemies":"3 Louse","floor":13.0,"turns":3.0},{"damage":57,"enemies":"Gremlin Nob","floor":14,"turns":6},{"damage":0,"enemies":"Exordium Wildlife","floor":15,"turns":5},{"damage":25,"enemies":"WA_ARCHETYPE_RETAIN","floor":16,"turns":10}],"seed_played":"5889458173174623129","potions_obtained":[{"floor":2.0,"key":"AttackPotion"},{"floor":5.0,"key":"GamblersBrew"},{"floor":8.0,"key":"Slimebound:SlimedPotion"},{"floor":9.0,"key":"SneckoOil"},{"floor":12.0,"key":"DistilledChaos"},{"floor":13.0,"key":"Slimebound:ThreeZeroPotion"},{"floor":14,"key":"GamblersBrew"},{"floor":15,"key":"EntropicBrew"}],"is_trial":false,"path_per_floor":["R","M","$","?","M","M","T","E","M","E","?","M","M","E","M","B"],"character_chosen":"SLIMEBOUND","items_purchased":["Finesse"],"campfire_rested":0,"item_purchase_floors":[3],"current_hp_per_floor":[47,51,57,57,63,57,57,3,13,21,42,46,50,3,9,0,0,0],"gold":222,"neow_bonus":"RANDOM_COLORLESS_2","is_daily":false,"chose_seed":false,"campfire_upgraded":1,"win_rate":0.0,"timestamp":1612469211,"path_taken":["R","M","$","?","M","M","T","E","?","E","?","M","M","E","M","BOSS"],"items_purchased_type":["Card"],"build_version":"2020-12-22","purchased_purges":0,"victory":false,"max_hp_per_floor":[65,65,65,65,65,65,65,65,65,65,65,65,65,65,65,65,65,65],"card_choices":[{"not_picked":["Mayhem","Violence"],"picked":"Chrysalis","floor":0.0},{"not_picked":["Slimebound:ItLooksTasty","Slimebound:Gluttony"],"picked":"Slimebound:GrowthPunch","floor":2.0},{"not_picked":["Slimebound:HauntingLick","Slimebound:LeechingTouch"],"picked":"Slimebound:GoopSpray","floor":3.0},{"not_picked":["Slimebound:ComboTackle","Slimebound:SplitAcid"],"picked":"Slimebound:RollThrough","floor":5.0},{"not_picked":["Slimebound:AcidTongue","Slimebound:SplitBruiser"],"picked":"Slimebound:SlimeSpikes","floor":6.0},{"not_picked":["Slimebound:ComboTackle","Slimebound:LeechEnergy"],"picked":"Slimebound:SpikyOuterGoop","floor":8.0},{"not_picked":["Slimebound:SlimeSpikes","Slimebound:SlimeTap"],"picked":"Slimebound:GoopSpray","floor":9.0},{"not_picked":["Slimebound:SlimeTap","Slimebound:PressTheAttack"],"picked":"Slimebound:OozeBath","floor":10.0},{"not_picked":["Slimebound:Schlurp","Slimebound:ItLooksTasty"],"picked":"Slimebound:LivingWall","floor":12.0},{"not_picked":["Slimebound:RainOfGoop","Slimebound:Replication"],"picked":"Slimebound:Dissolve","floor":13.0},{"not_picked":["Slimebound:LivingWall","Slimebound:MinionMaster"],"picked":"Slimebound:Schlurp","floor":14},{"not_picked":["Slimebound:Schlurp","Slimebound:ItLooksTasty"],"picked":"Slimebound:LevelUp","floor":15}],"player_experience":4315,"relics_obtained":[{"floor":8.0,"key":"Blood Vial"},{"floor":10.0,"key":"White Beast Statue"},{"floor":14,"key":"Boot"}],"event_choices":[{"damage_healed":0.0,"max_hp_gain":0.0,"max_hp_loss":0.0,"gold_gain":0.0,"event_name":"Accursed Blacksmith","player_choice":"Forge","floor":4.0,"gold_loss":0.0,"damage_taken":0.0,"cards_upgraded":["Slimebound:GrowthPunch"]},{"damage_healed":21.0,"max_hp_gain":0.0,"max_hp_loss":0.0,"gold_gain":0.0,"event_name":"Big Fish","player_choice":"Banana","floor":11.0,"gold_loss":0.0,"damage_taken":0.0}],"is_beta":false,"boss_relics":[],"items_purged_floors":[],"is_endless":false,"potions_floor_spawned":[2,5,8,9,12,13,14,15],"killed_by":"WA_ARCHETYPE_RETAIN","ascension_level":0}}