{"host":"yqw1zpryoutrnocq","time":1612452771,"event":{"mods":["2.2 Compatiblity","AchievementEnabler","BaseMod","Colored Map","Custom Start","DeckTracker","Minty Spire (QoL Compilation)","StSLib","SuperFastMode"],"gold_per_floor":[113,125,48,223,72,104,104,136,163,238,268,268,218,37,37,139,139,155,167,70,70,70,70,70,70,125,395,395,395],"floor_reached":28,"language":"KOR","playtime":575,"items_purged":["Strike_G","Strike_G"],"score":352,"play_id":"8a97fb54-3b7d-4ee7-807c-d648d4701d1b","local_time":"20210204093251","is_ascension_mode":true,"campfire_choices":[{"data":"Venomology","floor":7.0,"key":"SMITH"},{"floor":12.0,"key":"REST"},{"floor":15.0,"key":"REST"},{"floor":23,"key":"REST"},{"floor":25,"key":"REST"}],"circlet_count":0,"master_deck":["Strike_G","Defend_G","Defend_G","Defend_G+1","Defend_G","Defend_G","Survivor+1","Neutralize","Grand Finale","Escape Plan","Cloak And Dagger","Well Laid Plans","Doubt","Venomology+1","Dagger Spray","Reflex","Panacea","Burst","Acrobatics","Finesse","Shame"],"relics":["Ring of the Snake","Happy Flower","Gambling Chip","War Paint","Tiny Chest","Runic Pyramid","Shuriken","Paper Crane","Strawberry"],"acts_visited":["Exordium","TheCity"],"potions_floor_usage":[19,19,28],"damage_taken":[{"damage":7.0,"enemies":"2 Louse","floor":1.0,"turns":4.0},{"damage":4.0,"enemies":"Jaw Worm","floor":2.0,"turns":4.0},{"damage":40.0,"enemies":"Gremlin Nob","floor":6.0,"turns":5.0},{"damage":0.0,"enemies":"3 Sentries","floor":8.0,"turns":2.0},{"damage":10.0,"enemies":"Slime Boss","floor":16.0,"turns":9.0},{"damage":16.0,"enemies":"Shell Parasite","floor":18.0,"turns":9.0},{"damage":34,"enemies":"Spheric Guardian","floor":19,"turns":7},{"damage":23,"enemies":"Book of Stabbing","floor":28,"turns":5}],"seed_played":"-8201120052139201086","potions_obtained":[{"floor":1.0,"key":"BlessingOfTheForge"},{"floor":16.0,"key":"GamblersBrew"}],"is_trial":false,"path_per_floor":["M","M","$","?","$","E","R","E","T","?","?","R","?","$","R","B",null,"M","M","$","?","?","R","T","R","T","?","E"],"character_chosen":"THE_SILENT","items_purchased":["Well Laid Plans","Venomology","Panacea","Finesse"],"campfire_rested":4,"item_purchase_floors":[3,5,14,20],"current_hp_per_floor":[56,52,52,52,52,12,12,12,12,1,1,19,19,19,37,27,54,38,4,4,4,4,22,22,40,47,20,0,0],"gold":395,"neow_bonus":"THREE_RARE_CARDS","is_daily":false,"chose_seed":false,"campfire_upgraded":1,"win_rate":0.0,"timestamp":1612452771,"path_taken":["M","M","$","?","$","E","R","E","T","?","?","R","?","$","R","BOSS","M","M","$","?","?","R","?","R","T","?","E"],"items_purchased_type":["Card","Card","Card","Card"],"build_version":"2020-12-22","purchased_purges":2,"victory":false,"max_hp_per_floor":[63,63,63,63,63,63,63,63,63,63,63,63,63,63,63,63,63,63,63,63,63,63,63,63,63,70,70,70,70],"card_choices":[{"not_picked":["Wraith Form v2","Phantasmal Killer"],"picked":"Grand Finale","floor":0.0},{"not_picked":["Dodge and Roll","Riddle With Holes"],"picked":"Escape Plan","floor":1.0},{"not_picked":["Deflect","Blade Dance"],"picked":"Cloak And Dagger","floor":2.0},{"not_picked":["Slice","Setup"],"picked":"Dagger Spray","floor":6.0},{"not_picked":["Slice","Deflect"],"picked":"Reflex","floor":8.0},{"not_picked":["Unload","Grand Finale"],"picked":"Burst","floor":16.0},{"not_picked":["Cloak And Dagger","Bane+1","Catalyst"],"picked":"SKIP","floor":18.0},{"not_picked":["Blade Dance","Outmaneuver"],"picked":"Acrobatics","floor":19}],"player_experience":280362,"relics_obtained":[{"floor":6.0,"key":"Happy Flower"},{"floor":8.0,"key":"Gambling Chip"},{"floor":9.0,"key":"War Paint"},{"floor":24,"key":"Paper Crane"},{"floor":26,"key":"Strawberry"}],"event_choices":[{"damage_healed":0.0,"max_hp_gain":0.0,"max_hp_loss":0.0,"gold_gain":175.0,"event_name":"Liars Game","player_choice":"AGREE","floor":4.0,"gold_loss":0.0,"damage_taken":0.0,"cards_obtained":["Doubt"]},{"damage_healed":0.0,"max_hp_gain":0.0,"max_hp_loss":0.0,"gold_gain":75.0,"event_name":"World of Goop","player_choice":"Gather Gold","floor":10.0,"gold_loss":0.0,"damage_taken":11.0},{"damage_healed":0.0,"max_hp_gain":0.0,"max_hp_loss":0.0,"gold_gain":30.0,"event_name":"Dead Adventurer","player_choice":"Searched \u00273\u0027 times","floor":11.0,"gold_loss":0.0,"damage_taken":0.0,"relics_obtained":["Tiny Chest"]},{"cards_removed":["Strike_G"],"damage_healed":0.0,"max_hp_gain":0.0,"max_hp_loss":0.0,"gold_gain":0.0,"event_name":"The Cleric","player_choice":"Card Removal","floor":13.0,"gold_loss":50.0,"damage_taken":0.0},{"cards_removed":["Strike_G"],"damage_healed":0,"gold_gain":0,"player_choice":"Elegance","damage_taken":0,"max_hp_gain":0,"max_hp_loss":0,"event_name":"Back to Basics","floor":21,"gold_loss":0},{"damage_healed":0,"gold_gain":0,"player_choice":"Stole Relic","damage_taken":0,"relics_obtained":["Shuriken"],"max_hp_gain":0,"max_hp_loss":0,"event_name":"Addict","floor":22,"gold_loss":0,"cards_obtained":["Shame"]},{"damage_healed":0,"gold_gain":270,"player_choice":"GOLD GOLD GOLD ","damage_taken":27,"max_hp_gain":0,"max_hp_loss":0,"event_name":"Knowing Skull","floor":27,"potions_obtained":[],"gold_loss":0,"cards_obtained":[]}],"is_beta":false,"boss_relics":[{"not_picked":["HoveringKite","Velvet Choker"],"picked":"Runic Pyramid"}],"items_purged_floors":[5,14],"is_endless":false,"potions_floor_spawned":[1,16],"killed_by":"Book of Stabbing","ascension_level":9}}