{"host":"w01zow3jg16g8jdh","time":1612449374,"event":{"mods":["AchievementEnabler","BaseMod","DeckTracker","Keyboard Shortcuts","Minty Spire (QoL Compilation)","Permanent Neow","StSLib","SuperFastMode"],"gold_per_floor":[112,132,57,67,82,116,116,148,148,148,148],"floor_reached":10,"language":"KOR","playtime":215,"items_purged":["Strike_R"],"score":156,"play_id":"3440c84c-ced6-41ba-bec1-b4df3a56925d","local_time":"20210204233614","is_ascension_mode":true,"campfire_choices":[{"data":"Armaments","floor":7.0,"key":"SMITH"}],"circlet_count":0,"master_deck":["AscendersBane","Strike_R","Strike_R","Strike_R","Strike_R","Defend_R","Defend_R","Defend_R","Defend_R","Bash+1","Armaments+1","Spot Weakness","Body Slam","Shrug It Off","Pummel"],"relics":["Burning Blood","Bag of Preparation","StrikeDummy","Pear"],"acts_visited":["Exordium"],"potions_floor_usage":[8],"damage_taken":[{"damage":6.0,"enemies":"Cultist","floor":1.0,"turns":3.0},{"damage":3.0,"enemies":"Small Slimes","floor":2.0,"turns":5.0},{"damage":0.0,"enemies":"2 Louse","floor":4.0,"turns":4.0},{"damage":27.0,"enemies":"Large Slime","floor":5.0,"turns":9.0},{"damage":64.0,"enemies":"Gremlin Nob","floor":6.0,"turns":5.0},{"damage":22,"enemies":"Lagavulin","floor":8,"turns":9},{"damage":22,"enemies":"3 Sentries","floor":10,"turns":5}],"seed_played":"2492904052183135761","potions_obtained":[{"floor":4.0,"key":"FairyPotion"},{"floor":6.0,"key":"FearPotion"}],"is_trial":false,"path_per_floor":["M","M","$","M","M","E","R","E","T","E"],"character_chosen":"IRONCLAD","items_purchased":[],"campfire_rested":0,"item_purchase_floors":[],"current_hp_per_floor":[68,71,71,75,54,28,28,12,22,0,0],"gold":148,"neow_bonus":"UPGRADE_CARD","is_daily":false,"chose_seed":false,"campfire_upgraded":1,"win_rate":0.0,"timestamp":1612449374,"path_taken":["M","M","?","M","?","E","R","E","T","E"],"items_purchased_type":[],"build_version":"2020-12-22","purchased_purges":1,"victory":false,"max_hp_per_floor":[75,75,75,75,75,75,75,75,85,85,85],"card_choices":[{"not_picked":["Whirlwind","Cleave"],"picked":"Armaments","floor":1.0},{"not_picked":["Havoc","True Grit","Thunderclap"],"picked":"SKIP","floor":2.0},{"not_picked":["Clothesline","Clash"],"picked":"Spot Weakness","floor":4.0},{"not_picked":["Anger","Entrench"],"picked":"Body Slam","floor":5.0},{"not_picked":["Iron Wave","Havoc"],"picked":"Shrug It Off","floor":6.0},{"not_picked":["Heavy Blade","Cleave"],"picked":"Pummel","floor":8}],"player_experience":358996,"relics_obtained":[{"floor":6.0,"key":"Bag of Preparation"},{"floor":8,"key":"StrikeDummy"},{"floor":9,"key":"Pear"}],"event_choices":[],"is_beta":false,"boss_relics":[],"items_purged_floors":[3],"is_endless":false,"potions_floor_spawned":[4,6],"killed_by":"3 Sentries","ascension_level":20}}