{"host":"sav7uxregyirlf69","time":1612414866,"event":{"mods":["AchievementEnabler","BaseMod","Colored Map","DeckTracker","Keyboard Shortcuts","Minty Spire (QoL Compilation)","READ ME - Guardian Mod","StSLib","SuperFastMode"],"gold_per_floor":[115,115,133,133,150,150,181,181,205,225,59,59,94,109,109,181,181,196,396,107,121,121,121,121,121,202,227,240,255,272,287,287,362,362,380,396,419,336,351,351,351],"floor_reached":40,"language":"KOR","playtime":815,"items_purged":["Defend_G","Predator","Blade Dance"],"score":946,"play_id":"a4f022d6-7280-42db-a767-50d669464b3e","local_time":"20210204140106","is_ascension_mode":true,"campfire_choices":[{"data":"Choke","floor":6.0,"key":"SMITH"},{"data":"Blade Dance","floor":12.0,"key":"SMITH"},{"data":"Glass Knife","floor":15.0,"key":"SMITH"},{"data":"Well Laid Plans","floor":23.0,"key":"SMITH"},{"data":"Prepared","floor":25.0,"key":"SMITH"},{"data":"Cloak And Dagger","floor":32.0,"key":"SMITH"}],"circlet_count":0,"master_deck":["AscendersBane","Survivor","Neutralize","Deadly Poison","Blade Dance+1","Choke+1","Glass Knife+1","Cloak And Dagger+1","Finesse","All Out Attack","Grand Finale","Finisher","Quick Slash","Malaise","Blur","Prepared+1","Well Laid Plans+1","Adrenaline","PiercingWail","Footwork"],"relics":["Ring of the Snake","Tiny Chest","Lantern","Bag of Preparation","Pandora\u0027s Box","Membership Card","Bag of Marbles","Meat on the Bone","Strawberry","SlaversCollar"],"acts_visited":["Exordium","TheCity","TheBeyond"],"potions_floor_usage":[36,39],"damage_taken":[{"damage":0.0,"enemies":"2 Louse","floor":1.0,"turns":3.0},{"damage":4.0,"enemies":"Small Slimes","floor":3.0,"turns":4.0},{"damage":0.0,"enemies":"Cultist","floor":5.0,"turns":3.0},{"damage":29.0,"enemies":"3 Sentries","floor":7.0,"turns":11.0},{"damage":0.0,"enemies":"2 Fungi Beasts","floor":10.0,"turns":2.0},{"damage":0.0,"enemies":"Gremlin Nob","floor":13.0,"turns":2.0},{"damage":0.0,"enemies":"3 Louse","floor":14.0,"turns":2.0},{"damage":0.0,"enemies":"Slime Boss","floor":16.0,"turns":3.0},{"damage":0.0,"enemies":"Spheric Guardian","floor":18.0,"turns":1.0},{"damage":0.0,"enemies":"3 Byrds","floor":21.0,"turns":2.0},{"damage":0.0,"enemies":"Snake Plant","floor":28.0,"turns":1.0},{"damage":0.0,"enemies":"Cultist and Chosen","floor":29.0,"turns":2.0},{"damage":2.0,"enemies":"Shelled Parasite and Fungi","floor":30.0,"turns":3.0},{"damage":10.0,"enemies":"Snake Plant","floor":31.0,"turns":2.0},{"damage":53.0,"enemies":"Champ","floor":33.0,"turns":8.0},{"damage":7.0,"enemies":"Orb Walker","floor":35.0,"turns":2.0},{"damage":30,"enemies":"3 Shapes","floor":36,"turns":7},{"damage":21,"enemies":"Jaw Worm Horde","floor":39,"turns":4},{"damage":47,"enemies":"Giant Head","floor":40,"turns":5}],"seed_played":"6567851774780177442","potions_obtained":[{"floor":5.0,"key":"EntropicBrew"},{"floor":10.0,"key":"CunningPotion"},{"floor":29.0,"key":"Explosive Potion"},{"floor":33.0,"key":"SkillPotion"},{"floor":36,"key":"Strength Potion"}],"is_trial":false,"path_per_floor":["M","?","M","?","M","R","E","?","T","M","$","R","E","M","R","B",null,"M","?","$","M","T","R","?","R","T","T","M","M","M","M","R","B",null,"M","M","T","$","M","E"],"character_chosen":"THE_SILENT","items_purchased":["Finesse","Membership Card","Prepared","GhostInAJar","Footwork"],"campfire_rested":0,"item_purchase_floors":[11,20,20,20,38],"current_hp_per_floor":[44,44,40,76,76,76,47,40,40,40,40,40,40,40,40,40,67,67,67,67,67,67,67,67,67,67,74,74,74,72,62,62,21,68,61,43,43,43,34,0,0],"gold":351,"neow_bonus":"REMOVE_TWO","is_daily":false,"chose_seed":false,"campfire_upgraded":6,"win_rate":0.0,"timestamp":1612414866,"path_taken":["M","?","M","?","?","R","E","?","T","M","$","R","E","M","R","BOSS","M","?","$","?","?","R","?","R","T","?","?","M","M","M","R","BOSS","M","M","?","$","M","E"],"items_purchased_type":["Card","Relic","Card","Potion","Card"],"build_version":"2020-12-22","purchased_purges":3,"victory":false,"max_hp_per_floor":[66,66,66,76,76,76,76,76,76,76,76,76,76,76,76,76,76,76,76,76,76,76,76,76,76,76,83,83,83,83,83,83,83,83,83,83,83,83,83,83,83],"card_choices":[{"not_picked":["Dodge and Roll","Concentrate"],"picked":"Deadly Poison","floor":1.0},{"not_picked":["Slice","Poisoned Stab"],"picked":"Blade Dance","floor":3.0},{"not_picked":["Leg Sweep","Prepared"],"picked":"Choke","floor":5.0},{"not_picked":["Blur","Deflect"],"picked":"Glass Knife","floor":7.0},{"not_picked":["Leg Sweep","Outmaneuver"],"picked":"Cloak And Dagger","floor":10.0},{"not_picked":["Flying Knee","Acrobatics"],"picked":"All Out Attack","floor":13.0},{"not_picked":["Choke","Sucker Punch"],"picked":"Blade Dance","floor":14.0},{"not_picked":["A Thousand Cuts","Tools of the Trade"],"picked":"Grand Finale","floor":16.0},{"not_picked":["Flechettes","Underhanded Strike","Predator+1"],"picked":"SKIP","floor":18.0},{"not_picked":["Poisoned Stab","Dagger Spray"],"picked":"Well Laid Plans","floor":21.0},{"not_picked":["Flying Knee","Riddle With Holes","Flechettes"],"picked":"SKIP","floor":28.0},{"not_picked":["Sucker Punch","PiercingWail","Distraction+1"],"picked":"SKIP","floor":29.0},{"not_picked":["Cloak And Dagger","Slice","Blade Dance"],"picked":"SKIP","floor":30.0},{"not_picked":["Dagger Spray","Backstab"],"picked":"Adrenaline","floor":31.0},{"not_picked":["Underhanded Strike","PiercingWail","Blur"],"picked":"SKIP","floor":35.0},{"not_picked":["Quick Slash","Masterful Stab"],"picked":"PiercingWail","floor":36},{"not_picked":["Deflect","Endless Agony","Infinite Blades"],"picked":"SKIP","floor":39}],"player_experience":1481345,"relics_obtained":[{"floor":7.0,"key":"Tiny Chest"},{"floor":9.0,"key":"Lantern"},{"floor":13.0,"key":"Bag of Preparation"},{"floor":22.0,"key":"Bag of Marbles"},{"floor":26.0,"key":"Meat on the Bone"},{"floor":27.0,"key":"Strawberry"}],"event_choices":[{"damage_healed":0.0,"max_hp_gain":0.0,"max_hp_loss":0.0,"gold_gain":0.0,"cards_transformed":["Strike_G"],"event_name":"Living Wall","player_choice":"Change","floor":2.0,"gold_loss":0.0,"damage_taken":0.0,"cards_obtained":["Storm of Steel"]},{"cards_removed":["Storm of Steel"],"damage_healed":26.0,"max_hp_gain":10.0,"max_hp_loss":0.0,"gold_gain":0.0,"event_name":"Bonfire Elementals","player_choice":"Offered Rare","floor":4.0,"gold_loss":0.0,"damage_taken":0.0},{"cards_removed":["Strike_G"],"damage_healed":0.0,"max_hp_gain":0.0,"max_hp_loss":0.0,"gold_gain":0.0,"event_name":"Golden Wing","player_choice":"Card Removal","floor":8.0,"gold_loss":0.0,"damage_taken":7.0},{"damage_healed":0.0,"max_hp_gain":0.0,"max_hp_loss":0.0,"gold_gain":250.0,"event_name":"The Joust","player_choice":"Bet on Owner","floor":19.0,"gold_loss":50.0,"damage_taken":0.0},{"damage_healed":0.0,"max_hp_gain":0.0,"max_hp_loss":0.0,"gold_gain":0.0,"event_name":"The Mausoleum","player_choice":"Ignored","floor":24.0,"gold_loss":0.0,"damage_taken":0.0}],"is_beta":false,"boss_relics":[{"not_picked":["Runic Dome","Cursed Key"],"picked":"Pandora\u0027s Box"},{"not_picked":["Tiny House","Ring of the Serpent"],"picked":"SlaversCollar"}],"items_purged_floors":[11,20,38],"is_endless":false,"potions_floor_spawned":[5,10,13,29,31,33,36],"killed_by":"Giant Head","ascension_level":20}}