{"host":"qrt7o4dq2qslzw13","time":1612430197,"event":{"mods":["AchievementEnabler","BaseMod","Colored Map","Colored Powertips","Minty Spire (QoL Compilation)","Quick Restart","StSLib","SuperFastMode"],"gold_per_floor":[119,138,150,325,325,325,325,346,393,235,309,108,108,157,157,277,277,292,310,409,70,70,108,108,142,142,165,90,90,10,25,25,153,153,176,176,19,38,38,38,58,58,83,30,30,30],"floor_reached":45,"language":"ENG","playtime":1001,"items_purged":["Injury"],"score":553,"play_id":"bff867fc-6c60-4a26-b968-6c441f04641f","local_time":"20210204041637","is_ascension_mode":true,"campfire_choices":[{"data":"Rip and Tear","floor":6.0,"key":"SMITH"},{"floor":13.0,"key":"REST"},{"data":"Defragment","floor":15.0,"key":"SMITH"},{"floor":24.0,"key":"REST"},{"floor":29.0,"key":"REST"},{"floor":32.0,"key":"REST"},{"data":"Biased Cognition","floor":40.0,"key":"SMITH"},{"floor":42.0,"key":"REST"}],"circlet_count":0,"master_deck":["Defend_B","Zap","Dualcast","Secret Technique","Self Repair","Rip and Tear+1","Aggregate","Reinforced Body","Defragment+1","BootSequence","Barrage","Creative AI","Sunder","Lockon","Defragment","Deep Breath","Bite","Bite","Bite","Bite","Bite","Reboot","BootSequence","Defragment","Chaos+1","Biased Cognition+1","Multi-Cast+1","Heatsinks+1","Static Discharge+1","Skim+1","Ball Lightning","Capacitor","Undo","Writhe","Ball Lightning","Parasite"],"relics":["Cracked Core","Golden Idol","PreservedInsect","Juzu Bracelet","Smiling Mask","Toolbox","Pantograph","Bottled Flame","Strawberry","Astrolabe","Akabeko"],"acts_visited":["Exordium","TheCity","TheBeyond"],"potions_floor_usage":[],"damage_taken":[{"damage":10.0,"enemies":"Small Slimes","floor":1.0,"turns":2.0},{"damage":2.0,"enemies":"Jaw Worm","floor":2.0,"turns":3.0},{"damage":0.0,"enemies":"2 Louse","floor":3.0,"turns":1.0},{"damage":10.0,"enemies":"Large Slime","floor":8.0,"turns":5.0},{"damage":26.0,"enemies":"Gremlin Nob","floor":11.0,"turns":4.0},{"damage":27.0,"enemies":"The Guardian","floor":16.0,"turns":13.0},{"damage":2.0,"enemies":"Chosen","floor":18.0,"turns":4.0},{"damage":35.0,"enemies":"Spheric Guardian","floor":19.0,"turns":7.0},{"damage":31.0,"enemies":"Gremlin Leader","floor":23.0,"turns":7.0},{"damage":42.0,"enemies":"Book of Stabbing","floor":25.0,"turns":5.0},{"damage":0.0,"enemies":"Centurion and Healer","floor":27.0,"turns":6.0},{"damage":21.0,"enemies":"Snake Plant","floor":31.0,"turns":5.0},{"damage":54.0,"enemies":"Collector","floor":33.0,"turns":10.0},{"damage":0.0,"enemies":"Orb Walker","floor":35.0,"turns":2.0},{"damage":27.0,"enemies":"3 Darklings","floor":38.0,"turns":4.0},{"damage":56.0,"enemies":"Spire Growth","floor":41.0,"turns":4.0},{"damage":45,"enemies":"Writhing Mass","floor":45,"turns":4}],"seed_played":"7019789640879737036","potions_obtained":[{"floor":2.0,"key":"PotionOfCapacity"},{"floor":16.0,"key":"BlessingOfTheForge"},{"floor":18.0,"key":"FearPotion"},{"floor":35.0,"key":"Strength Potion"}],"is_trial":false,"path_per_floor":["M","M","M","?","?","R","?","M","T","$","?","$","R","T","R","B",null,"M","M","?","$","?","E","R","E","T","M","?","R","$","M","R","B",null,"M","?","$","M","?","R","M","R","T","$","M"],"character_chosen":"DEFECT","items_purchased":["Defragment","BootSequence","Juzu Bracelet","Barrage","Defragment","Toolbox","Deep Breath","Defragment","Ball Lightning","Capacitor","Undo","Ball Lightning"],"campfire_rested":5,"item_purchase_floors":[10,10,12,12,21,21,21,30,37,37,37,44],"current_hp_per_floor":[58,63,63,63,63,63,56,53,53,53,34,34,54,54,54,29,68,66,40,40,40,40,25,45,9,16,41,41,63,63,53,75,28,75,75,75,75,50,69,69,15,37,37,37,0,0],"gold":30,"neow_bonus":"RANDOM_COLORLESS_2","is_daily":false,"chose_seed":false,"campfire_upgraded":3,"win_rate":0.0,"timestamp":1612430197,"path_taken":["M","M","M","?","?","R","?","M","T","$","?","?","R","?","R","BOSS","M","M","?","$","?","E","R","E","T","M","?","R","?","M","R","BOSS","M","?","$","M","?","R","M","R","T","?","M"],"items_purchased_type":["Card","Card","Relic","Card","Card","Relic","Card","Card","Card","Card","Card","Card"],"build_version":"2020-12-22","purchased_purges":1,"victory":false,"max_hp_per_floor":[68,68,68,68,68,68,68,68,68,68,68,68,68,68,68,68,68,68,68,68,68,68,68,68,68,75,75,75,75,75,75,75,75,75,75,75,75,75,75,75,75,75,75,75,75,75],"card_choices":[{"not_picked":["Secret Weapon","The Bomb"],"picked":"Secret Technique","floor":0.0},{"not_picked":["FTL","Gash"],"picked":"Self Repair","floor":1.0},{"not_picked":["Steam","Rebound"],"picked":"Rip and Tear","floor":2.0},{"not_picked":["Rebound","Steam"],"picked":"Aggregate","floor":3.0},{"not_picked":["Chill","Rebound"],"picked":"Reinforced Body","floor":8.0},{"not_picked":["Blizzard","Coolheaded"],"picked":"Steam","floor":11.0},{"not_picked":["Seek","Amplify"],"picked":"Creative AI","floor":16.0},{"not_picked":["Sweeping Beam","Barrage+1"],"picked":"Sunder","floor":18.0},{"not_picked":["Gash","Ball Lightning"],"picked":"Lockon","floor":19.0},{"not_picked":["FTL","Barrage+1"],"picked":"Reboot","floor":23.0},{"not_picked":["Streamline","Tempest"],"picked":"BootSequence","floor":25.0},{"not_picked":["Gash","Barrage","Chill"],"picked":"SKIP","floor":27.0},{"not_picked":["Steam Power","Gash+1"],"picked":"Chaos+1","floor":31.0},{"not_picked":["Rainbow","Electrodynamics"],"picked":"Biased Cognition","floor":33.0},{"not_picked":["Chaos","Gash+1"],"picked":"Skim+1","floor":35.0},{"not_picked":["Compile Driver+1","Hologram+1","Stack"],"picked":"SKIP","floor":38.0},{"not_picked":["Chill+1","Rebound+1","Streamline"],"picked":"SKIP","floor":41.0}],"player_experience":619310,"relics_obtained":[{"floor":9.0,"key":"PreservedInsect"},{"floor":11.0,"key":"Blood Vial"},{"floor":14.0,"key":"Smiling Mask"},{"floor":23.0,"key":"Pantograph"},{"floor":25.0,"key":"Bottled Flame"},{"floor":26.0,"key":"Strawberry"},{"floor":43.0,"key":"Akabeko"}],"event_choices":[{"damage_healed":0.0,"max_hp_gain":0.0,"max_hp_loss":0.0,"gold_gain":175.0,"event_name":"Liars Game","player_choice":"AGREE","floor":4.0,"gold_loss":0.0,"damage_taken":0.0,"cards_obtained":["Doubt"]},{"damage_healed":0.0,"max_hp_gain":0.0,"max_hp_loss":0.0,"gold_gain":0.0,"event_name":"Golden Idol","player_choice":"Take Wound","floor":5.0,"gold_loss":0.0,"damage_taken":0.0,"relics_obtained":["Golden Idol"],"cards_obtained":["Injury"]},{"cards_removed":["Doubt"],"damage_healed":0.0,"max_hp_gain":0.0,"max_hp_loss":0.0,"gold_gain":0.0,"event_name":"Golden Wing","player_choice":"Card Removal","floor":7.0,"gold_loss":0.0,"damage_taken":7.0},{"damage_healed":0.0,"max_hp_gain":0.0,"max_hp_loss":0.0,"gold_gain":0.0,"event_name":"Dead Adventurer","player_choice":"Searched \u00271\u0027 times","floor":11.0,"gold_loss":0.0,"damage_taken":0.0},{"damage_healed":0.0,"max_hp_gain":0.0,"max_hp_loss":0.0,"gold_gain":99.0,"event_name":"Nest","player_choice":"Stole From Cult","floor":20.0,"gold_loss":0.0,"damage_taken":0.0},{"damage_healed":0.0,"max_hp_gain":0.0,"max_hp_loss":0.0,"gold_gain":0.0,"event_name":"Vampires","player_choice":"Became a vampire (Vial)","floor":22.0,"relics_lost":["Blood Vial"],"gold_loss":0.0,"damage_taken":0.0,"cards_obtained":["Bite","Bite","Bite","Bite","Bite"]},{"cards_removed":["Defend_B"],"damage_healed":0.0,"max_hp_gain":0.0,"max_hp_loss":0.0,"gold_gain":0.0,"event_name":"Beggar","player_choice":"Gave Gold","floor":28.0,"gold_loss":75.0,"damage_taken":0.0},{"damage_healed":0.0,"max_hp_gain":0.0,"max_hp_loss":0.0,"gold_gain":0.0,"event_name":"Tomb of Lord Red Mask","player_choice":"Ignored","floor":36.0,"gold_loss":0.0,"damage_taken":0.0},{"damage_healed":19.0,"max_hp_gain":0.0,"max_hp_loss":0.0,"gold_gain":0.0,"event_name":"Winding Halls","player_choice":"Writhe","floor":39.0,"gold_loss":0.0,"damage_taken":0.0,"cards_obtained":["Writhe"]}],"is_beta":false,"boss_relics":[{"not_picked":["Coffee Dripper","Pandora\u0027s Box","Runic Pyramid"]},{"not_picked":["FrozenCore","Fusion Hammer"],"picked":"Astrolabe"}],"items_purged_floors":[21],"is_endless":false,"potions_floor_spawned":[2,16,18,31,35,38],"killed_by":"Writhing Mass","ascension_level":3}}