{"host":"x000krxjblg8jdg4","time":1612469467,"event":{"mods":["BaseMod","Downfall","Hermit","Minty Spire (QoL Compilation)","StSLib","The Runesmith","The Servant 0.9.4"],"gold_per_floor":[117,117,128,128,198,198,225,242,267,295,121,149,159,159,159,263,263,282,282,294,294,310,344,360,395,395,3,28,45,45,79,79,177,177,189,200,28,41,60,87,87,122,122,151,162,175,210,210,210,210,210],"floor_reached":50,"language":"ENG","playtime":2906,"items_purged":[],"score":847,"play_id":"dabdd024-efae-48c8-b0a2-b684a1834698","local_time":"20210204181107","is_ascension_mode":true,"campfire_choices":[{"data":"Neutralize","floor":6,"key":"SMITH"},{"floor":15,"key":"REST"},{"floor":30,"key":"REST"},{"floor":32,"key":"REST"},{"floor":41,"key":"REST"},{"floor":49,"key":"REST"}],"circlet_count":0,"master_deck":["Strike_G","Strike_G","Strike_G","Strike_G","Strike_G","Defend_G+1","Defend_G","Defend_G","Defend_G+1","Defend_G","Survivor","Neutralize+1","Flying Knee+1","Die Die Die","Slice","Quick Slash","Distraction","Poisoned Stab+1","Infinite Blades","Acrobatics","A Thousand Cuts","Flying Knee+1","Flying Knee+1","Sucker Punch","Heel Hook","Choke+1","Escape Plan","Backstab","Backstab","Quick Slash","Blade Dance","Dodge and Roll+1","Deadly Poison+1","Tools of the Trade","Footwork+1","Poisoned Stab+1","Backstab","Noxious Fumes","Poisoned Stab","Dash+1","Adrenaline","Blade Dance","Dagger Throw+1","Dagger Spray","Backstab+1","Flying Knee+1","Deflect+1","Corpse Explosion","Deadly Poison+1"],"relics":["Ring of the Snake","NeowsBlessing","Meat on the Bone","War Paint","Centennial Puzzle","CaptainsWheel","Snake Skull","MealTicket","bronze:MakeshiftBattery","MutagenicStrength","Boot","Vajra","InkBottle","Whetstone","Ancient Tea Set","Dream Catcher","White Beast Statue","Fusion Hammer","Bronze Scales","Juzu Bracelet","Bag of Preparation","Pear","Gambling Chip"],"acts_visited":["Exordium","TheCity","TheBeyond"],"potions_floor_usage":[10,23,25,33,33,33,44,50,50,50],"damage_taken":[{"damage":0,"enemies":"Jaw Worm","floor":1,"turns":1},{"damage":0,"enemies":"Cultist","floor":3,"turns":1},{"damage":0,"enemies":"3 Sentries","floor":7,"turns":1},{"damage":0,"enemies":"Small Slimes","floor":8,"turns":2},{"damage":14,"enemies":"Gremlin Nob","floor":10,"turns":3},{"damage":6,"enemies":"3 Sentries","floor":12,"turns":8},{"damage":9,"enemies":"Exordium Wildlife","floor":13,"turns":3},{"damage":55,"enemies":"Slime Boss","floor":16,"turns":10},{"damage":11,"enemies":"Shell Parasite","floor":18,"turns":6},{"damage":12,"enemies":"3 Byrds","floor":20,"turns":4},{"damage":5,"enemies":"Sentry and Sphere","floor":22,"turns":4},{"damage":40,"enemies":"Slavers","floor":23,"turns":4},{"damage":0,"enemies":"Snecko","floor":24,"turns":4},{"damage":31,"enemies":"Gremlin Leader","floor":25,"turns":8},{"damage":16,"enemies":"Slavers","floor":28,"turns":3},{"damage":4,"enemies":"Centurion and Healer","floor":29,"turns":3},{"damage":0,"enemies":"Gremlin Leader","floor":31,"turns":3},{"damage":38,"enemies":"Collector","floor":33,"turns":5},{"damage":2,"enemies":"3 Darklings","floor":35,"turns":3},{"damage":4,"enemies":"Orb Walker","floor":36,"turns":3},{"damage":3,"enemies":"3 Darklings","floor":38,"turns":5},{"damage":0,"enemies":"Maw","floor":39,"turns":5},{"damage":42,"enemies":"Giant Head","floor":40,"turns":7},{"damage":33,"enemies":"Reptomancer","floor":42,"turns":4},{"damage":13,"enemies":"Giant Head","floor":44,"turns":6},{"damage":16,"enemies":"Spire Growth","floor":45,"turns":2},{"damage":11,"enemies":"Jaw Worm Horde","floor":46,"turns":3},{"damage":0,"enemies":"Nemesis","floor":47,"turns":2},{"damage":68,"enemies":"Time Eater","floor":50,"turns":5}],"seed_played":"741829305797228423","potions_obtained":[{"floor":8,"key":"SteroidPotion"},{"floor":12,"key":"Regen Potion"},{"floor":16,"key":"SpeedPotion"},{"floor":18,"key":"Weak Potion"},{"floor":20,"key":"hexamod:SoulburnPotion"},{"floor":24,"key":"FairyPotion"},{"floor":25,"key":"LiquidMemories"},{"floor":28,"key":"AttackPotion"},{"floor":33,"key":"SteroidPotion"},{"floor":35,"key":"AttackPotion"},{"floor":36,"key":"Ancient Potion"},{"floor":38,"key":"Strength Potion"},{"floor":44,"key":"Strength Potion"}],"is_trial":false,"path_per_floor":["M","?","M","?","T","R","E","M","T","E","$","E","M","?","R","B",null,"M","?","M","?","M","E","M","E","T","$","E","M","R","E","R","B",null,"M","M","$","M","M","E","R","E","T","E","M","M","E","?","R","B"],"character_chosen":"THE_SILENT","items_purchased":["Snake Skull","Poisoned Stab","Whetstone","Ancient Tea Set","Backstab","Backstab","Noxious Fumes","Poisoned Stab"],"campfire_rested":5,"item_purchase_floors":[11,11,27,27,27,37,37,37],"current_hp_per_floor":[70,70,70,70,70,70,70,70,70,56,56,50,41,41,62,19,70,59,59,47,47,42,19,31,33,33,48,44,40,61,61,70,44,70,68,64,70,67,67,37,58,37,37,46,42,43,43,43,65,0,0],"gold":210,"neow_bonus":"THREE_ENEMY_KILL","is_daily":false,"chose_seed":false,"campfire_upgraded":1,"win_rate":0.0,"timestamp":1612469467,"path_taken":["M","?","M","?","?","R","E","?","T","E","?","E","M","?","R","BOSS","M","?","M","?","?","E","M","E","T","$","E","M","R","E","R","BOSS","M","M","$","M","M","E","R","E","T","E","M","M","E","?","R","BOSS"],"items_purchased_type":["Relic","Card","Relic","Relic","Card","Card","Card","Card"],"build_version":"2020-12-22","purchased_purges":0,"victory":false,"max_hp_per_floor":[70,70,70,70,70,70,70,70,70,70,70,70,70,70,70,70,70,70,70,70,70,70,70,70,70,70,70,70,70,70,70,70,70,70,70,70,70,70,70,70,70,70,70,80,80,80,80,76,76,76,76],"card_choices":[{"not_picked":["Slice","Skewer"],"picked":"Flying Knee","floor":1},{"not_picked":["Dodge and Roll","Deflect"],"picked":"Die Die Die","floor":3},{"not_picked":["Flechettes","Backflip"],"picked":"Slice","floor":7},{"not_picked":["Eviscerate","Flechettes"],"picked":"Quick Slash","floor":8},{"not_picked":["Night Terror","Outmaneuver"],"picked":"Distraction","floor":10},{"not_picked":["Predator","Quick Slash"],"picked":"Infinite Blades","floor":12},{"not_picked":["PiercingWail","Eviscerate"],"picked":"Acrobatics","floor":13},{"not_picked":["Phantasmal Killer","Burst"],"picked":"A Thousand Cuts","floor":16},{"not_picked":["Deflect+1","Quick Slash"],"picked":"Flying Knee+1","floor":18},{"not_picked":["Leg Sweep","Dodge and Roll"],"picked":"Flying Knee+1","floor":20},{"not_picked":["Acrobatics","Underhanded Strike"],"picked":"Sucker Punch","floor":22},{"not_picked":["Poisoned Stab","Sucker Punch+1"],"picked":"Heel Hook","floor":23},{"not_picked":["Slice","Deflect"],"picked":"Choke+1","floor":24},{"not_picked":["Wraith Form v2","Outmaneuver"],"picked":"Escape Plan","floor":25},{"not_picked":["Sucker Punch","Escape Plan"],"picked":"Backstab","floor":28},{"not_picked":["Expertise","Bane"],"picked":"Quick Slash","floor":29},{"not_picked":["Tactician","Flying Knee"],"picked":"Blade Dance","floor":30},{"not_picked":["Bane","Bouncing Flask"],"picked":"Dodge and Roll+1","floor":31},{"not_picked":["Prepared","Malaise"],"picked":"Deadly Poison+1","floor":32},{"not_picked":["Glass Knife","Unload"],"picked":"Tools of the Trade","floor":33},{"not_picked":["Dodge and Roll","PiercingWail+1"],"picked":"Footwork+1","floor":35},{"not_picked":["Expertise","Sucker Punch"],"picked":"Poisoned Stab+1","floor":36},{"not_picked":["Deflect","Prepared+1"],"picked":"Dash+1","floor":38},{"not_picked":["Poisoned Stab","Sucker Punch"],"picked":"Adrenaline","floor":39},{"not_picked":["Deflect","PiercingWail"],"picked":"Blade Dance","floor":40},{"not_picked":["Distraction","Slice+1"],"picked":"Dagger Throw+1","floor":41},{"not_picked":["Predator","Poisoned Stab"],"picked":"Dagger Spray","floor":42},{"not_picked":["Prepared+1","Bouncing Flask+1"],"picked":"Backstab+1","floor":44},{"not_picked":["Dodge and Roll","Dagger Throw"],"picked":"Flying Knee+1","floor":45},{"not_picked":["Prepared+1","Quick Slash+1"],"picked":"Deflect+1","floor":46},{"not_picked":["Skewer","Acrobatics"],"picked":"Corpse Explosion","floor":47},{"not_picked":["Skewer","Outmaneuver"],"picked":"Deadly Poison+1","floor":49}],"player_experience":32251,"relics_obtained":[{"floor":5,"key":"Meat on the Bone"},{"floor":7,"key":"War Paint"},{"floor":9,"key":"Centennial Puzzle"},{"floor":10,"key":"CaptainsWheel"},{"floor":12,"key":"MealTicket"},{"floor":23,"key":"Boot"},{"floor":25,"key":"Vajra"},{"floor":26,"key":"InkBottle"},{"floor":28,"key":"Dream Catcher"},{"floor":31,"key":"White Beast Statue"},{"floor":40,"key":"Bronze Scales"},{"floor":42,"key":"Juzu Bracelet"},{"floor":43,"key":"Bag of Preparation"},{"floor":44,"key":"Pear"},{"floor":47,"key":"Gambling Chip"}],"event_choices":[{"damage_healed":0,"gold_gain":0,"player_choice":"Ignored","damage_taken":0,"max_hp_gain":0,"max_hp_loss":0,"event_name":"Golden Wing","floor":2,"gold_loss":0},{"damage_healed":0,"gold_gain":0,"player_choice":"Ignored","damage_taken":0,"max_hp_gain":0,"max_hp_loss":0,"event_name":"Shining Light","floor":4,"gold_loss":0},{"damage_healed":0,"gold_gain":0,"player_choice":"Ignored","damage_taken":0,"max_hp_gain":0,"max_hp_loss":0,"event_name":"Liars Game","floor":14,"gold_loss":0},{"damage_healed":0,"gold_gain":0,"player_choice":"Ignored","damage_taken":0,"max_hp_gain":0,"max_hp_loss":0,"event_name":"Ghosts","floor":19,"gold_loss":0},{"damage_healed":0,"gold_gain":0,"player_choice":"Inject Mutagens","damage_taken":0,"relics_obtained":["MutagenicStrength"],"max_hp_gain":0,"max_hp_loss":0,"event_name":"Drug Dealer","floor":21,"gold_loss":0},{"damage_healed":0,"gold_gain":0,"player_choice":"Max HP","damage_taken":0,"max_hp_gain":0,"max_hp_loss":4,"event_name":"Winding Halls","floor":48,"gold_loss":0}],"is_beta":false,"boss_relics":[{"not_picked":["SlaversCollar","Calling Bell"],"picked":"bronze:MakeshiftBattery"},{"not_picked":["Sozu","SacredBark"],"picked":"Fusion Hammer"}],"items_purged_floors":[],"is_endless":false,"potions_floor_spawned":[8,12,16,18,20,24,25,28,33,35,36,38,39,40,42,44,45,46,47],"killed_by":"Time Eater","ascension_level":1}}