{"host":"6pfj0wha12yu6wq3","time":1612397648,"event":{"mods":["AchievementEnabler","BaseMod","Colored Map","Colored Powertips","Curses Come First","DeckTracker","Minty Spire (QoL Compilation)","RNG Fix","Relic Sorter","Relic Stats","StSLib","UnlockEverythingMod","ojb\u0027s Better Paths Mod","ojb\u0027s Info Mod"],"gold_per_floor":[119,119,119,119,119,153,153,173,173,186,111,111,145,161,161,257,257,272,297,18,36,36,79,79,99,122,162,162,180,211,231,231,322,322,346,679,689,704,715,715,733,763,763,775,807,95,95,107,107,107,107],"floor_reached":50,"language":"ENG","playtime":3955,"items_purged":["Strike_G","Strike_G"],"score":1398,"play_id":"3fdd52e0-4468-4af2-ba05-da7842923e94","local_time":"20210203191408","is_ascension_mode":true,"campfire_choices":[{"data":"Doppelganger","floor":7,"key":"SMITH"},{"data":"Neutralize","floor":12,"key":"SMITH"},{"data":"Malaise","floor":15,"key":"SMITH"},{"floor":24,"key":"REST"},{"floor":28,"key":"REST"},{"floor":32,"key":"RECALL"},{"floor":47,"key":"REST"},{"floor":49,"key":"REST"}],"circlet_count":0,"master_deck":["AscendersBane","Strike_G","Strike_G","Defend_G","Defend_G","Defend_G","Defend_G","Survivor","Neutralize+1","Dagger Throw","Slice","Doppelganger+1","Dagger Throw+1","Riddle With Holes+1","Malaise+1","Dagger Spray+1","Malaise","Choke+1","Leg Sweep","Prepared+1","Shame","Backflip","Phantasmal Killer","Acrobatics","Underhanded Strike+1","Reflex","After Image","Tactician","Finisher+1","Reflex","Acrobatics+1","Blur+1","Acrobatics+1","Night Terror","Backflip","Grand Finale+1","Underhanded Strike+1","Leg Sweep","Bullet Time","Expertise+1"],"relics":["Ring of the Snake","Happy Flower","Sundial","NeowsBlessing","Molten Egg 2","Bronze Scales","Blue Candle","Fusion Hammer","Centennial Puzzle","Ginger","Akabeko","Lizard Tail","Runic Pyramid","Turnip","The Specimen","TungstenRod","Orrery","HornCleat"],"acts_visited":["Exordium","TheCity","TheBeyond"],"potions_floor_usage":[13,27,33,42,45,45],"damage_taken":[{"damage":0,"enemies":"Jaw Worm","floor":1,"turns":1},{"damage":0,"enemies":"Gremlin Nob","floor":6,"turns":1},{"damage":0,"enemies":"Cultist","floor":8,"turns":1},{"damage":0,"enemies":"Small Slimes","floor":10,"turns":2},{"damage":12,"enemies":"3 Sentries","floor":13,"turns":6},{"damage":0,"enemies":"3 Louse","floor":14,"turns":4},{"damage":14,"enemies":"The Guardian","floor":16,"turns":15},{"damage":5,"enemies":"2 Thieves","floor":18,"turns":4},{"damage":1,"enemies":"Chosen","floor":19,"turns":7},{"damage":1,"enemies":"3 Cultists","floor":21,"turns":5},{"damage":7,"enemies":"Book of Stabbing","floor":23,"turns":6},{"damage":8,"enemies":"Centurion and Healer","floor":25,"turns":6},{"damage":1,"enemies":"Gremlin Leader","floor":27,"turns":6},{"damage":0,"enemies":"Snake Plant","floor":29,"turns":3},{"damage":0,"enemies":"Book of Stabbing","floor":30,"turns":5},{"damage":2,"enemies":"Snecko","floor":31,"turns":4},{"damage":28,"enemies":"Champ","floor":33,"turns":8},{"damage":9,"enemies":"3 Darklings","floor":35,"turns":7},{"damage":1,"enemies":"Orb Walker","floor":37,"turns":3},{"damage":3,"enemies":"4 Shapes","floor":38,"turns":11},{"damage":0,"enemies":"Writhing Mass","floor":39,"turns":6},{"damage":20,"enemies":"3 Darklings","floor":41,"turns":5},{"damage":29,"enemies":"Nemesis","floor":42,"turns":7},{"damage":10,"enemies":"Spire Growth","floor":44,"turns":6},{"damage":18,"enemies":"Reptomancer","floor":45,"turns":4},{"damage":0,"enemies":"Jaw Worm Horde","floor":48,"turns":3},{"damage":47,"enemies":"Donu and Deca","floor":50,"turns":5}],"seed_played":"-2300125057769014070","potions_obtained":[{"floor":1,"key":"LiquidBronze"},{"floor":6,"key":"Energy Potion"},{"floor":13,"key":"DuplicationPotion"},{"floor":19,"key":"Strength Potion"},{"floor":21,"key":"AttackPotion"},{"floor":30,"key":"PowerPotion"},{"floor":37,"key":"SpeedPotion"},{"floor":41,"key":"BlessingOfTheForge"},{"floor":44,"key":"Strength Potion"}],"is_trial":false,"path_per_floor":["M","?","?","?","?","E","R","M","T","M","?","R","E","M","R","B",null,"M","M","$","M","?","E","R","M","T","E","R","M","E","M","R","B",null,"M","?","M","M","M","?","M","E","T","M","E","$","R","M","R","B"],"character_chosen":"THE_SILENT","items_purchased":["Happy Flower","Leg Sweep","Orrery","Bullet Time","HornCleat"],"campfire_rested":4,"item_purchase_floors":[20,20,46,46,46],"current_hp_per_floor":[59,59,59,54,54,54,54,54,54,54,54,54,42,42,42,28,52,47,46,46,45,45,38,56,48,48,47,60,60,60,58,58,30,53,44,44,43,40,40,40,20,30,30,20,2,2,20,20,38,0,0],"gold":107,"neow_bonus":"THREE_ENEMY_KILL","is_daily":false,"chose_seed":false,"campfire_upgraded":3,"win_rate":0.0,"timestamp":1612397648,"path_taken":["M","?","?","?","?","E","R","?","T","?","?","R","E","M","R","BOSS","M","?","$","M","?","E","R","?","T","E","R","M","E","M","R","BOSS","M","?","?","M","M","?","M","E","T","?","E","$","R","M","R","BOSS"],"items_purchased_type":["Relic","Card","Relic","Card","Relic"],"build_version":"2020-12-22","purchased_purges":2,"victory":false,"max_hp_per_floor":[66,66,60,60,60,60,60,60,60,60,60,60,60,60,60,60,60,60,60,60,60,60,60,60,60,60,60,60,60,60,60,60,60,60,60,60,60,60,60,60,60,60,60,60,60,60,60,60,60,60,60],"relic_stats":{"Centennial Puzzle":[39],"Lizard Tail":30,"Happy Flower":[33],"counters":[27,141],"Sundial":[22],"Bronze Scales":[407],"Blue Candle":[12],"Turnip":[0],"Ginger":[3],"obtain_stats":[{"NeowsBlessing":0,"Happy Flower":20,"The Specimen":43,"Golden Idol":3,"Blue Candle":13,"Ginger":23,"Akabeko":27,"Centennial Puzzle":22,"Lizard Tail":30,"HornCleat":46,"Sundial":9,"Bronze Scales":6,"Orrery":46,"Molten Egg 2":4,"Fusion Hammer":17,"Turnip":42,"TungstenRod":45,"Ring of the Snake":0,"Runic Pyramid":34},{"NeowsBlessing":0,"Happy Flower":9,"The Specimen":23,"Golden Idol":1,"Blue Candle":5,"Ginger":11,"Akabeko":13,"Centennial Puzzle":10,"Lizard Tail":15,"HornCleat":25,"Sundial":3,"Bronze Scales":2,"Orrery":25,"Molten Egg 2":1,"Fusion Hammer":7,"Turnip":23,"TungstenRod":25,"Ring of the Snake":0,"Runic Pyramid":17},{"NeowsBlessing":0,"Happy Flower":41,"The Specimen":123,"Golden Idol":1,"Blue Candle":11,"Ginger":52,"Akabeko":64,"Centennial Puzzle":46,"Lizard Tail":72,"HornCleat":133,"Sundial":3,"Bronze Scales":2,"Orrery":133,"Molten Egg 2":1,"Fusion Hammer":30,"Turnip":123,"TungstenRod":133,"Ring of the Snake":0,"Runic Pyramid":84}],"TungstenRod":8,"Ring of the Snake":[54]},"card_choices":[{"not_picked":["Poisoned Stab","Footwork"],"picked":"Dagger Throw","floor":1},{"not_picked":["Outmaneuver","Infinite Blades"],"picked":"Doppelganger","floor":6},{"not_picked":["PiercingWail","Prepared"],"picked":"Dagger Throw+1","floor":8},{"not_picked":["Deadly Poison","Quick Slash+1"],"picked":"Riddle With Holes+1","floor":10},{"not_picked":["Outmaneuver","Terror"],"picked":"Malaise","floor":13},{"not_picked":["Cloak And Dagger","Bouncing Flask"],"picked":"Dagger Spray+1","floor":14},{"not_picked":["Storm of Steel","Doppelganger"],"picked":"Malaise","floor":16},{"not_picked":["Deflect","Blur","Flechettes+1"],"picked":"SKIP","floor":18},{"not_picked":["Dagger Spray+1","Deflect"],"picked":"Choke+1","floor":19},{"not_picked":["Dash+1","Choke+1"],"picked":"Prepared+1","floor":21},{"not_picked":["Dodge and Roll","Cloak And Dagger"],"picked":"Backflip","floor":23},{"not_picked":["Bouncing Flask","Underhanded Strike+1"],"picked":"Phantasmal Killer","floor":25},{"not_picked":["Outmaneuver","Cloak And Dagger"],"picked":"Acrobatics","floor":27},{"not_picked":["Outmaneuver","Distraction"],"picked":"Underhanded Strike+1","floor":29},{"not_picked":["Distraction","Bane+1","Dagger Throw+1"],"picked":"SKIP","floor":30},{"not_picked":["Expertise","Unload+1"],"picked":"Reflex","floor":31},{"not_picked":["Storm of Steel","Burst"],"picked":"After Image","floor":33},{"not_picked":["Poisoned Stab+1","Predator+1"],"picked":"Tactician","floor":35},{"not_picked":["All Out Attack+1","Quick Slash+1"],"picked":"Finisher+1","floor":37},{"not_picked":["Poisoned Stab+1","Deadly Poison+1"],"picked":"Reflex","floor":38},{"not_picked":["Sucker Punch+1","Outmaneuver"],"picked":"Acrobatics+1","floor":39},{"not_picked":["Cloak And Dagger","Bouncing Flask+1","Slice+1"],"picked":"SKIP","floor":41},{"not_picked":["Dagger Spray+1","Flying Knee+1"],"picked":"Blur+1","floor":42},{"not_picked":["Quick Slash+1","Dash+1"],"picked":"Acrobatics+1","floor":44},{"not_picked":["Dagger Throw+1","PiercingWail"],"picked":"Night Terror","floor":45},{"not_picked":["Heel Hook+1","Dodge and Roll"],"picked":"Backflip","floor":46},{"not_picked":["Backflip+1","Dodge and Roll+1"],"picked":"Grand Finale+1","floor":46},{"not_picked":["Sucker Punch+1","Dodge and Roll"],"picked":"Underhanded Strike+1","floor":46},{"not_picked":["Flying Knee+1","Heel Hook+1"],"picked":"Leg Sweep","floor":46},{"not_picked":["Noxious Fumes","Outmaneuver"],"picked":"Expertise+1","floor":48}],"player_experience":608450,"relics_obtained":[{"floor":6,"key":"Bronze Scales"},{"floor":9,"key":"Sundial"},{"floor":13,"key":"Blue Candle"},{"floor":23,"key":"Ginger"},{"floor":27,"key":"Akabeko"},{"floor":30,"key":"Lizard Tail"},{"floor":42,"key":"Turnip"},{"floor":43,"key":"The Specimen"},{"floor":45,"key":"TungstenRod"}],"event_choices":[{"damage_healed":0,"gold_gain":0,"cards_transformed":["Defend_G"],"player_choice":"Change","damage_taken":0,"max_hp_gain":0,"max_hp_loss":0,"event_name":"Living Wall","floor":2,"gold_loss":0,"cards_obtained":["Slice"]},{"damage_healed":0,"gold_gain":0,"player_choice":"Lose Max HP","damage_taken":0,"relics_obtained":["Golden Idol"],"max_hp_gain":0,"max_hp_loss":6,"event_name":"Golden Idol","floor":3,"gold_loss":0},{"damage_healed":0,"gold_gain":0,"player_choice":"Success","damage_taken":5,"relics_obtained":["Molten Egg 2"],"max_hp_gain":0,"max_hp_loss":0,"event_name":"Scrap Ooze","floor":4,"gold_loss":0},{"damage_healed":0,"gold_gain":0,"player_choice":"Ignored","damage_taken":0,"max_hp_gain":0,"max_hp_loss":0,"event_name":"Liars Game","floor":5,"gold_loss":0},{"cards_removed":["Strike_G"],"damage_healed":0,"gold_gain":0,"player_choice":"Card Removal","damage_taken":0,"max_hp_gain":0,"max_hp_loss":0,"event_name":"The Cleric","floor":11,"gold_loss":75},{"damage_healed":0,"gold_gain":0,"player_choice":"Stole Relic","damage_taken":0,"relics_obtained":["Centennial Puzzle"],"max_hp_gain":0,"max_hp_loss":0,"event_name":"Addict","floor":22,"gold_loss":0,"cards_obtained":["Shame"]},{"damage_healed":0,"gold_gain":333,"player_choice":"Gave Idol","damage_taken":0,"max_hp_gain":0,"max_hp_loss":0,"event_name":"The Moai Head","floor":36,"relics_lost":["Golden Idol"],"gold_loss":0},{"damage_healed":0,"gold_gain":0,"player_choice":"Ignored","damage_taken":0,"max_hp_gain":0,"max_hp_loss":0,"event_name":"Tomb of Lord Red Mask","floor":40,"gold_loss":0}],"is_beta":false,"boss_relics":[{"not_picked":["Busted Crown","SlaversCollar"],"picked":"Fusion Hammer"},{"not_picked":["Sozu","WristBlade"],"picked":"Runic Pyramid"}],"items_purged_floors":[20,46],"is_endless":false,"potions_floor_spawned":[1,6,13,19,21,25,30,37,41,44],"killed_by":"Donu and Deca","ascension_level":20}}