{"host":"zxkjcgzis4pm3za5","time":1612412362,"event":{"mods":["AchievementEnabler","Act Like it!","BaseMod","Colored Map","Colored Powertips","Friendly Minions","GifTheSpireLib","Minty Spire (QoL Compilation)","Quick Restart","Random Character Button","Relic Sorter","Relic Stats","StSLib"],"gold_per_floor":[359,369,294,314,98,127,127,127,154,179,194,194,194,194,194,194,194],"floor_reached":16,"language":"ENG","playtime":459,"items_purged":["Clumsy"],"score":209,"play_id":"617de3d9-7b77-402a-860d-b690423c6ce9","local_time":"20210204094922","is_ascension_mode":true,"campfire_choices":[{"floor":8.0,"key":"REST"},{"data":"Defragment","floor":13.0,"key":"SMITH"},{"data":"Tempest","floor":15.0,"key":"SMITH"}],"circlet_count":0,"master_deck":["AscendersBane","Strike_B","Strike_B","Strike_B","Defend_B","Defend_B","Defend_B","Defend_B","Zap","Dualcast","Defragment+1","Conserve Battery","BootSequence","Rip and Tear","Leap","Beam Cell","Tempest+1"],"relics":["Cracked Core","TheAbacus","Bronze Scales","Kunai"],"acts_visited":["Exordium"],"potions_floor_usage":[],"damage_taken":[{"damage":12.0,"enemies":"Small Slimes","floor":1.0,"turns":3.0},{"damage":14.0,"enemies":"Jaw Worm","floor":2.0,"turns":4.0},{"damage":1.0,"enemies":"Cultist","floor":4.0,"turns":4.0},{"damage":23.0,"enemies":"Lagavulin","floor":6.0,"turns":7.0},{"damage":6.0,"enemies":"3 Sentries","floor":10.0,"turns":8.0},{"damage":5.0,"enemies":"Looter","floor":11.0,"turns":3.0},{"damage":0.0,"enemies":"Gremlin Gang","floor":12.0,"turns":1.0},{"damage":36,"enemies":"The Guardian","floor":16,"turns":2}],"seed_played":"-2569535420456497013","potions_obtained":[{"floor":2.0,"key":"SmokeBomb"},{"floor":6.0,"key":"AttackPotion"}],"is_trial":false,"path_per_floor":["M","M","$","M","$","E","?","R","T","E","M","M","R","?","R","B"],"character_chosen":"DEFECT","items_purchased":["Rip and Tear","TheAbacus"],"campfire_rested":1,"item_purchase_floors":[5,5],"current_hp_per_floor":[52,38,38,37,37,14,14,35,35,29,24,24,24,24,24,0,0],"gold":194,"neow_bonus":"TWO_FIFTY_GOLD","is_daily":false,"chose_seed":false,"campfire_upgraded":2,"win_rate":0.0,"timestamp":1612412362,"path_taken":["M","M","$","M","$","E","?","R","T","E","M","M","R","?","R","BOSS"],"items_purchased_type":["Card","Relic"],"build_version":"2020-12-22","purchased_purges":1,"victory":false,"max_hp_per_floor":[71,71,71,71,71,71,71,71,71,71,71,71,71,71,71,71,71],"relic_stats":{"TheAbacus":[18],"counters":[8,32],"Bronze Scales":[24],"Kunai":[1],"obtain_stats":[{"TheAbacus":5,"Bronze Scales":6,"Kunai":10,"Cracked Core":0},{"TheAbacus":3,"Bronze Scales":4,"Kunai":5,"Cracked Core":0},{"TheAbacus":11,"Bronze Scales":18,"Kunai":26,"Cracked Core":0}]},"card_choices":[{"not_picked":["Compile Driver","Static Discharge"],"picked":"Defragment","floor":1.0},{"not_picked":["Stack","Redo"],"picked":"Conserve Battery","floor":2.0},{"not_picked":["Force Field","White Noise"],"picked":"BootSequence","floor":4.0},{"not_picked":["Compile Driver","Creative AI"],"picked":"Leap","floor":6.0},{"not_picked":["Stack","Compile Driver"],"picked":"Beam Cell","floor":10.0},{"not_picked":["Heatsinks","Redo"],"picked":"Tempest","floor":11.0}],"player_experience":313521,"relics_obtained":[{"floor":6.0,"key":"Bronze Scales"},{"floor":10.0,"key":"Kunai"}],"event_choices":[{"damage_healed":0.0,"max_hp_gain":0.0,"max_hp_loss":0.0,"gold_gain":0.0,"event_name":"Shining Light","player_choice":"Ignored","floor":7.0,"gold_loss":0.0,"damage_taken":0.0},{"cards_removed":["Strike_B"],"damage_healed":0.0,"max_hp_gain":0.0,"max_hp_loss":0.0,"gold_gain":0.0,"event_name":"Purifier","player_choice":"Purged","floor":14.0,"gold_loss":0.0,"damage_taken":0.0}],"is_beta":false,"boss_relics":[],"items_purged_floors":[3],"is_endless":false,"potions_floor_spawned":[2,6],"killed_by":"The Guardian","ascension_level":18}}