{"host":"dztixnx9b0gu6w9i","time":1612475977,"event":{"mods":["BaseMod","Bestiary","Minty Spire (QoL Compilation)","Relic Stats","Slay the Relics Exporter","SpireBot","ojb\u0027s Better Paths Mod","ojb\u0027s Info Mod"],"gold_per_floor":[113,36,7,25,25,59,59,85,156,156,126,143,162,28,28,102,102,120,120,60,60,75,75,109,109,109,140,140,154,154,1,1,75,75,93,1092,651,667,667,667,682,682,730,730,226,254,266,299,299,299,299,299,299,1,32,32],"floor_reached":57,"language":"ENG","playtime":10162,"items_purged":["Normality","Normality"],"score":3054,"play_id":"1cc31b9e-7302-4dd1-8e4f-18df2b8e41a3","local_time":"20210204165937","is_ascension_mode":true,"campfire_choices":[{"data":"Beam Cell","floor":7,"key":"SMITH"},{"data":"Defragment","floor":10,"key":"SMITH"},{"data":"Zap","floor":15,"key":"SMITH"},{"data":"Seek","floor":23,"key":"SMITH"},{"floor":28,"key":"REST"},{"floor":32,"key":"REST"},{"data":"Creative AI","floor":40,"key":"SMITH"},{"floor":42,"key":"RECALL"},{"data":"Recycle","floor":49,"key":"SMITH"},{"data":"Hologram","floor":53,"key":"SMITH"}],"circlet_count":0,"master_deck":["AscendersBane","Zap+1","Dualcast","Beam Cell+1","Defragment+1","Coolheaded","Go for the Eyes","Hologram+1","Coolheaded","Tempest","Cold Snap","All For One","Seek+1","Echo Form","Compile Driver","White Noise","Sweeping Beam","Consume","Leap","Hyperbeam","Meteor Strike","Compile Driver","Sunder","BootSequence","Auto Shields+1","Stack+1","Undo+1","Hologram+1","Glacier","Turbo","Creative AI+1","Recycle+1","Multi-Cast","Glacier","Madness","Madness","Go for the Eyes","All For One","Flash of Steel","Go for the Eyes+1","All For One","Reinforced Body","Recycle"],"relics":["Cracked Core","Ancient Tea Set","Happy Flower","The Courier","Pandora\u0027s Box","Nloth\u0027s Gift","Potion Belt","Incense Burner","Akabeko","Dream Catcher","SacredBark","Chemical X","Oddly Smooth Stone","Eternal Feather","Turnip","Meat on the Bone","OrangePellets","Gambling Chip"],"acts_visited":["Exordium","TheCity","TheBeyond","TheEnding"],"potions_floor_usage":[8,8,16,24,33,41,44,46,47,56,56],"damage_taken":[{"damage":0,"enemies":"Cultist","floor":1,"turns":1},{"damage":0,"enemies":"2 Louse","floor":4,"turns":1},{"damage":0,"enemies":"3 Sentries","floor":6,"turns":1},{"damage":15,"enemies":"Lagavulin","floor":8,"turns":7},{"damage":0,"enemies":"Small Slimes","floor":12,"turns":4},{"damage":2,"enemies":"Looter","floor":13,"turns":3},{"damage":0,"enemies":"Slime Boss","floor":16,"turns":6},{"damage":1,"enemies":"Spheric Guardian","floor":18,"turns":4},{"damage":2,"enemies":"3 Byrds","floor":22,"turns":4},{"damage":8,"enemies":"Book of Stabbing","floor":24,"turns":5},{"damage":53,"enemies":"Gremlin Leader","floor":27,"turns":6},{"damage":12,"enemies":"Shelled Parasite and Fungi","floor":29,"turns":6},{"damage":10,"enemies":"Automaton","floor":33,"turns":9},{"damage":1,"enemies":"Orb Walker","floor":35,"turns":4},{"damage":0,"enemies":"3 Darklings","floor":38,"turns":9},{"damage":6,"enemies":"Spire Growth","floor":41,"turns":4},{"damage":12,"enemies":"Nemesis","floor":46,"turns":20},{"damage":15,"enemies":"Jaw Worm Horde","floor":47,"turns":6},{"damage":0,"enemies":"Giant Head","floor":48,"turns":25},{"damage":36,"enemies":"Time Eater","floor":50,"turns":41},{"damage":0,"enemies":"Donu and Deca","floor":51,"turns":12},{"damage":0,"enemies":"Shield and Spear","floor":55,"turns":6},{"damage":5,"enemies":"The Heart","floor":56,"turns":5}],"seed_played":"-343802507505932724","potions_obtained":[{"floor":1,"key":"Energy Potion"},{"floor":6,"key":"PotionOfCapacity"},{"floor":11,"key":"PowerPotion"},{"floor":11,"key":"FairyPotion"},{"floor":16,"key":"ColorlessPotion"},{"floor":22,"key":"FocusPotion"},{"floor":29,"key":"FairyPotion"},{"floor":33,"key":"Strength Potion"},{"floor":35,"key":"Energy Potion"},{"floor":38,"key":"BlessingOfTheForge"},{"floor":44,"key":"Fruit Juice"},{"floor":44,"key":"Energy Potion"},{"floor":47,"key":"FairyPotion"}],"is_trial":false,"path_per_floor":["M","$","$","M","$","E","R","E","T","R","?","M","M","$","R","B",null,"M","?","$","?","M","R","E","?","T","E","R","M","T","$","R","B",null,"M","?","$","M","?","R","M","R","T","?","$","E","M","E","R","B","B",null,"R","$","E","B",null],"character_chosen":"DEFECT","items_purchased":["Defragment","Coolheaded","All For One","Sunder","Glacier","Turbo","Dexterity Potion","Chemical X","Oddly Smooth Stone","Multi-Cast","All For One","Flash of Steel","Eternal Feather","Reinforced Body","OrangePellets","SkillPotion","Recycle"],"campfire_rested":2,"item_purchase_floors":[2,3,14,20,31,31,31,37,37,37,45,45,45,54,54,54,54],"current_hp_per_floor":[64,64,64,64,64,64,64,49,49,49,49,49,47,47,47,47,65,64,64,64,64,62,62,54,34,34,7,29,17,17,17,39,29,64,63,63,63,63,49,49,43,43,43,53,53,41,26,26,50,26,38,74,86,86,86,81],"gold":32,"neow_bonus":"THREE_ENEMY_KILL","is_daily":false,"chose_seed":false,"campfire_upgraded":7,"win_rate":0.0,"timestamp":1612475977,"path_taken":["M","?","$","?","$","E","R","E","T","R","?","M","?","?","R","BOSS","M","?","?","?","M","R","E","?","T","E","R","M","?","$","R","BOSS","M","?","$","M","?","R","M","R","T","?","$","E","?","E","R","BOSS","BOSS","R","$","E","BOSS"],"items_purchased_type":["Card","Card","Card","Card","Card","Card","Potion","Relic","Relic","Card","Card","Card","Relic","Card","Relic","Potion","Card"],"build_version":"2020-12-22","purchased_purges":2,"victory":true,"max_hp_per_floor":[71,71,71,71,71,71,71,71,71,71,71,71,71,71,71,71,71,71,71,71,71,71,71,71,76,76,76,76,76,76,76,76,76,76,76,76,76,76,76,76,76,76,76,86,86,86,86,86,86,86,86,86,86,86,86,86],"relic_stats":{"OrangePellets":[3],"Dream Catcher":1,"Happy Flower":[59],"counters":[23,189],"Gambling Chip":[1],"Pandora\u0027s Box":["Echo Form","Compile Driver","White Noise","Sweeping Beam","Consume","Leap","Hyperbeam","Meteor Strike"],"Eternal Feather":36,"Turnip":[12],"Nloth\u0027s Gift":1,"Chemical X":[10],"obtain_stats":[{"Potion Belt":24,"NeowsBlessing":0,"Happy Flower":8,"SacredBark":34,"Oddly Smooth Stone":37,"Eternal Feather":45,"The Courier":9,"Incense Burner":26,"Ancient Tea Set":6,"Akabeko":27,"OrangePellets":54,"Dream Catcher":30,"Gambling Chip":55,"Pandora\u0027s Box":17,"Turnip":46,"Nloth\u0027s Gift":19,"Chemical X":37,"Cracked Core":0,"Meat on the Bone":48},{"Potion Belt":10,"NeowsBlessing":0,"Happy Flower":4,"SacredBark":13,"Oddly Smooth Stone":14,"Eternal Feather":16,"The Courier":4,"Incense Burner":10,"Ancient Tea Set":3,"Akabeko":11,"OrangePellets":21,"Dream Catcher":12,"Gambling Chip":22,"Pandora\u0027s Box":7,"Turnip":17,"Nloth\u0027s Gift":8,"Chemical X":14,"Cracked Core":0,"Meat on the Bone":19},{"Potion Belt":36,"NeowsBlessing":0,"Happy Flower":10,"SacredBark":57,"Oddly Smooth Stone":61,"Eternal Feather":74,"The Courier":10,"Incense Burner":36,"Ancient Tea Set":3,"Akabeko":42,"OrangePellets":178,"Dream Catcher":48,"Gambling Chip":184,"Pandora\u0027s Box":23,"Turnip":94,"Nloth\u0027s Gift":27,"Chemical X":61,"Cracked Core":0,"Meat on the Bone":125}],"Meat on the Bone":24},"card_choices":[{"not_picked":["White Noise","Scrape"],"picked":"Beam Cell","floor":1},{"not_picked":["Conserve Battery","Consume"],"picked":"Go for the Eyes","floor":4},{"not_picked":["Genetic Algorithm","Stack"],"picked":"Hologram","floor":6},{"not_picked":["Static Discharge","Hologram"],"picked":"Coolheaded","floor":8},{"not_picked":["Reprogram","Turbo"],"picked":"Tempest","floor":12},{"not_picked":["Conserve Battery","Recycle"],"picked":"Cold Snap","floor":13},{"not_picked":["Creative AI","Fission"],"picked":"Seek","floor":16},{"not_picked":["Barrage","Hologram"],"picked":"Compile Driver","floor":18},{"not_picked":["Go for the Eyes","Streamline+1"],"picked":"Auto Shields+1","floor":22},{"not_picked":["Leap","Thunder Strike"],"picked":"Stack+1","floor":24},{"not_picked":["Loop","Meteor Strike"],"picked":"Undo+1","floor":27},{"not_picked":["Leap","Rebound"],"picked":"Hologram+1","floor":29},{"not_picked":["Electrodynamics","Fission"],"picked":"Creative AI","floor":33},{"not_picked":["Cold Snap","Steam"],"picked":"Recycle","floor":35},{"not_picked":["Hologram","Compile Driver"],"picked":"Glacier","floor":38},{"not_picked":["Chaos+1","Recycle"],"picked":"Go for the Eyes","floor":41},{"not_picked":["Doom and Gloom","Turbo+1"],"picked":"Go for the Eyes+1","floor":46},{"not_picked":["Redo","Steam","Go for the Eyes+1"],"picked":"SKIP","floor":47},{"not_picked":["Tempest","Steam Power"],"picked":"All For One","floor":48},{"not_picked":["Leap+1","Rainbow","Gash+1"],"picked":"SKIP","floor":55}],"player_experience":8437444,"relics_obtained":[{"floor":6,"key":"Ancient Tea Set"},{"floor":8,"key":"Happy Flower"},{"floor":9,"key":"The Courier"},{"floor":24,"key":"Potion Belt"},{"floor":26,"key":"Incense Burner"},{"floor":27,"key":"Akabeko"},{"floor":30,"key":"Dream Catcher"},{"floor":46,"key":"Turnip"},{"floor":48,"key":"Meat on the Bone"},{"floor":55,"key":"Gambling Chip"}],"event_choices":[{"damage_healed":0,"gold_gain":0,"player_choice":"Bought 2 Potions","damage_taken":0,"max_hp_gain":0,"max_hp_loss":0,"event_name":"The Woman in Blue","floor":11,"gold_loss":0},{"damage_healed":0,"gold_gain":0,"player_choice":"Traded Relic","damage_taken":0,"relics_obtained":["Nloth\u0027s Gift"],"max_hp_gain":0,"max_hp_loss":0,"event_name":"N\u0027loth","floor":19,"relics_lost":["NeowsBlessing"],"gold_loss":0},{"damage_healed":0,"gold_gain":0,"player_choice":"Read","damage_taken":0,"max_hp_gain":0,"max_hp_loss":0,"event_name":"The Library","floor":21,"gold_loss":0,"cards_obtained":["BootSequence"]},{"damage_healed":0,"gold_gain":0,"player_choice":"Shed Blood","damage_taken":25,"max_hp_gain":5,"max_hp_loss":0,"event_name":"Forgotten Altar","floor":25,"gold_loss":0},{"damage_healed":0,"gold_gain":999,"player_choice":"Gold","damage_taken":0,"max_hp_gain":0,"max_hp_loss":0,"event_name":"MindBloom","floor":36,"gold_loss":0,"cards_obtained":["Normality","Normality"]},{"damage_healed":0,"gold_gain":0,"player_choice":"Embrace Madness","damage_taken":14,"max_hp_gain":0,"max_hp_loss":0,"event_name":"Winding Halls","floor":39,"gold_loss":0,"cards_obtained":["Madness","Madness"]},{"damage_healed":0,"gold_gain":0,"player_choice":"Got Potions","damage_taken":0,"max_hp_gain":0,"max_hp_loss":0,"event_name":"Lab","floor":44,"gold_loss":0}],"is_beta":false,"boss_relics":[{"not_picked":["Runic Pyramid","Tiny House"],"picked":"Pandora\u0027s Box"},{"not_picked":["Black Star","Empty Cage"],"picked":"SacredBark"}],"items_purged_floors":[37,45],"is_endless":false,"potions_floor_spawned":[1,6,16,22,29,33,35,38,47],"ascension_level":20}}