{"host":"vqgrg90fv56geajp","time":1612455709,"event":{"mods":["BaseMod","Colored Map","Colored Powertips","Minty Spire (QoL Compilation)","Quick Restart","Rare Cards Sparkle","Relic Stats"],"gold_per_floor":[368,380,34,109,109,109,140,140,140,140,140],"floor_reached":10,"language":"ENG","playtime":464,"items_purged":[],"score":128,"play_id":"676419b9-7448-486b-9b76-a108561edf01","local_time":"20210204182149","is_ascension_mode":true,"campfire_choices":[{"data":"Infinite Blades","floor":6,"key":"SMITH"},{"floor":8,"key":"REST"}],"circlet_count":0,"master_deck":["AscendersBane","Strike_G","Strike_G","Strike_G","Strike_G","Defend_G","Defend_G","Defend_G","Defend_G","Defend_G","Survivor","Neutralize","Footwork","Infinite Blades+1","Bane","Noxious Fumes","Burst"],"relics":["Ring of the Snake","Pen Nib","Girya","Sundial"],"acts_visited":["Exordium"],"potions_floor_usage":[7,7],"damage_taken":[{"damage":2,"enemies":"Cultist","floor":1,"turns":5},{"damage":2,"enemies":"Jaw Worm","floor":2,"turns":8},{"damage":29,"enemies":"Gremlin Nob","floor":7,"turns":4},{"damage":25,"enemies":"3 Sentries","floor":10,"turns":8}],"seed_played":"-1130755463459129173","potions_obtained":[{"floor":2,"key":"Strength Potion"}],"is_trial":false,"path_per_floor":["M","M","$","?","?","R","E","R","T","E"],"character_chosen":"THE_SILENT","items_purchased":["Regen Potion","Bane","Noxious Fumes","Pen Nib"],"campfire_rested":1,"item_purchase_floors":[3,3,3,3],"current_hp_per_floor":[42,40,40,29,22,22,5,24,24,0,0],"gold":140,"neow_bonus":"TWO_FIFTY_GOLD","is_daily":false,"chose_seed":false,"campfire_upgraded":1,"win_rate":0.0,"timestamp":1612455709,"path_taken":["M","M","$","?","?","R","E","R","T","E"],"items_purchased_type":["Potion","Card","Card","Relic"],"build_version":"2020-12-22","purchased_purges":0,"victory":false,"max_hp_per_floor":[66,66,66,66,66,66,66,66,66,66,66],"relic_stats":{"counters":[4,25],"Sundial":[0],"Pen Nib":[2],"obtain_stats":[{"Girya":7,"Sundial":9,"Pen Nib":3,"Ring of the Snake":0},{"Girya":3,"Sundial":3,"Pen Nib":2,"Ring of the Snake":0},{"Girya":17,"Sundial":17,"Pen Nib":13,"Ring of the Snake":0}],"Ring of the Snake":[8]},"card_choices":[{"not_picked":["Blade Dance","Backflip"],"picked":"Footwork","floor":1},{"not_picked":["Acrobatics","Blur"],"picked":"Infinite Blades","floor":2},{"not_picked":["Sucker Punch","Blur"],"picked":"Burst","floor":7}],"player_experience":2552651,"relics_obtained":[{"floor":7,"key":"Girya"},{"floor":9,"key":"Sundial"}],"event_choices":[{"damage_healed":0,"gold_gain":75,"player_choice":"Gather Gold","damage_taken":11,"max_hp_gain":0,"max_hp_loss":0,"event_name":"World of Goop","floor":4,"gold_loss":0},{"cards_removed":["Strike_G"],"damage_healed":0,"gold_gain":0,"player_choice":"Card Removal","damage_taken":7,"max_hp_gain":0,"max_hp_loss":0,"event_name":"Golden Wing","floor":5,"gold_loss":0}],"is_beta":false,"boss_relics":[],"items_purged_floors":[],"is_endless":false,"potions_floor_spawned":[2],"killed_by":"3 Sentries","ascension_level":20}}