{"host":"c6xy0a74zz7y4nf6","time":1612417208,"event":{"mods":["BaseMod","Colored Map","Downfall","Hermit","Minty Spire (QoL Compilation)","Spire Arcade","StSLib","The Servant 0.9.4"],"gold_per_floor":[209,226,226,245,23,23,40,58,58,76,108,128,139,156,156,260,260,280,280,78,78,177,177,98,125,125,125,125,159,159,170,170,271,271,287,1286,1298,554,571,571,571],"floor_reached":40,"language":"ENG","playtime":1966,"items_purged":["hermit:Strike_Hermit","hermit:Strike_Hermit","Normality"],"score":453,"play_id":"00aaf748-99bd-400f-a365-77dba52646ab","local_time":"20210203234008","is_ascension_mode":false,"campfire_choices":[{"data":"hermit:Determination","floor":6,"key":"SMITH"},{"floor":15,"key":"REST"},{"data":"hermit:Dive","floor":23,"key":"SMITH"},{"floor":27,"key":"REST"},{"floor":30,"key":"REST"},{"data":"hermit:ShadowCloak","floor":32,"key":"SMITH"}],"circlet_count":0,"master_deck":["hermit:Strike_Hermit","hermit:Strike_Hermit","hermit:Defend_Hermit","hermit:Defend_Hermit","hermit:Defend_Hermit","hermit:Defend_Hermit","hermit:Snapshot","hermit:Covet","hermit:TrackingShot","hermit:HighCaliber","hermit:Determination+1","hermit:Gestalt","hermit:Snipe","hermit:HoleUp","hermit:Deadeye+1","hermit:Coalescence","hermit:Headshot+1","hermit:Brawl","CurseOfTheBell","hermit:Dive+1","hermit:Desperado+1","hermit:Gestalt+1","Necronomicurse","hermit:ShadowCloak+1","hermit:Roulette+1","hermit:Dissolve","hermit:SprayPray+1","Normality","hermit:ShadowCloak+1","hermit:Determination","hermit:Coalescence+1"],"relics":["hermit:Momento","Matryoshka","Juzu Bracelet","Molten Egg 2","Bag of Marbles","Calling Bell","Oddly Smooth Stone","Eternal Feather","FossilizedHelix","MutagenicStrength","Lantern","Pen Nib","Smiling Mask","Kunai","Necronomicon","InkBottle","Fusion Hammer","Chemical X","Happy Flower","hermit:Horseshoe"],"acts_visited":["Exordium","TheCity","TheBeyond"],"potions_floor_usage":[10,11,11,11,16,16,25,29,39,39],"damage_taken":[{"damage":11,"enemies":"Jaw Worm","floor":1,"turns":3},{"damage":5,"enemies":"Small Slimes","floor":2,"turns":4},{"damage":6,"enemies":"2 Louse","floor":4,"turns":2},{"damage":6,"enemies":"Looter","floor":7,"turns":3},{"damage":15,"enemies":"Exordium Wildlife","floor":8,"turns":3},{"damage":1,"enemies":"Lots of Slimes","floor":10,"turns":4},{"damage":6,"enemies":"3 Sentries","floor":11,"turns":9},{"damage":1,"enemies":"Large Slime","floor":12,"turns":5},{"damage":2,"enemies":"Looter","floor":13,"turns":2},{"damage":1,"enemies":"2 Fungi Beasts","floor":14,"turns":3},{"damage":1,"enemies":"Slime Boss","floor":16,"turns":7},{"damage":1,"enemies":"3 Byrds","floor":18,"turns":7},{"damage":53,"enemies":"Slavers","floor":25,"turns":8},{"damage":46,"enemies":"Book of Stabbing","floor":29,"turns":6},{"damage":2,"enemies":"Spheric Guardian","floor":31,"turns":5},{"damage":12,"enemies":"Automaton","floor":33,"turns":10},{"damage":3,"enemies":"3 Darklings","floor":35,"turns":6},{"damage":26,"enemies":"3 Shapes","floor":37,"turns":4},{"damage":0,"enemies":"Transient","floor":39,"turns":5},{"damage":49,"enemies":"Reptomancer","floor":40,"turns":2}],"seed_played":"5308723429974327219","potions_obtained":[{"floor":2,"key":"EssenceOfSteel"},{"floor":8,"key":"EntropicBrew"},{"floor":10,"key":"hermit:BlackBile"},{"floor":13,"key":"Dexterity Potion"},{"floor":16,"key":"SpeedPotion"},{"floor":25,"key":"LiquidBronze"},{"floor":39,"key":"Swift Potion"}],"is_trial":false,"path_per_floor":["M","M","?","M","$","R","M","M","T","M","E","M","M","M","R","B",null,"M","?","$","?","?","R","?","E","T","R","?","E","R","M","R","B",null,"M","?","M","$","M","E"],"character_chosen":"HERMIT","items_purchased":["hermit:Determination","hermit:Gestalt","hermit:Desperado+1","hermit:Tonic","hermit:Determination","SteroidPotion","Chemical X","Happy Flower","hermit:Horseshoe"],"campfire_rested":3,"item_purchase_floors":[5,5,20,20,38,38,38,38,38],"current_hp_per_floor":[64,59,56,50,50,50,44,29,29,28,22,21,19,18,40,39,75,74,74,74,74,74,75,75,22,22,56,40,16,50,48,63,51,75,72,72,46,46,46,0,0],"gold":571,"neow_bonus":"HUNDRED_GOLD","is_daily":false,"chose_seed":false,"campfire_upgraded":3,"win_rate":0.0,"timestamp":1612417208,"path_taken":["M","M","?","M","$","R","M","M","T","M","E","M","M","M","R","BOSS","M","?","$","?","?","R","?","E","T","R","?","E","R","M","R","BOSS","M","?","M","$","M","E"],"items_purchased_type":["Card","Card","Card","Potion","Card","Potion","Relic","Relic","Relic"],"build_version":"2020-12-22","purchased_purges":3,"victory":false,"max_hp_per_floor":[75,75,75,75,75,75,75,75,75,75,75,75,75,75,75,75,75,75,75,75,75,75,75,75,75,75,75,75,75,75,75,75,75,75,75,75,75,75,75,75,75],"card_choices":[{"not_picked":["hermit:Dive","hermit:Vantage"],"picked":"hermit:TrackingShot","floor":1},{"not_picked":["hermit:Feint","hermit:ItchyTrigger"],"picked":"hermit:HighCaliber","floor":2},{"not_picked":["hermit:OverwhelmingPower","hermit:Combo","hermit:Ricochet"],"picked":"SKIP","floor":4},{"not_picked":["hermit:Vantage","hermit:CalledShot"],"picked":"hermit:Snipe","floor":7},{"not_picked":["hermit:Ricochet","hermit:Dive"],"picked":"hermit:HoleUp","floor":8},{"not_picked":["hermit:Dive","hermit:DeadMansHand"],"picked":"hermit:Deadeye+1","floor":10},{"not_picked":["hermit:CursedWeapon+1","hermit:Cheat"],"picked":"hermit:Coalescence","floor":11},{"not_picked":["hermit:Roughhouse+1","hermit:LuckOfTheDraw","hermit:Enervate+1"],"picked":"SKIP","floor":12},{"not_picked":["hermit:Manifest","hermit:Glare"],"picked":"hermit:Headshot+1","floor":13},{"not_picked":["hermit:Quickdraw+1","hermit:Coalescence"],"picked":"hermit:Brawl","floor":14},{"not_picked":["hermit:Scavenge","hermit:Shortfuse+1"],"picked":"hermit:Dive","floor":18},{"not_picked":["hermit:LuckOfTheDraw","hermit:Manifest"],"picked":"hermit:Gestalt+1","floor":25},{"not_picked":["hermit:Midnight","hermit:BodyArmor+1"],"picked":"hermit:ShadowCloak","floor":29},{"not_picked":["hermit:GoldenBullet+1","hermit:Headshot+1"],"picked":"hermit:Roulette+1","floor":31},{"not_picked":["hermit:DeadOrAlive+1","hermit:Reprieve"],"picked":"hermit:Dissolve","floor":33},{"not_picked":["hermit:Midnight","hermit:Glare"],"picked":"hermit:SprayPray+1","floor":35},{"not_picked":["hermit:PistolWhip+1","hermit:Quickdraw+1"],"picked":"hermit:ShadowCloak+1","floor":37},{"not_picked":["hermit:EyeOfTheStorm+1","hermit:Vantage"],"picked":"hermit:Coalescence+1","floor":39}],"player_experience":96414,"relics_obtained":[{"floor":9,"key":"Juzu Bracelet"},{"floor":9,"key":"Molten Egg 2"},{"floor":11,"key":"Bag of Marbles"},{"floor":17,"key":"Oddly Smooth Stone"},{"floor":17,"key":"Eternal Feather"},{"floor":17,"key":"FossilizedHelix"},{"floor":25,"key":"Pen Nib"},{"floor":26,"key":"Smiling Mask"},{"floor":26,"key":"Kunai"},{"floor":28,"key":"Necronomicon"},{"floor":29,"key":"InkBottle"}],"event_choices":[{"damage_healed":0,"gold_gain":0,"player_choice":"Success","damage_taken":3,"relics_obtained":["Matryoshka"],"max_hp_gain":0,"max_hp_loss":0,"event_name":"Scrap Ooze","floor":3,"gold_loss":0},{"damage_healed":0,"gold_gain":0,"player_choice":"Inject Mutagens","damage_taken":0,"relics_obtained":["MutagenicStrength"],"max_hp_gain":0,"max_hp_loss":0,"event_name":"Drug Dealer","floor":19,"gold_loss":0},{"damage_healed":0,"gold_gain":99,"player_choice":"Stole From Cult","damage_taken":0,"max_hp_gain":0,"max_hp_loss":0,"event_name":"Nest","floor":22,"gold_loss":0},{"damage_healed":0,"gold_gain":0,"player_choice":"Paid Gold","damage_taken":0,"relics_obtained":["Lantern"],"max_hp_gain":0,"max_hp_loss":0,"event_name":"WeMeetAgain","floor":24,"gold_loss":79},{"damage_healed":0,"gold_gain":0,"player_choice":"Obtained Book","damage_taken":16,"max_hp_gain":0,"max_hp_loss":0,"event_name":"Cursed Tome","floor":28,"gold_loss":0},{"damage_healed":0,"gold_gain":999,"player_choice":"Gold","damage_taken":0,"max_hp_gain":0,"max_hp_loss":0,"event_name":"MindBloom","floor":36,"gold_loss":0,"cards_obtained":["Normality","Normality"]}],"is_beta":false,"boss_relics":[{"not_picked":["Sozu","Tiny House"],"picked":"Calling Bell"},{"not_picked":["Velvet Choker","Astrolabe"],"picked":"Fusion Hammer"}],"items_purged_floors":[5,20,38],"is_endless":false,"potions_floor_spawned":[2,8,10,13,16,25,39],"killed_by":"Reptomancer","ascension_level":0}}