{"host":"1v3mnj67s3trvm6y","time":1612408127,"event":{"mods":["BaseMod","Challenge The Spire","Downfall","Minty Spire (QoL Compilation)","StSLib"],"gold_per_floor":[0,20,30,50,67,67,91,91,91,109,142,142,42,59,69,165,165,65,81,81,81,101,114,114,131,131,151,61,72,104,124,137,238,238,138,152,1151,1151,1165,1165,1165,659,687,704,736,941,961,972,982,982,982,1008,451,451,451,451],"floor_reached":57,"language":"ENG","playtime":10484,"items_purged":["downfall:Aged","Normality","downfall:Bewildered"],"score":1342,"play_id":"dbef0f54-152e-48ca-a15e-cba7a45f2115","local_time":"20210204120847","is_ascension_mode":false,"campfire_choices":[{"data":"champ:Taunt","floor":1,"key":"SMITH"},{"floor":6,"key":"RECALL"},{"data":"champ:StanceDance","floor":9,"key":"SMITH"},{"data":"champ:ShieldWall","floor":13,"key":"SMITH"},{"data":"champ:RecklessLeap","floor":18,"key":"SMITH"},{"data":"champ:Backstep","floor":26,"key":"SMITH"},{"data":"champ:SteelEdge","floor":35,"key":"SMITH"},{"data":"champ:SwordThrow","floor":40,"key":"SMITH"},{"data":"champ:GladiatorForm","floor":54,"key":"SMITH"}],"circlet_count":0,"master_deck":["champ:Defend","champ:Defend","champ:Defend","champ:Execute","champ:Taunt+1","champ:PreciseThrust","champ:CrookedStrike","champ:StanceDance+1","champ:RisingSlash","champ:RecklessLeap+1","champ:ShieldWall+1","champ:DeathBlow","champ:AdrenalArmor","champ:SteelEdge+1","champ:Endure","champ:Backstep+1","champ:FlashCut","champ:ShieldThrow","champ:CalledShot","champ:Backstep+1","champ:ArenaPreparation","champ:HoldFirm","champ:Duel+1","champ:SwordThrow+1","champ:RisingSlash+1","Clumsy","champ:Haymaker+1","champ:IgnorePain","champ:ShieldWall","champ:Parry+1","champ:FocusedDefense","champ:EndlessRage+1","champ:MurderStrike","champ:StanceDance+1","champ:GladiatorForm+1"],"relics":["champ:ChampionCrown","champ:LiftRelic","Happy Flower","downfall:HeartBlessingBlue","Cursed Key","downfall:HeartBlessingRed","Question Card","Bottled Lightning","Empty Cage","downfall:HeartBlessingGreen","Bottled Flame","Ornamental Fan","InkBottle","Art of War","Toy Ornithopter","Lee\u0027s Waffle","Nunchaku"],"acts_visited":["Exordium","TheCity","TheBeyond","TheEnding"],"potions_floor_usage":[23,43,43,47],"damage_taken":[{"damage":20,"enemies":"Cultist","floor":2,"turns":3},{"damage":10,"enemies":"2 Louse","floor":3,"turns":4},{"damage":10,"enemies":"Jaw Worm","floor":4,"turns":5},{"damage":2,"enemies":"2 Fungi Beasts","floor":5,"turns":3},{"damage":0,"enemies":"Lots of Slimes","floor":10,"turns":3},{"damage":35,"enemies":"3 Sentries","floor":11,"turns":7},{"damage":21,"enemies":"Exordium Thugs","floor":14,"turns":2},{"damage":26,"enemies":"Gremlin Gang","floor":15,"turns":4},{"damage":90,"enemies":"DF_ARCHETYPE_STREAMLINE","floor":16,"turns":9},{"damage":15,"enemies":"Spheric Guardian","floor":19,"turns":2},{"damage":31,"enemies":"Shelled Parasite and Fungi","floor":22,"turns":4},{"damage":36,"enemies":"Snake Plant","floor":23,"turns":4},{"damage":20,"enemies":"3 Cultists","floor":25,"turns":5},{"damage":30,"enemies":"Cultist and Chosen","floor":27,"turns":6},{"damage":40,"enemies":"downfall:FleeingMerchant","floor":28,"turns":4},{"damage":20,"enemies":"Snecko","floor":29,"turns":2},{"damage":40,"enemies":"Gremlin Leader","floor":30,"turns":4},{"damage":64,"enemies":"Shelled Parasite and Fungi","floor":31,"turns":4},{"damage":20,"enemies":"Sentry and Sphere","floor":32,"turns":3},{"damage":72,"enemies":"IC_MUSHROOM_ARCHETYPE","floor":33,"turns":6},{"damage":15,"enemies":"3 Darklings","floor":36,"turns":5},{"damage":10,"enemies":"Orb Walker","floor":39,"turns":3},{"damage":30,"enemies":"downfall:FleeingMerchant","floor":42,"turns":4},{"damage":60,"enemies":"Giant Head","floor":43,"turns":6},{"damage":47,"enemies":"Writhing Mass","floor":44,"turns":4},{"damage":45,"enemies":"Reptomancer","floor":45,"turns":6},{"damage":5,"enemies":"downfall:FleeingMerchant","floor":46,"turns":1},{"damage":40,"enemies":"Sphere and 2 Shapes","floor":47,"turns":5},{"damage":69,"enemies":"Maw","floor":48,"turns":6},{"damage":51,"enemies":"4 Shapes","floor":49,"turns":4},{"damage":96,"enemies":"WA_ARCHETYPE_DIVINITY","floor":50,"turns":11},{"damage":120,"enemies":"downfall:CharBossMerchant","floor":52,"turns":10},{"damage":132,"enemies":"downfall:NeowBoss","floor":55,"turns":17},{"damage":164,"enemies":"downfall:NeowBossFinal","floor":56,"turns":15}],"seed_played":"5479618719879766988","potions_obtained":[{"floor":3,"key":"LiquidMemories"},{"floor":4,"key":"BlessingOfTheForge"},{"floor":11,"key":"AttackPotion"},{"floor":25,"key":"sneckomod:MuddlingPotion"},{"floor":33,"key":"Fire Potion"},{"floor":44,"key":"GamblersBrew"},{"floor":47,"key":"Fruit Juice"}],"is_trial":false,"path_per_floor":["R","M","M","M","M","R","T","?","R","M","E","?","R","M","M","B",null,"R","M","?","?","M","M","T","M","R","M","$","M","E","M","M","B",null,"R","M","?","?","M","R","T","$","E","M","E","$","M","M","M","B",null,"E","$","R","B","B",null],"character_chosen":"THE_CHAMP","items_purchased":["Ornamental Fan","champ:IgnorePain","champ:ShieldWall","Lee\u0027s Waffle","Nunchaku","champ:GladiatorForm","FairyPotion"],"campfire_rested":0,"item_purchase_floors":[42,42,42,53,53,53,53],"current_hp_per_floor":[90,90,90,85,83,83,83,83,83,83,78,78,88,82,76,56,100,100,100,100,100,94,88,88,88,88,88,88,88,88,74,74,62,100,100,100,100,100,100,100,100,100,100,93,93,93,98,84,78,57,105,28,112,112,105,53],"gold":451,"neow_bonus":"REMOVE_TWO","is_daily":false,"chose_seed":false,"campfire_upgraded":8,"win_rate":0.0,"timestamp":1612408127,"path_taken":["R","?","M","M","M","R","T","?","R","M","E","?","R","M","M","BOSS","R","M","?","?","?","M","T","M","R","M","$","M","E","M","M","BOSS","R","M","?","?","M","R","T","$","E","?","E","$","?","M","M","BOSS","E","$","R","BOSS","BOSS"],"items_purchased_type":["Relic","Card","Card","Relic","Relic","Card","Potion"],"build_version":"2020-12-22","purchased_purges":3,"victory":true,"max_hp_per_floor":[90,90,90,90,90,90,90,90,90,90,90,90,100,100,100,100,100,100,100,100,100,100,100,100,100,100,100,100,100,100,100,100,100,100,100,100,100,100,100,100,100,100,100,100,100,100,105,105,105,105,105,105,112,112,112,112],"card_choices":[{"not_picked":["champ:FocusedDefense","champ:GutPunch"],"picked":"champ:PreciseThrust","floor":2},{"not_picked":["champ:DeathBlow","champ:DefensiveShout"],"picked":"champ:CrookedStrike","floor":3},{"not_picked":["champ:TornadoPunch","champ:BerserkersShout"],"picked":"champ:StanceDance","floor":4},{"not_picked":["champ:SkillfulDodge","champ:GutPunch"],"picked":"champ:RisingSlash","floor":5},{"not_picked":["champ:BerserkersShout","champ:CrownThrow"],"picked":"champ:RecklessLeap","floor":10},{"not_picked":["champ:FlashCut","champ:Haymaker"],"picked":"champ:ShieldWall","floor":11},{"not_picked":["champ:PerfectedStrike","champ:BerserkersShout"],"picked":"champ:DeathBlow","floor":14},{"not_picked":["champ:BringItOn","champ:PerfectedStrike"],"picked":"champ:AdrenalArmor","floor":15},{"not_picked":["champ:StrikeOfGenius","champ:IgnorePain"],"picked":"champ:SteelEdge","floor":16},{"not_picked":["champ:BerserkersShout","champ:RecklessLeap"],"picked":"champ:Endure","floor":19},{"not_picked":["champ:GladiatorStyle","champ:AdrenalArmor"],"picked":"champ:Backstep","floor":22},{"not_picked":["champ:PreciseThrust","champ:BerserkersShout"],"picked":"champ:FlashCut","floor":23},{"not_picked":["champ:FanOfKnives+1","champ:ShieldSlam","champ:SkillfulDodge"],"picked":"champ:ShieldThrow","floor":25},{"not_picked":["champ:RecklessLeap","champ:BringItOn","champ:PreciseThrust","champ:CrookedStrike"],"picked":"SKIP","floor":27},{"not_picked":["champ:Backstep","champ:Lariat","champ:BerserkersShout"],"picked":"champ:CalledShot","floor":28},{"not_picked":["champ:EnragedBash","champ:BringItOn","champ:PerfectedStrike"],"picked":"champ:Backstep+1","floor":29},{"not_picked":["champ:BringItOn","champ:RecklessLeap","champ:EnGarde"],"picked":"champ:ArenaPreparation","floor":30},{"not_picked":["champ:FalseCounter","champ:Circumvent","champ:AdrenalArmor+1"],"picked":"champ:HoldFirm","floor":31},{"not_picked":["champ:FanOfKnives","champ:FalseCounter","champ:RapidStrikes"],"picked":"champ:Duel+1","floor":32},{"not_picked":["champ:SteelEdge","champ:HoldFirm","champ:TripleStrike"],"picked":"champ:SwordThrow","floor":33},{"not_picked":["champ:BladeFlurry","champ:EnGarde+1","champ:PreciseThrust+1"],"picked":"champ:RisingSlash+1","floor":36},{"not_picked":["champ:BladeFlurry","champ:FalseCounter","champ:CrownThrow+1","champ:FlashCut+1"],"picked":"SKIP","floor":39},{"not_picked":["champ:GutPunch","champ:SwordThrow","champ:TornadoPunch"],"picked":"champ:Haymaker+1","floor":42},{"not_picked":["champ:PerfectedStrike+1","champ:EnragedBash","champ:CrookedStrike+1"],"picked":"champ:Parry+1","floor":43},{"not_picked":["champ:CrownThrow+1","champ:Backstep","champ:DeathBlow+1","champ:FlashCut+1"],"picked":"SKIP","floor":44},{"not_picked":["champ:EnGarde","champ:RecklessLeap+1","champ:CrookedStrike"],"picked":"champ:FocusedDefense","floor":45},{"not_picked":["champ:FanOfKnives","champ:HeavySlash","champ:BerserkersShout"],"picked":"champ:EndlessRage+1","floor":46},{"not_picked":["champ:DefensiveShout+1","champ:FalseCounter+1","champ:SetATrap","champ:BerserkersShout"],"picked":"SKIP","floor":47},{"not_picked":["champ:FocusedBerserking+1","champ:BringItOn+1","champ:CrownThrow+1"],"picked":"champ:MurderStrike","floor":48},{"not_picked":["champ:Parry+1","champ:DefensiveShout","champ:PerfectedStrike+1","champ:Backstep"],"picked":"SKIP","floor":49},{"not_picked":["champ:Shatter","champ:CrookedStrike+1","champ:HeavySlash"],"picked":"champ:StanceDance+1","floor":52}],"player_experience":1635753,"relics_obtained":[{"floor":11,"key":"Happy Flower"},{"floor":24,"key":"Question Card"},{"floor":30,"key":"Bottled Lightning"},{"floor":41,"key":"Bottled Flame"},{"floor":43,"key":"InkBottle"},{"floor":45,"key":"Art of War"},{"floor":52,"key":"Toy Ornithopter"}],"event_choices":[{"damage_healed":0,"gold_gain":0,"player_choice":"Ignored","damage_taken":0,"max_hp_gain":0,"max_hp_loss":0,"event_name":"Vampires","floor":20,"gold_loss":0}],"is_beta":false,"boss_relics":[{"not_picked":["Velvet Choker","Fusion Hammer"],"picked":"Cursed Key"},{"not_picked":["Sozu","Philosopher\u0027s Stone"],"picked":"Empty Cage"}],"items_purged_floors":[28,42,46],"is_endless":false,"potions_floor_spawned":[3,4,11,14,25,27,30,33,39,44,47],"ascension_level":0}}