{"host":"adt9pv9dmmkchns7","time":1612463932,"event":{"mods":["AchievementEnabler","BaseMod","Beaked The Cultist","Better Third Choice","Downfall","Energized Spire","Infinite Spire","Minty Spire (QoL Compilation)","Permanent Neow","Potionbrewer","Replay The Spire","Robot Space Explorer","Shade Mod","Spicy Shops","StSLib","The Blackbeard","The Cursed","The Forsaken","The Gatherer","The Necromancer","Wandering Minibosses"],"gold_per_floor":[117,135,135,147,161,194,211,237,237,268,268,286,286,18,18,121,121,135,135,155,175,193,222,222,255,255,255,272,272,322,343,343,476,476,511,511,546,582,620,620,654,700,700,772,814,845,908,946,946,958,958,958,281,342,358,358],"floor_reached":55,"language":"ENG","playtime":6740,"items_purged":["Amnesia"],"score":1062,"play_id":"66365ffb-1c42-4ea4-a404-685da518ea43","local_time":"20210204193852","is_ascension_mode":true,"campfire_choices":[{"floor":15,"key":"RECALL"},{"data":"Barricade","floor":24,"key":"SMITH"},{"data":"infinitespire:SevenWalls","floor":27,"key":"SMITH"},{"data":"Uppercut","floor":32,"key":"SMITH"},{"data":"Bash","floor":40,"key":"SMITH"},{"floor":49,"key":"REST"},{"data":"Juggernaut","floor":52,"key":"SMITH"}],"circlet_count":0,"master_deck":["Strike_R","Strike_R","Strike_R","Strike_R","Strike_R","Defend_R","Defend_R","Defend_R","Bash+1","Negative_Energy_Arrows","Defend_B","Poisoned Strike","Uppercut+1","Replay:Undeath\u0027s Touch","Sword Boomerang","Shrug It Off","infinitespire:OneForAll","Juggernaut+1","Perfected Strike","Dropkick","ReplayTheSpireMod:Stacked","Inflame","Barricade+1","Flame Barrier","infinitespire:SevenWalls+1","Intimidate","ReplayTheSpireMod:Corrosion Curse+1","Havoc+1","Shame","Iron Wave+1","Rage","Corruption","Wild Strike","Havoc+1","Whirlwind","Carnage+1","True Grit+1","ReplayTheSpireMod:Splinters","True Grit+1","Demonic Infusion","Run Through+1","Shockwave+1","Twin Strike+1"],"relics":["Burning Blood","TungstenRod","MealTicket","Turnip","Pear","Ring of Peace","ReplayTheSpireMod:Ring of Exchange","Brimstone","energizedSpire:MagnifyingGlass","Strange Spoon","Busted Crown","Replay:Ringing Soul","theForsaken:Lifeblossom","Replay:Bandana","Juzu Bracelet","Sozu","Art of War","CeramicFish","Replay:Rubber Ducky","Champion Belt","potionbrewer:ToyAutogyro","Pet Ghost","Snack Pack","ReplayFunnel","Divine Protection"],"acts_visited":["Exordium","TheCity","TheBeyond","TheEnding"],"potions_floor_usage":[6,7,16,18,23,33,41,50,55],"damage_taken":[{"damage":1,"enemies":"Cultist","floor":1,"turns":3},{"damage":4,"enemies":"Small Slimes","floor":2,"turns":3},{"damage":2,"enemies":"Jaw Worm","floor":4,"turns":3},{"damage":9,"enemies":"Blue Slaver","floor":5,"turns":4},{"damage":22,"enemies":"Lagavulin","floor":6,"turns":7},{"damage":2,"enemies":"3 Louse","floor":7,"turns":3},{"damage":33,"enemies":"3 Sentries","floor":8,"turns":9},{"damage":35,"enemies":"Lagavulin","floor":10,"turns":8},{"damage":5,"enemies":"Looter","floor":12,"turns":3},{"damage":11,"enemies":"The Guardian","floor":16,"turns":6},{"damage":30,"enemies":"3 Byrds","floor":18,"turns":5},{"damage":0,"enemies":"Shell Parasite","floor":20,"turns":4},{"damage":0,"enemies":"Chosen and Byrds","floor":21,"turns":5},{"damage":6,"enemies":"Centurion and Healer","floor":22,"turns":6},{"damage":8,"enemies":"Replay:Snechameleon","floor":23,"turns":4},{"damage":19,"enemies":"Slavers","floor":25,"turns":5},{"damage":5,"enemies":"Snake Plant","floor":28,"turns":3},{"damage":42,"enemies":"Book of Stabbing","floor":30,"turns":5},{"damage":0,"enemies":"3 Cultists","floor":31,"turns":5},{"damage":27,"enemies":"Automaton","floor":33,"turns":8},{"damage":48,"enemies":"3 Darklings","floor":35,"turns":7},{"damage":0,"enemies":"3 Shapes","floor":37,"turns":5},{"damage":35,"enemies":"Sphere and 2 Shapes","floor":38,"turns":6},{"damage":0,"enemies":"Transient","floor":39,"turns":5},{"damage":28,"enemies":"Reptomancer","floor":41,"turns":6},{"damage":0,"enemies":"Spire Growth","floor":42,"turns":5},{"damage":18,"enemies":"beaked:SuperParasite","floor":44,"turns":6},{"damage":11,"enemies":"4 Shapes","floor":46,"turns":6},{"damage":48,"enemies":"Nemesis","floor":47,"turns":9},{"damage":0,"enemies":"Maw","floor":48,"turns":7},{"damage":68,"enemies":"infinitespire:MassOfShapes","floor":50,"turns":11},{"damage":51,"enemies":"Shield and Spear","floor":54,"turns":7},{"damage":112,"enemies":"The Heart","floor":55,"turns":6}],"seed_played":"-5485637731779988650","potions_obtained":[{"floor":1,"key":"potionbrewer:BoundlessPotion"},{"floor":2,"key":"Fire Potion"},{"floor":4,"key":"Block Potion"},{"floor":12,"key":"Flashbang"},{"floor":20,"key":"FearPotion"},{"floor":22,"key":"ElixirPotion"},{"floor":25,"key":"potionbrewer:ToxicPotion"},{"floor":31,"key":"Milkshake"},{"floor":33,"key":"SteroidPotion"}],"is_trial":false,"path_per_floor":["M","M","?","M","M","E","M","E","T","E","?","M","?","$","R","B",null,"M","AVR","M","M","M","E","R","E","T","R","M","?","E","M","R","B",null,"M","?","M","M","M","R","E","M","T","E","?","M","E","M","R","B",null,"R","$","E","B"],"character_chosen":"IRONCLAD","items_purchased":["Inflame","Brimstone","Pet Ghost","Snack Pack","ReplayFunnel","Shockwave+1"],"campfire_rested":1,"item_purchase_floors":[14,14,53,53,53,53],"current_hp_per_floor":[80,80,80,80,77,61,65,38,38,19,19,20,20,35,35,30,90,66,66,72,78,78,76,76,66,66,66,72,75,48,63,63,51,105,67,67,82,62,74,74,58,73,73,70,73,77,44,59,98,42,132,132,135,96,0,0],"gold":358,"neow_bonus":"RANDOM_COLORLESS_2","is_daily":false,"chose_seed":false,"campfire_upgraded":5,"win_rate":0.0,"timestamp":1612463932,"path_taken":["M","M","?","M","M","E","M","E","T","E","?","M","?","$","R","BOSS","M","AVR","M","M","M","E","R","E","T","R","M","?","E","M","R","BOSS","M","?","M","M","M","R","E","M","T","E","?","M","E","M","R","BOSS","R","$","E","BOSS"],"items_purchased_type":["Card","Relic","Relic","Relic","Relic","Card"],"build_version":"2020-12-22","purchased_purges":1,"victory":false,"max_hp_per_floor":[80,80,80,80,80,80,80,80,80,90,90,90,90,90,90,90,90,90,90,90,90,90,90,90,93,93,93,93,96,99,102,102,105,105,108,108,111,114,114,114,114,117,117,120,123,126,129,132,132,132,132,132,135,138,138,138],"card_choices":[{"not_picked":["Transmutation","Metamorphosis"],"picked":"Poisoned Strike","floor":0},{"not_picked":["Thunderclap","Blood for Blood"],"picked":"Uppercut","floor":1},{"not_picked":["Clothesline","Twin Strike"],"picked":"Replay:Undeath\u0027s Touch","floor":2},{"not_picked":["Armaments","Wild Strike"],"picked":"Sword Boomerang","floor":4},{"not_picked":["Intimidate","Twin Strike"],"picked":"Shrug It Off","floor":5},{"not_picked":["Intimidate","Defy Death"],"picked":"infinitespire:OneForAll","floor":6},{"not_picked":["Pommel Strike","Clash"],"picked":"Juggernaut","floor":7},{"not_picked":["Pommel Strike","Infernal Blade"],"picked":"Perfected Strike","floor":8},{"not_picked":["ReplayTheSpireMod:Muscle Training","Replay:Undeath\u0027s Touch"],"picked":"Dropkick","floor":10},{"not_picked":["Cleave","True Grit"],"picked":"ReplayTheSpireMod:Stacked","floor":12},{"not_picked":["Replay:Many Hands","Reaper"],"picked":"Barricade","floor":16},{"not_picked":["Spot Weakness","Perfected Strike"],"picked":"Flame Barrier","floor":18},{"not_picked":["ReplayTheSpireMod:Strike From Hell+1"],"picked":"SKIP","floor":20},{"not_picked":[],"picked":"Intimidate","floor":21},{"not_picked":[],"picked":"ReplayTheSpireMod:Corrosion Curse+1","floor":22},{"not_picked":["Cleave"],"picked":"SKIP","floor":23},{"not_picked":[],"picked":"Havoc+1","floor":25},{"not_picked":["Clothesline"],"picked":"SKIP","floor":28},{"not_picked":[],"picked":"Iron Wave+1","floor":30},{"not_picked":[],"picked":"Rage","floor":31},{"not_picked":[],"picked":"Corruption","floor":33},{"not_picked":[],"picked":"Wild Strike","floor":35},{"not_picked":[],"picked":"Havoc+1","floor":37},{"not_picked":[],"picked":"Whirlwind","floor":38},{"not_picked":["Armaments"],"picked":"SKIP","floor":39},{"not_picked":["Cleave+1"],"picked":"SKIP","floor":41},{"not_picked":[],"picked":"Carnage+1","floor":42},{"not_picked":[],"picked":"True Grit+1","floor":44},{"not_picked":[],"picked":"True Grit+1","floor":46},{"not_picked":[],"picked":"Demonic Infusion","floor":47},{"not_picked":[],"picked":"Run Through+1","floor":48},{"not_picked":[],"picked":"Twin Strike+1","floor":54}],"player_experience":901029,"relics_obtained":[{"floor":6,"key":"TungstenRod"},{"floor":8,"key":"MealTicket"},{"floor":9,"key":"Turnip"},{"floor":10,"key":"Pear"},{"floor":13,"key":"Ring of Peace"},{"floor":13,"key":"ReplayTheSpireMod:Ring of Exchange"},{"floor":23,"key":"Replay:Ringing Soul"},{"floor":25,"key":"theForsaken:Lifeblossom"},{"floor":30,"key":"Juzu Bracelet"},{"floor":41,"key":"Art of War"},{"floor":43,"key":"CeramicFish"},{"floor":44,"key":"Replay:Rubber Ducky"},{"floor":45,"key":"Champion Belt"},{"floor":47,"key":"potionbrewer:ToyAutogyro"},{"floor":54,"key":"Divine Protection"}],"event_choices":[{"damage_healed":0,"gold_gain":0,"player_choice":"Ignored","damage_taken":135,"max_hp_gain":0,"max_hp_loss":0,"event_name":"betterThird:BetterSerpent","floor":3,"gold_loss":0},{"damage_healed":0,"gold_gain":0,"player_choice":"Stole Relic","damage_taken":0,"relics_obtained":["Replay:Bandana"],"max_hp_gain":0,"max_hp_loss":0,"event_name":"Addict","floor":29,"gold_loss":0,"cards_obtained":["Shame"]},{"cards_removed":["Defend_R"],"damage_healed":0,"gold_gain":0,"player_choice":"Removed Skill","damage_taken":0,"max_hp_gain":0,"max_hp_loss":0,"event_name":"Falling","floor":36,"gold_loss":0}],"is_beta":false,"boss_relics":[{"not_picked":["DollysMirror","OrangePellets"],"picked":"energizedSpire:MagnifyingGlass"},{"not_picked":["energizedSpire:RedRose","potionbrewer:SalesContract"],"picked":"Sozu"}],"items_purged_floors":[53],"is_endless":false,"potions_floor_spawned":[1,2,4,12,20,22,25,31,33,35,39,41,42,46,48],"killed_by":"The Heart","ascension_level":3}}