{"host":"x000krxjblg8jdg4","time":1612460816,"event":{"mods":["BaseMod","Downfall","Hermit","Minty Spire (QoL Compilation)","StSLib","The Runesmith","The Servant 0.9.4"],"gold_per_floor":[112,129,129,146,221,221,249,249,249,249,38,38,72,87,87,183,183,197,211,225,235,250,250,281,295,318,343,343,343,361,375,375,375,375],"floor_reached":33,"language":"ENG","playtime":3892,"items_purged":[],"score":340,"play_id":"b3a36b9d-ca4a-41a9-9396-f936c9c1f8c6","local_time":"20210204154656","is_ascension_mode":true,"campfire_choices":[{"data":"Neutralize","floor":6,"key":"SMITH"},{"floor":8,"key":"REST"},{"floor":10,"key":"REST"},{"data":"Caltrops","floor":12,"key":"SMITH"},{"floor":15,"key":"REST"},{"floor":23,"key":"REST"},{"floor":29,"key":"REST"},{"floor":32,"key":"REST"}],"circlet_count":0,"master_deck":["Strike_G","Strike_G","Strike_G","Strike_G","Strike_G","Defend_G","Defend_G","Defend_G","Defend_G","Defend_G","Survivor","Neutralize+1","Sucker Punch","Caltrops+1","Bane","Underhanded Strike","Flash of Steel","Deadly Poison","Footwork","Prepared","Backstab","Adrenaline","Noxious Fumes","Slice","Blade Dance","Blade Dance","Prepared+1","Slice","Dagger Throw","Noxious Fumes+1","Backstab","Backflip","Blade Dance"],"relics":["Ring of the Snake","Ornamental Fan","Happy Flower","PreservedInsect","SlaversCollar","Bottled Flame","Bag of Preparation","Frozen Egg 2"],"acts_visited":["Exordium","TheCity"],"potions_floor_usage":[16,19,31,33,33],"damage_taken":[{"damage":0,"enemies":"Small Slimes","floor":1,"turns":3},{"damage":0,"enemies":"2 Louse","floor":2,"turns":2},{"damage":0,"enemies":"Cultist","floor":4,"turns":4},{"damage":44,"enemies":"3 Sentries","floor":7,"turns":11},{"damage":18,"enemies":"Gremlin Nob","floor":13,"turns":5},{"damage":0,"enemies":"Large Slime","floor":14,"turns":4},{"damage":28,"enemies":"The Guardian","floor":16,"turns":9},{"damage":6,"enemies":"Spheric Guardian","floor":18,"turns":4},{"damage":8,"enemies":"2 Thieves","floor":19,"turns":3},{"damage":21,"enemies":"Sentry and Sphere","floor":20,"turns":6},{"damage":14,"enemies":"Snake Plant","floor":21,"turns":4},{"damage":3,"enemies":"Chosen and Byrds","floor":22,"turns":6},{"damage":0,"enemies":"Gremlin Leader","floor":24,"turns":6},{"damage":18,"enemies":"Snecko","floor":25,"turns":5},{"damage":24,"enemies":"Slavers","floor":27,"turns":4},{"damage":12,"enemies":"Centurion and Healer","floor":30,"turns":5},{"damage":8,"enemies":"Snake Plant","floor":31,"turns":3},{"damage":53,"enemies":"Collector","floor":33,"turns":7}],"seed_played":"2281342105699903076","potions_obtained":[{"floor":2,"key":"Ancient Potion"},{"floor":7,"key":"Explosive Potion"},{"floor":13,"key":"DistilledChaos"},{"floor":19,"key":"LiquidMemories"},{"floor":22,"key":"Fire Potion"}],"is_trial":false,"path_per_floor":["M","M","?","M","?","R","E","R","T","R","$","R","E","M","R","B",null,"M","M","M","M","M","R","E","M","T","E","?","R","M","M","R","B"],"character_chosen":"THE_SILENT","items_purchased":["Flash of Steel","Deadly Poison","Footwork"],"campfire_rested":6,"item_purchase_floors":[11,11,11],"current_hp_per_floor":[77,77,77,77,70,70,26,49,49,72,72,72,54,54,77,49,77,71,63,42,28,25,48,48,30,30,6,6,29,17,9,32,0,0],"gold":375,"neow_bonus":"TEN_PERCENT_HP_BONUS","is_daily":false,"chose_seed":false,"campfire_upgraded":2,"win_rate":0.0,"timestamp":1612460816,"path_taken":["M","M","?","M","?","R","E","R","T","R","$","R","E","M","R","BOSS","M","?","M","M","M","R","E","M","T","E","?","R","M","M","R","BOSS"],"items_purchased_type":["Card","Card","Card"],"build_version":"2020-12-22","purchased_purges":0,"victory":false,"max_hp_per_floor":[77,77,77,77,77,77,77,77,77,77,77,77,77,77,77,77,77,77,77,77,77,77,77,77,77,77,77,77,77,77,77,77,77,77],"card_choices":[{"not_picked":["PiercingWail","Quick Slash"],"picked":"Sucker Punch","floor":1},{"not_picked":["Bouncing Flask","Eviscerate"],"picked":"Caltrops","floor":2},{"not_picked":["Backflip","Bouncing Flask"],"picked":"Bane","floor":4},{"not_picked":["Blur","Tactician"],"picked":"Underhanded Strike","floor":7},{"not_picked":["Eviscerate","Riddle With Holes"],"picked":"Prepared","floor":13},{"not_picked":["Backflip","Terror"],"picked":"Backstab","floor":14},{"not_picked":["Doppelganger","Malaise"],"picked":"Adrenaline","floor":16},{"not_picked":["Sucker Punch","Crippling Poison"],"picked":"Noxious Fumes","floor":18},{"not_picked":["Underhanded Strike","Crippling Poison"],"picked":"Slice","floor":19},{"not_picked":["PiercingWail","Leg Sweep"],"picked":"Blade Dance","floor":20},{"not_picked":["Bane+1","Dagger Throw"],"picked":"Blade Dance","floor":21},{"not_picked":["Footwork","Outmaneuver+1"],"picked":"Prepared+1","floor":22},{"not_picked":["Expertise","Eviscerate+1"],"picked":"Slice","floor":24},{"not_picked":["Catalyst","Leg Sweep"],"picked":"Dagger Throw","floor":25},{"not_picked":["Burst","Blur"],"picked":"Noxious Fumes+1","floor":27},{"not_picked":["Underhanded Strike","Acrobatics"],"picked":"Backflip","floor":30},{"not_picked":["Deflect","All Out Attack"],"picked":"Blade Dance","floor":31}],"player_experience":22784,"relics_obtained":[{"floor":7,"key":"Ornamental Fan"},{"floor":9,"key":"Happy Flower"},{"floor":13,"key":"PreservedInsect"},{"floor":24,"key":"Bottled Flame"},{"floor":26,"key":"Bag of Preparation"},{"floor":27,"key":"Frozen Egg 2"}],"event_choices":[{"damage_healed":0,"gold_gain":0,"player_choice":"Leave","damage_taken":0,"max_hp_gain":0,"max_hp_loss":0,"event_name":"The Cleric","floor":3,"gold_loss":0},{"damage_healed":0,"gold_gain":75,"player_choice":"Touch","damage_taken":7,"max_hp_gain":0,"max_hp_loss":0,"event_name":"FaceTrader","floor":5,"gold_loss":0},{"damage_healed":0,"gold_gain":0,"player_choice":"Copied","damage_taken":0,"max_hp_gain":0,"max_hp_loss":0,"event_name":"Duplicator","floor":28,"gold_loss":0,"cards_obtained":["Backstab"]}],"is_beta":false,"boss_relics":[{"not_picked":["Runic Dome","SacredBark"],"picked":"SlaversCollar"}],"items_purged_floors":[],"is_endless":false,"potions_floor_spawned":[2,7,13,19,22,24,27],"killed_by":"Collector","ascension_level":1}}