{"host":"5jdby9iqu3ct6557","time":1612397827,"event":{"mods":["BaseMod","DeckTracker","Highlight Path","Minty Spire (QoL Compilation)","Relic Stats","StSLib"],"gold_per_floor":[13,32,50,50,67,67,96,10,10,10,39,54,80,98,98,172,172,192,219,219,90,90,90,90,90,90],"floor_reached":25,"language":"ENG","playtime":1898,"items_purged":["Strike_P"],"score":488,"play_id":"31e99674-4eab-4ffd-8018-1641f9c4ccd3","local_time":"20210203191707","is_ascension_mode":true,"campfire_choices":[{"data":"Ragnarok","floor":6.0,"key":"SMITH"},{"floor":15,"key":"REST"},{"floor":23,"key":"REST"},{"data":"MentalFortress","floor":24,"key":"SMITH"}],"circlet_count":0,"master_deck":["AscendersBane","Strike_P","Strike_P","Defend_P","Defend_P","Defend_P","Defend_P","Eruption","Vigilance","Scrawl","CarveReality","FollowUp","EmptyBody","Ragnarok+1","TalkToTheHand","FlurryOfBlows","Crescendo","FearNoEvil","Vault","WaveOfTheHand","Meditate","MentalFortress+1"],"relics":["PureWater","Pen Nib","Strawberry","White Beast Statue","Smiling Mask","WingedGreaves","SlaversCollar","Red Mask"],"acts_visited":["Exordium","TheCity"],"potions_floor_usage":[19,25],"damage_taken":[{"damage":0.0,"enemies":"Cultist","floor":1.0,"turns":2.0},{"damage":0.0,"enemies":"2 Louse","floor":2.0,"turns":2.0},{"damage":0.0,"enemies":"Jaw Worm","floor":3.0,"turns":3.0},{"damage":3.0,"enemies":"Blue Slaver","floor":5.0,"turns":7.0},{"damage":0.0,"enemies":"Lagavulin","floor":7.0,"turns":2.0},{"damage":12,"enemies":"Gremlin Nob","floor":11,"turns":3},{"damage":0,"enemies":"Gremlin Gang","floor":12,"turns":5},{"damage":14,"enemies":"Lagavulin","floor":13,"turns":6},{"damage":4,"enemies":"Exordium Wildlife","floor":14,"turns":3},{"damage":35,"enemies":"The Guardian","floor":16,"turns":16},{"damage":0,"enemies":"Chosen","floor":18,"turns":3},{"damage":0,"enemies":"Masked Bandits","floor":19,"turns":3},{"damage":79,"enemies":"Gremlin Leader","floor":25,"turns":6}],"seed_played":"675996743081380500","potions_obtained":[{"floor":1.0,"key":"BlessingOfTheForge"},{"floor":3.0,"key":"Dexterity Potion"},{"floor":11,"key":"Ambrosia"},{"floor":12,"key":"Ancient Potion"},{"floor":13,"key":"SteroidPotion"},{"floor":16,"key":"AttackPotion"},{"floor":19,"key":"DuplicationPotion"}],"is_trial":false,"path_per_floor":["M","M","M","?","M","R","E","$","T","?","E","M","E","M","R","B",null,"M","?","?","$","?","R","R","E"],"character_chosen":"WATCHER","items_purchased":["TalkToTheHand","Meditate"],"campfire_rested":2,"item_purchase_floors":[8,21],"current_hp_per_floor":[61,61,61,54,51,51,51,51,58,58,46,46,32,28,50,15,60,60,60,39,39,39,63,63,0,0],"gold":90,"neow_bonus":"THREE_RARE_CARDS","is_daily":false,"chose_seed":false,"campfire_upgraded":2,"win_rate":0.0,"timestamp":1612397827,"path_taken":["M","M","?","?","M","R","E","?","T","?","E","?","E","M","R","BOSS","M","?","?","$","?","R","R","E"],"items_purchased_type":["Card","Card"],"build_version":"2020-12-22","purchased_purges":1,"victory":false,"max_hp_per_floor":[68,68,68,68,68,68,68,68,75,75,75,75,75,75,75,75,75,75,75,80,80,80,80,80,80,80],"relic_stats":{"counters":[13,61],"Pen Nib":[8],"Smiling Mask":25,"obtain_stats":[{"SlaversCollar":17,"Strawberry":9,"Pen Nib":7,"WingedGreaves":13,"Red Mask":19,"PureWater":0,"Smiling Mask":11,"White Beast Statue":10},{"SlaversCollar":10,"Strawberry":5,"Pen Nib":5,"WingedGreaves":8,"Red Mask":12,"PureWater":0,"Smiling Mask":6,"White Beast Statue":5},{"SlaversCollar":49,"Strawberry":16,"Pen Nib":16,"WingedGreaves":30,"Red Mask":55,"PureWater":0,"Smiling Mask":19,"White Beast Statue":16}]},"card_choices":[{"not_picked":["Alpha","ConjureBlade"],"picked":"Scrawl","floor":0.0},{"not_picked":["Pray","EmptyBody"],"picked":"CarveReality","floor":1.0},{"not_picked":["Prostrate","JustLucky"],"picked":"FollowUp","floor":2.0},{"not_picked":["PathToVictory","CutThroughFate"],"picked":"EmptyBody","floor":3.0},{"not_picked":["Indignation","SashWhip"],"picked":"Ragnarok","floor":5.0},{"not_picked":["FearNoEvil","SignatureMove"],"picked":"FlurryOfBlows","floor":11},{"not_picked":["Halt","CarveReality"],"picked":"Crescendo","floor":12},{"not_picked":["Pray","Brilliance"],"picked":"FearNoEvil","floor":13},{"not_picked":["Establishment","Brilliance"],"picked":"Vault","floor":16},{"not_picked":["Worship","WheelKick+1"],"picked":"WaveOfTheHand","floor":18}],"player_experience":2500134,"relics_obtained":[{"floor":7.0,"key":"Pen Nib"},{"floor":9.0,"key":"Strawberry"},{"floor":11,"key":"Smiling Mask"},{"floor":13,"key":"WingedGreaves"},{"floor":19,"key":"Red Mask"}],"event_choices":[{"cards_removed":["Strike_P"],"damage_healed":0.0,"max_hp_gain":0.0,"max_hp_loss":0.0,"gold_gain":0.0,"event_name":"Golden Wing","player_choice":"Card Removal","floor":4.0,"gold_loss":0.0,"damage_taken":7.0},{"damage_healed":0.0,"max_hp_gain":0.0,"max_hp_loss":0.0,"gold_gain":0.0,"event_name":"WeMeetAgain","player_choice":"Gave Potion","floor":10.0,"gold_loss":0.0,"damage_taken":0.0,"relics_obtained":["White Beast Statue"]},{"damage_healed":0,"gold_gain":0,"player_choice":"Fought Bandits","damage_taken":0,"max_hp_gain":0,"max_hp_loss":0,"event_name":"Masked Bandits","floor":19,"gold_loss":0},{"damage_healed":0,"gold_gain":0,"player_choice":"Shed Blood","damage_taken":26,"max_hp_gain":5,"max_hp_loss":0,"event_name":"Forgotten Altar","floor":20,"gold_loss":0},{"damage_healed":0,"gold_gain":0,"player_choice":"Read","damage_taken":0,"max_hp_gain":0,"max_hp_loss":0,"event_name":"The Library","floor":22,"gold_loss":0,"cards_obtained":["MentalFortress"]}],"is_beta":false,"boss_relics":[{"not_picked":["Busted Crown","HolyWater"],"picked":"SlaversCollar"}],"items_purged_floors":[21],"is_endless":false,"potions_floor_spawned":[1,3,11,12,13,14,16,18,19],"killed_by":"Gremlin Leader","ascension_level":20}}