{"host":"jwbw4f4imxd0v0b0","time":1612405136,"event":{"mods":["BaseMod","Colored Map","Highlight Path","Minty Spire (QoL Compilation)","Relic Stats","StSLib"],"gold_per_floor":[362,163,238,48,13,46,46,65,65,79,79,97,97,114,114,189,189,202,202,212,112,112,112,126,126,126],"floor_reached":25,"language":"ENG","playtime":986,"items_purged":["Regret","Strike_B"],"score":402,"play_id":"65af089e-28a9-458f-81b3-57379540178a","local_time":"20210203201856","is_ascension_mode":true,"campfire_choices":[{"floor":11,"key":"REST"},{"data":"Ball Lightning","floor":13,"key":"SMITH"},{"data":"Leap","floor":15,"key":"SMITH"},{"floor":23,"key":"REST"}],"circlet_count":0,"master_deck":["AscendersBane","Strike_B+1","Strike_B","Strike_B","Defend_B","Defend_B","Defend_B","Defend_B","Zap","Dualcast","Compile Driver+1","Defragment","Rip and Tear","Ball Lightning+1","Defragment+1","White Noise","Cold Snap","Core Surge","Leap+1","Amplify","Conserve Battery","Cold Snap"],"relics":["Cracked Core","Matryoshka","Vajra","Nunchaku","Runic Dome"],"acts_visited":["Exordium","TheCity"],"potions_floor_usage":[6,12,14,24],"damage_taken":[{"damage":17,"enemies":"Small Slimes","floor":1,"turns":3},{"damage":30,"enemies":"3 Sentries","floor":6,"turns":7},{"damage":6,"enemies":"2 Louse","floor":8,"turns":2},{"damage":1,"enemies":"Cultist","floor":10,"turns":3},{"damage":4,"enemies":"Exordium Wildlife","floor":12,"turns":3},{"damage":0,"enemies":"Looter","floor":14,"turns":3},{"damage":21,"enemies":"The Guardian","floor":16,"turns":8},{"damage":19,"enemies":"Shell Parasite","floor":18,"turns":4},{"damage":33,"enemies":"3 Byrds","floor":20,"turns":5},{"damage":15,"enemies":"Snecko","floor":24,"turns":5},{"damage":13,"enemies":"Cultist and Chosen","floor":25,"turns":2}],"seed_played":"8078518783955705997","potions_obtained":[{"floor":6,"key":"Strength Potion"},{"floor":10,"key":"SpeedPotion"},{"floor":12,"key":"Block Potion"},{"floor":20,"key":"LiquidMemories"},{"floor":24,"key":"Explosive Potion"}],"is_trial":false,"path_per_floor":["M","$","?","$","?","E","?","M","T","M","R","M","R","M","R","B",null,"M","?","M","$","?","R","M","M"],"character_chosen":"DEFECT","items_purchased":["Defragment","Rip and Tear","Ball Lightning","Defragment","Regen Potion"],"campfire_rested":2,"item_purchase_floors":[2,2,4,4,4],"current_hp_per_floor":[47,47,36,36,53,38,17,11,11,10,31,27,27,27,27,6,55,36,36,3,3,3,24,9,0,0],"gold":126,"neow_bonus":"TWO_FIFTY_GOLD","is_daily":false,"chose_seed":false,"campfire_upgraded":2,"win_rate":0.0,"timestamp":1612405136,"path_taken":["M","$","?","$","?","E","?","M","T","M","R","M","R","M","R","BOSS","M","?","?","$","?","R","M","M"],"items_purchased_type":["Card","Card","Card","Card","Potion"],"build_version":"2020-12-22","purchased_purges":2,"victory":false,"max_hp_per_floor":[71,71,71,71,71,71,71,71,71,71,71,71,71,71,71,71,71,71,71,71,71,71,71,71,71,71],"relic_stats":{"Nunchaku":[5],"counters":[11,45],"obtain_stats":[{"Runic Dome":17,"Nunchaku":9,"Matryoshka":6,"Vajra":9,"Cracked Core":0},{"Runic Dome":7,"Nunchaku":3,"Matryoshka":2,"Vajra":3,"Cracked Core":0},{"Runic Dome":29,"Nunchaku":12,"Matryoshka":10,"Vajra":12,"Cracked Core":0}]},"card_choices":[{"not_picked":["Steam","Leap"],"picked":"Compile Driver","floor":1},{"not_picked":["FTL","Hologram"],"picked":"White Noise","floor":6},{"not_picked":["Stack","Streamline"],"picked":"Cold Snap","floor":8},{"not_picked":["Scrape","Skim","Rebound"],"picked":"SKIP","floor":10},{"not_picked":["Sweeping Beam","White Noise"],"picked":"Core Surge","floor":12},{"not_picked":["Barrage","Compile Driver"],"picked":"Leap","floor":14},{"not_picked":["Thunder Strike","Reboot"],"picked":"Amplify","floor":16},{"not_picked":["Rebound","Hologram"],"picked":"Conserve Battery","floor":18},{"not_picked":["Gash","Conserve Battery","Rebound"],"picked":"SKIP","floor":20},{"not_picked":["Beam Cell+1","Hologram"],"picked":"Cold Snap","floor":24}],"player_experience":1200435,"relics_obtained":[{"floor":6,"key":"Matryoshka"},{"floor":9,"key":"Vajra"},{"floor":9,"key":"Nunchaku"}],"event_choices":[{"damage_healed":0,"gold_gain":75,"player_choice":"Gather Gold","damage_taken":11,"max_hp_gain":0,"max_hp_loss":0,"event_name":"World of Goop","floor":3,"gold_loss":0},{"damage_healed":17,"gold_gain":0,"player_choice":"Healed","damage_taken":0,"max_hp_gain":0,"max_hp_loss":0,"event_name":"The Cleric","floor":5,"gold_loss":35},{"damage_healed":0,"gold_gain":0,"player_choice":"Entered Light","damage_taken":21,"max_hp_gain":0,"max_hp_loss":0,"event_name":"Shining Light","floor":7,"gold_loss":0,"cards_upgraded":["Strike_B","Compile Driver"]},{"damage_healed":0,"gold_gain":0,"player_choice":"Upgraded","damage_taken":0,"max_hp_gain":0,"max_hp_loss":0,"event_name":"Upgrade Shrine","floor":19,"gold_loss":0,"cards_upgraded":["Defragment"]},{"damage_healed":0,"gold_gain":0,"player_choice":"Ignored","damage_taken":0,"max_hp_gain":0,"max_hp_loss":0,"event_name":"The Mausoleum","floor":22,"gold_loss":0}],"is_beta":false,"boss_relics":[{"not_picked":["Empty Cage","Ectoplasm"],"picked":"Runic Dome"}],"items_purged_floors":[2,21],"is_endless":false,"potions_floor_spawned":[6,10,12,20,24],"killed_by":"Cultist and Chosen","ascension_level":20}}