{"host":"pec1bvkeldr5yzx1","time":1612420182,"event":{"mods":["ATMod(°¢èªMod)","AchievementEnabler","Act Like it!","Aspiration","BaseMod","Better Altar","Better Match","Better Sensory Stone","Better Skull","Better Vampires","BetterRewards","Conspire","Dota2Spire","Energized Spire","Friendly Minions","GifTheSpireLib","Hubris","Minty Spire (QoL Compilation)","Replay The Spire","Spicy Shops","StSLib","Stuff the Spire","SuperFastMode","óô»ðÖ¸ÄÏ"],"gold_per_floor":[118,118,71,71,91,424,424,483,510,585,585,747,788,325,325,564,514,571,571,571,616,663,839,914,914,988,1406,1156,787,952,600,600,845,845,996,996,1057,1017,747,904,904,1171,1225,1319,1319,1319,935,1033,625,754],"floor_reached":51,"language":"ZHS","playtime":5333,"items_purged":["hubris:Gluttony","Looming Evil","Writhe"],"score":1345,"play_id":"a56d5048-05fb-4f5d-8528-e0c7bb718d11","local_time":"20210204142942","is_ascension_mode":true,"campfire_choices":[{"floor":7,"key":"REST"},{"floor":11,"key":"REST"},{"floor":15,"key":"RECALL"},{"data":"Nirvana","floor":32,"key":"SMITH"},{"floor":41,"key":"REST"}],"circlet_count":0,"master_deck":["Strike_P","Strike_P","Strike_P","Strike_P","Defend_P","Defend_P","Defend_P","Defend_P","Eruption","Vigilance","Clumsy","FollowUp+1","Protect","Amnesia","AT_FamilyPortrait","AT_ChampionStep+1","EmptyFist","FlurryOfBlows","TalkToTheHand+1","BattleHymn","InnerPeace","Prostrate","WindmillStrike","Collect","Replay:BluntJabs","Trip","MasterReality+1","Strike_P+1","AT_MachinaRedman+1","FlurryOfBlows","FlurryOfBlows","Sanctity+1","EmptyFist+1","Consecrate","AT_ChampionStep+1","ClearTheMind+1","GremboGang+1","Adaptation","Replay:Battleflow","Halt","Replay:BluntJabs","Indignation+1","Nirvana+1","PathToVictory","Pot Of Greed","Pot Of Greed","Pot Of Greed","Pot Of Greed","Machine Learning","Devotion","Vengeance+1","Pot Of Greed","Replay:AtTheReady+1","FlyingSleeves","ReplayTheSpireMod:Splinters","Replay:BluntJabs","Replay:LoomingThreat","WaveOfTheHand+1","Pray+1","EmptyBody+1","Replay:Cycle+1","Madness+1","Madness+1","Pot Of Greed+1","Study","PathToVictory+1","DeceiveReality+1","FlyingSleeves","WheelKick","Adaptation+1","FlurryOfBlows+1","Worship+1","FollowUp","LikeWater","Replay:Vibes+1","Pot Of Greed+1","Evaluate+1"],"relics":["PureWater","AT_ATBox","Membership Card","Lizard Tail","Juzu Bracelet","Incense Burner","Gambling Chip","StuffTheSpire:RunicConfusion","Dota2Spire:DivineRapier","Mercury Hourglass","AT_TheCollector","Du-Vu Doll","hubris:Towel","Replay:Bandana","AT_MibuBalloonWealth","StuffTheSpire:DarkSteelAnvil","BargainBundle","AT_ArchangelStaff","hubris:Potato","Dota2Spire:EyeOfSkadi","energizedSpire:HugeHouse","Omamori","Prayer Wheel","Damaru","AT_RedNoBalance","Iron Hammer","StuffTheSpire:ForceGauntlet","Dota2Spire:HeartOfTarrasque","Pet Ghost","aspiration:Nostalgia","Sizzling Blood","MealTicket","Bronze Scales","Dota2Spire:MantaStyle","Grinning Jar","Prayer Wheel","energizedSpire:SpiderWeb","Ring of Panic","Ring of Misfortune","Toxic Egg 2","PreservedInsect","HandDrill","ReplayTheSpireMod:Ninjato","Replay:Rubber Ducky","Bag of Marbles","AT_ChloranthyRing","hubris:Icosahedron","ReplayTheSpireMod:CursedCoin","Akabeko","Dota2Spire:PhaseBoots","Guide Book","Dota2Spire:Dagon","Replay:Wax Seal","aspiration:HummingbirdHeart"],"acts_visited":["Exordium","TheCity","TheBeyond"],"potions_floor_usage":[35,35],"damage_taken":[{"damage":0,"enemies":"2 Louse","floor":1,"turns":1},{"damage":0,"enemies":"Small Slimes","floor":5,"turns":1},{"damage":11,"enemies":"3 Sentries","floor":6,"turns":3},{"damage":0,"enemies":"Replay:BlueRogue","floor":12,"turns":1},{"damage":7,"enemies":"conspire:RoseBush","floor":13,"turns":2},{"damage":18,"enemies":"Hexaghost","floor":16,"turns":4},{"damage":0,"enemies":"Chosen","floor":18,"turns":1},{"damage":6,"enemies":"Shell Parasite","floor":21,"turns":2},{"damage":0,"enemies":"Snake Plant","floor":22,"turns":1},{"damage":26,"enemies":"Gremlin Leader","floor":23,"turns":3},{"damage":0,"enemies":"Centurion and Healer","floor":24,"turns":2},{"damage":3,"enemies":"Colosseum Slavers","floor":27,"turns":2},{"damage":0,"enemies":"Colosseum Nobs","floor":27,"turns":2},{"damage":0,"enemies":"Book of Stabbing","floor":30,"turns":1},{"damage":11,"enemies":"Champ","floor":33,"turns":4},{"damage":36,"enemies":"3 Darklings","floor":35,"turns":3},{"damage":0,"enemies":"R_Hoarder","floor":40,"turns":5},{"damage":4,"enemies":"Reptomancer","floor":42,"turns":3},{"damage":0,"enemies":"3 Shapes","floor":44,"turns":4},{"damage":13,"enemies":"Sphere and 2 Shapes","floor":48,"turns":3},{"damage":12,"enemies":"Time Eater","floor":50,"turns":4}],"seed_played":"980294160022348782","potions_obtained":[{"floor":1,"key":"SpeedPotion"},{"floor":16,"key":"Energy Potion"},{"floor":21,"key":"ColorlessPotion"},{"floor":22,"key":"Adrenaline Potion"},{"floor":37,"key":"AttackPotion"},{"floor":40,"key":"Venom Potion"}],"is_trial":false,"path_per_floor":["M","?","$","?","M","E","R","?","T","?","R","E","M","$","R","B",null,"M","?","?","M","M","E","M","T","T","?","?","$","E","$","R","B",null,"M","?","?","?","$","E","R","E","T","M","?","?","$","M","R","B",null],"character_chosen":"WATCHER","items_purchased":["Membership Card","Lizard Tail","Juzu Bracelet","Incense Burner","FollowUp+1","Dota2Spire:DivineRapier","Mercury Hourglass","AT_ChampionStep","Du-Vu Doll","EmptyFist","TalkToTheHand+1","BargainBundle","AT_ArchangelStaff","hubris:Potato","Dota2Spire:EyeOfSkadi","Collect","Replay:AtTheReady","Replay:BluntJabs","Trip","Pet Ghost","aspiration:Nostalgia","Adaptation","Replay:Battleflow","MealTicket","Halt","Replay:BluntJabs","Nirvana","PathToVictory","Dota2Spire:MantaStyle","Grinning Jar","PreservedInsect","HandDrill","ReplayTheSpireMod:Ninjato","ReplayTheSpireMod:CursedCoin","Akabeko","Dota2Spire:PhaseBoots","Guide Book","Dota2Spire:Dagon","Study","PathToVictory+1","DeceiveReality+1","FlyingSleeves","WheelKick","Replay:Wax Seal","aspiration:HummingbirdHeart","FollowUp","LikeWater","Replay:Vibes+1","Evaluate+1"],"campfire_rested":3,"item_purchase_floors":[0,0,0,0,0,0,0,0,0,0,3,14,14,14,14,14,14,14,14,29,29,29,29,29,29,29,31,31,31,31,39,39,39,47,47,47,47,47,47,47,47,47,47,49,49,49,49,49,49],"current_hp_per_floor":[30,30,30,30,30,19,40,40,40,29,50,50,43,48,48,30,72,72,72,72,66,66,40,40,40,40,44,44,48,46,61,61,35,84,10,10,10,10,25,37,62,62,62,70,70,59,74,65,65,57],"gold":754,"neow_bonus":"","is_daily":false,"chose_seed":false,"campfire_upgraded":1,"win_rate":0.0,"timestamp":1612420182,"path_taken":["M","?","$","?","M","E","R","?","T","?","R","E","M","?","R","BOSS","M","?","?","M","M","E","M","?","T","?","?","?","E","$","R","BOSS","M","?","?","?","?","E","R","E","T","M","?","?","$","M","R","BOSS"],"items_purchased_type":["Relic","Relic","Relic","Relic","Card","Relic","Relic","Card","Relic","Card","Card","Relic","Relic","Relic","Relic","Card","Card","Card","Card","Relic","Relic","Card","Card","Relic","Card","Card","Card","Card","Relic","Relic","Relic","Relic","Relic","Relic","Relic","Relic","Relic","Relic","Card","Card","Card","Card","Card","Relic","Relic","Card","Card","Card","Card"],"build_version":"2020-12-22","purchased_purges":3,"victory":true,"max_hp_per_floor":[72,72,72,72,72,72,72,72,72,72,72,72,72,77,77,77,72,72,72,72,72,72,72,72,72,72,80,80,84,84,84,84,84,84,84,84,84,84,84,84,84,84,84,84,84,84,84,84,84,84],"card_choices":[{"not_picked":["Tantrum","EmptyBody"],"picked":"FlurryOfBlows","floor":1},{"not_picked":["Conclude","FlurryOfBlows"],"picked":"BattleHymn","floor":5},{"not_picked":["ReachHeaven","JustLucky"],"picked":"InnerPeace","floor":6},{"not_picked":["SashWhip","Halt"],"picked":"Prostrate","floor":12},{"not_picked":["AT_SoftenMuscles","TalkToTheHand"],"picked":"WindmillStrike","floor":13},{"not_picked":["Brilliance","ConjureBlade"],"picked":"MasterReality","floor":16},{"not_picked":["AT_OneInchPunch","Replay:BluntJabs"],"picked":"FlurryOfBlows","floor":18},{"not_picked":["Replay:AtTheReady","Collect"],"picked":"FlurryOfBlows","floor":21},{"not_picked":["Replay:AllIn","Replay:Cycle"],"picked":"Sanctity+1","floor":22},{"not_picked":["Crescendo","Replay:AtTheReady+1"],"picked":"EmptyFist+1","floor":23},{"not_picked":["EmptyBody","Replay:ManipulateFuture"],"picked":"Consecrate","floor":24},{"not_picked":["Replay:ManipulateFuture","Alpha"],"picked":"AT_ChampionStep+1","floor":24},{"not_picked":["ReachHeaven","EmptyBody"],"picked":"ClearTheMind+1","floor":27},{"not_picked":["Ragnarok","Swivel"],"picked":"Indignation+1","floor":30},{"not_picked":["ConjureBlade","LessonLearned"],"picked":"Devotion","floor":33},{"not_picked":["BowlingBash","Consecrate+1"],"picked":"Vengeance+1","floor":35},{"not_picked":["PathToVictory","FollowUp"],"picked":"Replay:AtTheReady+1","floor":35},{"not_picked":["Sanctity+1","FollowUp+1"],"picked":"FlyingSleeves","floor":35},{"not_picked":["FollowUp","Halt+1"],"picked":"Replay:BluntJabs","floor":37},{"not_picked":["AT_ChampionStep+1","CrushJoints"],"picked":"Replay:LoomingThreat","floor":40},{"not_picked":["Evaluate+1","Replay:AtTheReady+1"],"picked":"WaveOfTheHand+1","floor":42},{"not_picked":["Adaptation","PathToVictory+1"],"picked":"Pray+1","floor":44},{"not_picked":["FearNoEvil","EmptyMind+1"],"picked":"EmptyBody+1","floor":44},{"not_picked":["CarveReality+1","Perseverance+1"],"picked":"Replay:Cycle+1","floor":44},{"not_picked":["AT_SoftenMuscles+1","WheelKick"],"picked":"Adaptation+1","floor":48},{"not_picked":["Protect+1","Halt+1"],"picked":"FlurryOfBlows+1","floor":48},{"not_picked":["Protect+1","CarveReality+1"],"picked":"Worship+1","floor":48}],"player_experience":134181,"relics_obtained":[{"floor":6,"key":"Replay:Bandana"},{"floor":9,"key":"AT_MibuBalloonWealth"},{"floor":12,"key":"StuffTheSpire:DarkSteelAnvil"},{"floor":23,"key":"Damaru"},{"floor":25,"key":"AT_SilverBalance"},{"floor":26,"key":"Iron Hammer"},{"floor":27,"key":"StuffTheSpire:ForceGauntlet"},{"floor":27,"key":"Dota2Spire:HeartOfTarrasque"},{"floor":30,"key":"Bronze Scales"},{"floor":36,"key":"Ring of Panic"},{"floor":36,"key":"Ring of Misfortune"},{"floor":37,"key":"Toxic Egg 2"},{"floor":40,"key":"Replay:Rubber Ducky"},{"floor":42,"key":"Bag of Marbles"},{"floor":43,"key":"AT_ChloranthyRing"}],"event_choices":[{"damage_healed":0,"gold_gain":59,"player_choice":"Gained Gold","damage_taken":0,"max_hp_gain":0,"max_hp_loss":0,"event_name":"Golden Wing","floor":8,"gold_loss":0},{"damage_healed":0,"gold_gain":75,"player_choice":"Gather Gold","damage_taken":11,"max_hp_gain":0,"max_hp_loss":0,"event_name":"World of Goop","floor":10,"gold_loss":0},{"damage_healed":0,"gold_gain":0,"player_choice":"Fight","damage_taken":0,"max_hp_gain":0,"max_hp_loss":0,"event_name":"Colosseum","floor":27,"gold_loss":0},{"damage_healed":0,"gold_gain":0,"player_choice":"Fought Nobs","damage_taken":0,"max_hp_gain":0,"max_hp_loss":0,"event_name":"Colosseum","floor":27,"gold_loss":0},{"damage_healed":0,"gold_gain":0,"player_choice":"Upgraded Two","damage_taken":0,"max_hp_gain":0,"max_hp_loss":0,"event_name":"Designer","floor":38,"gold_loss":40,"cards_upgraded":["GremboGang","Strike_P"]},{"damage_healed":0,"gold_gain":0,"player_choice":"Embrace Madness","damage_taken":11,"max_hp_gain":0,"max_hp_loss":0,"event_name":"Winding Halls","floor":46,"gold_loss":0,"cards_obtained":["Madness","Madness"]}],"is_beta":false,"boss_relics":[{"not_picked":["hubris:Stopwatch","Abe\u0027s Treasure"],"picked":"energizedSpire:HugeHouse"},{"not_picked":["ReplayTheSpireMod:DimensionalGlitch","energizedSpire:EnergizedDie"],"picked":"energizedSpire:SpiderWeb"}],"items_purged_floors":[29,47,49],"is_endless":false,"potions_floor_spawned":[1,16,21,22,27,30,40,44],"ascension_level":2}}