{"host":"3a1ypf1irl30q4k8","time":1612477877,"event":{"mods":["AchievementEnabler","BaseMod","Bestiary","Colored Map","Minty Spire (QoL Compilation)","Relic Stats","ojb\u0027s Info Mod"],"gold_per_floor":[114,114,134,146,36,69,94,94,94,94,110,128,147,179,179,280,280,297,307,93,110,127,127,161,161,161,161,179,206,206,206,206,309,309,327,338,388,403,420,420,445,462,462,462,492,492,125,144,144,144,144,144,14,14,14],"floor_reached":54,"language":"ENG","playtime":3938,"items_purged":["Pain","LessonLearned"],"score":961,"play_id":"bc030085-3786-46cd-920b-8c97de659100","local_time":"20210204223117","is_ascension_mode":true,"campfire_choices":[{"data":"Eruption","floor":8.0,"key":"SMITH"},{"data":"Wallop","floor":10.0,"key":"SMITH"},{"data":"Halt","floor":15.0,"key":"SMITH"},{"data":"MentalFortress","floor":23.0,"key":"SMITH"},{"data":"Conclude","floor":25.0,"key":"SMITH"},{"floor":27.0,"key":"REST"},{"floor":32.0,"key":"REST"},{"floor":40,"key":"REST"},{"floor":44,"key":"REST"},{"floor":46,"key":"RECALL"},{"floor":49,"key":"REST"},{"data":"Tantrum","floor":52,"key":"SMITH"}],"circlet_count":0,"master_deck":["Eruption+1","Vigilance","Ragnarok","Wallop+1","CutThroughFate+1","InnerPeace","Wireheading+1","Halt+1","ThirdEye","DeusExMachina+1","Consecrate","CarveReality","Ragnarok","SandsOfTime","Conclude+1","Weave+1","ThirdEye","Conclude+1","TalkToTheHand+1","Consecrate","EmptyBody","Halt+1","FearNoEvil+1","MentalFortress+1","Fasting2+1","Evaluate","EmptyFist+1","Omniscience","DevaForm+1","MentalFortress+1","Evaluate+1","Tantrum+1","SpiritShield","Halt+1","TalkToTheHand+1","Protect+1","LikeWater+1","Nirvana+1","TalkToTheHand+1","Protect","Swivel","Discovery","WheelKick+1","SpiritShield"],"relics":["PureWater","WarpedTongs","Bag of Preparation","Bronze Scales","The Courier","Whetstone","Pandora\u0027s Box","ClockworkSouvenir","Frozen Egg 2","Lantern","Pantograph","Bird Faced Urn","Snecko Eye","Prayer Wheel","Ornamental Fan","Kunai","Pear","Orrery"],"acts_visited":["Exordium","TheCity","TheBeyond","TheEnding"],"potions_floor_usage":[50],"damage_taken":[{"damage":6.0,"enemies":"Jaw Worm","floor":1.0,"turns":4.0},{"damage":1.0,"enemies":"Cultist","floor":3.0,"turns":2.0},{"damage":1.0,"enemies":"2 Louse","floor":4.0,"turns":2.0},{"damage":7.0,"enemies":"Lagavulin","floor":6.0,"turns":3.0},{"damage":4.0,"enemies":"Blue Slaver","floor":11.0,"turns":4.0},{"damage":0.0,"enemies":"Lots of Slimes","floor":12.0,"turns":3.0},{"damage":4.0,"enemies":"Looter","floor":13.0,"turns":3.0},{"damage":4.0,"enemies":"Gremlin Nob","floor":14.0,"turns":3.0},{"damage":28.0,"enemies":"The Guardian","floor":16.0,"turns":6.0},{"damage":0.0,"enemies":"Spheric Guardian","floor":18.0,"turns":2.0},{"damage":0.0,"enemies":"Shell Parasite","floor":19.0,"turns":3.0},{"damage":0.0,"enemies":"3 Cultists","floor":21.0,"turns":3.0},{"damage":15.0,"enemies":"Centurion and Healer","floor":22.0,"turns":6.0},{"damage":0.0,"enemies":"Book of Stabbing","floor":24.0,"turns":3.0},{"damage":24.0,"enemies":"Snake Plant","floor":28.0,"turns":4.0},{"damage":12.0,"enemies":"Slavers","floor":29.0,"turns":3.0},{"damage":11.0,"enemies":"Collector","floor":33.0,"turns":5.0},{"damage":4.0,"enemies":"3 Shapes","floor":35.0,"turns":3.0},{"damage":0.0,"enemies":"Orb Walker","floor":36.0,"turns":2.0},{"damage":0.0,"enemies":"Mind Bloom Boss Battle","floor":37.0,"turns":6.0},{"damage":55.0,"enemies":"Sphere and 2 Shapes","floor":38.0,"turns":6.0},{"damage":0,"enemies":"Maw","floor":39,"turns":5},{"damage":18,"enemies":"Reptomancer","floor":41,"turns":4},{"damage":0,"enemies":"Transient","floor":42,"turns":5},{"damage":45,"enemies":"Nemesis","floor":45,"turns":8},{"damage":27,"enemies":"3 Darklings","floor":48,"turns":4},{"damage":14,"enemies":"Awakened One","floor":50,"turns":9},{"damage":139,"enemies":"Shield and Spear","floor":54,"turns":6}],"seed_played":"8417768778174288656","potions_obtained":[{"floor":1.0,"key":"Ambrosia"},{"floor":4.0,"key":"SpeedPotion"},{"floor":12.0,"key":"Ancient Potion"},{"floor":13.0,"key":"BottledMiracle"},{"floor":14.0,"key":"Swift Potion"},{"floor":16.0,"key":"EssenceOfSteel"},{"floor":21.0,"key":"BlessingOfTheForge"},{"floor":24.0,"key":"SteroidPotion"},{"floor":29.0,"key":"DuplicationPotion"},{"floor":36.0,"key":"Fruit Juice"},{"floor":38.0,"key":"StancePotion"}],"is_trial":false,"path_per_floor":["M","?","M","M","$","E","T","R","T","R","M","M","M","E","R","B",null,"M","M","$","M","M","R","E","R","T","R","M","E","T","T","R","B",null,"M","M","?","M","M","R","E","M","T","R","E","R","$","M","R","B",null,"R","$","E"],"character_chosen":"WATCHER","items_purchased":["Wireheading","ClockworkSouvenir","FearNoEvil","AttackPotion","LikeWater+1","Orrery","Swivel","Discovery","SpiritShield"],"campfire_rested":5,"item_purchase_floors":[5,20,20,20,47,47,47,47,53],"current_hp_per_floor":[59,59,58,57,57,50,50,50,50,50,46,46,42,38,38,10,51,51,51,51,51,36,36,36,36,36,55,31,19,19,19,38,54,62,62,64,65,19,27,48,36,44,44,65,40,40,40,25,49,70,78,78,78,0,0],"gold":14,"neow_bonus":"THREE_RARE_CARDS","is_daily":false,"chose_seed":false,"campfire_upgraded":6,"win_rate":0.0,"timestamp":1612477877,"path_taken":["M","?","M","?","$","E","?","R","T","R","M","M","M","E","R","BOSS","M","M","$","?","M","R","E","R","T","R","M","E","?","?","R","BOSS","M","M","?","M","M","R","E","M","T","R","E","R","$","M","R","BOSS","R","$","E"],"items_purchased_type":["Card","Relic","Card","Potion","Card","Relic","Card","Card","Card"],"build_version":"2020-12-22","purchased_purges":2,"victory":false,"max_hp_per_floor":[65,65,65,65,65,65,65,65,65,65,65,65,65,65,65,65,65,65,65,65,65,65,65,65,65,65,65,65,65,65,65,65,65,65,65,65,65,70,70,70,70,70,70,70,80,80,80,80,80,80,80,80,80,80,80],"relic_stats":{"counters":[28,117],"Bag of Preparation":[45],"Whetstone":["Strike_P","CutThroughFate"],"WarpedTongs":[113],"Ornamental Fan":[68],"Bronze Scales":[315],"Pantograph":51,"Bird Faced Urn":[70],"Snecko Eye":[109,113,107,107],"Pandora\u0027s Box":["Ragnarok","SandsOfTime","Conclude","Weave","ThirdEye","Conclude","TalkToTheHand","Consecrate"],"Prayer Wheel":4,"Kunai":[10],"obtain_stats":[{"Lantern":26,"Pear":45,"The Courier":9,"Bag of Preparation":6,"Whetstone":14,"Frozen Egg 2":24,"WarpedTongs":2,"ClockworkSouvenir":20,"Ornamental Fan":41,"Bronze Scales":7,"Pantograph":29,"Bird Faced Urn":31,"Snecko Eye":34,"Orrery":47,"Pandora\u0027s Box":17,"Prayer Wheel":37,"Kunai":43,"PureWater":0},{"Lantern":14,"Pear":25,"The Courier":4,"Bag of Preparation":4,"Whetstone":8,"Frozen Egg 2":14,"WarpedTongs":1,"ClockworkSouvenir":11,"Ornamental Fan":23,"Bronze Scales":4,"Pantograph":16,"Bird Faced Urn":16,"Snecko Eye":17,"Orrery":25,"Pandora\u0027s Box":9,"Prayer Wheel":20,"Kunai":24,"PureWater":0},{"Lantern":47,"Pear":98,"The Courier":11,"Bag of Preparation":11,"Whetstone":24,"Frozen Egg 2":47,"WarpedTongs":4,"ClockworkSouvenir":35,"Ornamental Fan":85,"Bronze Scales":11,"Pantograph":54,"Bird Faced Urn":54,"Snecko Eye":59,"Orrery":98,"Pandora\u0027s Box":30,"Prayer Wheel":70,"Kunai":90,"PureWater":0}]},"card_choices":[{"not_picked":["Judgement","Alpha"],"picked":"Ragnarok","floor":0.0},{"not_picked":["InnerPeace","Weave"],"picked":"Wallop","floor":1.0},{"not_picked":["Protect","PathToVictory"],"picked":"CutThroughFate","floor":3.0},{"not_picked":["EmptyFist","ReachHeaven"],"picked":"InnerPeace","floor":4.0},{"not_picked":["ClearTheMind","ForeignInfluence"],"picked":"Halt","floor":6.0},{"not_picked":["Prostrate","SashWhip"],"picked":"ThirdEye","floor":11.0},{"not_picked":["Prostrate","EmptyMind"],"picked":"DeusExMachina","floor":12.0},{"not_picked":["Halt","PathToVictory"],"picked":"Consecrate","floor":13.0},{"not_picked":["WindmillStrike","Protect"],"picked":"CarveReality","floor":14.0},{"not_picked":["Vault","ConjureBlade"],"picked":"LessonLearned","floor":16.0},{"not_picked":["FlurryOfBlows","SandsOfTime+1"],"picked":"EmptyBody","floor":18.0},{"not_picked":["Protect","SashWhip"],"picked":"Halt+1","floor":19.0},{"not_picked":["Halt+1","Crescendo"],"picked":"MentalFortress","floor":21.0},{"not_picked":["CrushJoints","Crescendo"],"picked":"Fasting2+1","floor":22.0},{"not_picked":["BattleHymn+1","FlurryOfBlows"],"picked":"Evaluate","floor":24.0},{"not_picked":["LessonLearned","Consecrate+1","PathToVictory"],"picked":"SKIP","floor":28.0},{"not_picked":["Judgement","Protect+1"],"picked":"EmptyFist+1","floor":29.0},{"not_picked":["Brilliance","Alpha"],"picked":"Omniscience","floor":33.0},{"not_picked":["Prostrate","ThirdEye+1","FollowUp"],"picked":"SKIP","floor":35.0},{"not_picked":["FollowUp","SashWhip","Conclude"],"picked":"SKIP","floor":36.0},{"not_picked":["EmptyFist","Halt+1"],"picked":"DevaForm+1","floor":37.0},{"not_picked":["Consecrate+1","CrushJoints+1"],"picked":"MentalFortress+1","floor":38.0},{"not_picked":["EmptyBody","BattleHymn+1","CrushJoints+1"],"picked":"SKIP","floor":38.0},{"not_picked":["Crescendo","FlurryOfBlows"],"picked":"Evaluate+1","floor":39},{"not_picked":["CutThroughFate","EmptyBody"],"picked":"Tantrum","floor":39},{"not_picked":["Adaptation+1","Weave"],"picked":"SpiritShield","floor":41},{"not_picked":["Prostrate","Study+1"],"picked":"Halt+1","floor":42},{"not_picked":["BattleHymn+1","MentalFortress+1"],"picked":"TalkToTheHand+1","floor":42},{"not_picked":["PathToVictory+1","EmptyBody"],"picked":"Protect+1","floor":45},{"not_picked":["ThirdEye+1","CrushJoints+1"],"picked":"Nirvana+1","floor":47},{"not_picked":["Protect+1","Prostrate+1"],"picked":"TalkToTheHand+1","floor":47},{"not_picked":["Consecrate+1","WindmillStrike"],"picked":"Protect","floor":47},{"not_picked":["Establishment+1","CutThroughFate+1"],"picked":"WheelKick+1","floor":48},{"not_picked":["Conclude","EmptyBody","InnerPeace+1"],"picked":"SKIP","floor":48}],"player_experience":1326923,"relics_obtained":[{"floor":6.0,"key":"Bag of Preparation"},{"floor":7.0,"key":"Bronze Scales"},{"floor":9.0,"key":"The Courier"},{"floor":14.0,"key":"Whetstone"},{"floor":24.0,"key":"Frozen Egg 2"},{"floor":26.0,"key":"Lantern"},{"floor":29.0,"key":"Pantograph"},{"floor":31.0,"key":"Bird Faced Urn"},{"floor":37.0,"key":"Prayer Wheel"},{"floor":41,"key":"Ornamental Fan"},{"floor":43,"key":"Kunai"},{"floor":45,"key":"Pear"}],"event_choices":[{"damage_healed":0.0,"max_hp_gain":0.0,"max_hp_loss":0.0,"gold_gain":0.0,"event_name":"Accursed Blacksmith","player_choice":"Rummage","floor":2.0,"gold_loss":0.0,"damage_taken":0.0,"relics_obtained":["WarpedTongs"],"cards_obtained":["Pain"]},{"damage_healed":0.0,"max_hp_gain":0.0,"max_hp_loss":0.0,"gold_gain":0.0,"event_name":"MindBloom","player_choice":"Fight","floor":37.0,"gold_loss":0.0,"damage_taken":0.0}],"is_beta":false,"boss_relics":[{"not_picked":["Tiny House","SacredBark"],"picked":"Pandora\u0027s Box"},{"not_picked":["Philosopher\u0027s Stone","Busted Crown"],"picked":"Snecko Eye"}],"items_purged_floors":[5,47],"is_endless":false,"potions_floor_spawned":[1,4,12,13,14,16,21,22,24,29,36,38,39,45],"killed_by":"Shield and Spear","ascension_level":5}}