{"host":"l5zfpd2l2htson6l","time":1612425687,"event":{"mods":["AchievementEnabler","BaseMod","Colored Map","Colored Powertips","Minty Spire (QoL Compilation)","Permanent Neow","Quick Restart","Rare Cards Sparkle","Relic Stats","SuperFastMode"],"gold_per_floor":[360,74,74,93,5,5,35,35,88,88,88,101,129,141,141,220,220,236,246,3,3,3,3,28,28,75,108,123,142,142,242,242,313,313,330,355,355,365,376,376,387,419,419,430,456,219,273,307,307,307,307,307,32,62,62,62],"floor_reached":55,"language":"ENG","playtime":4530,"items_purged":["Strike_R","Strike_R"],"score":1588,"play_id":"4d02adf1-5049-47e9-b8e8-71b85de44c7f","local_time":"20210204000127","is_ascension_mode":true,"campfire_choices":[{"data":"Bash","floor":6.0,"key":"SMITH"},{"data":"Armaments","floor":8.0,"key":"SMITH"},{"floor":10.0,"key":"REST"},{"data":"Disarm","floor":15.0,"key":"SMITH"},{"data":"Whirlwind","floor":23.0,"key":"SMITH"},{"floor":25.0,"key":"REST"},{"data":"Double Tap","floor":30.0,"key":"SMITH"},{"data":"Spot Weakness","floor":32.0,"key":"SMITH"},{"data":"Flame Barrier","floor":40.0,"key":"SMITH"},{"data":"Pommel Strike","floor":49.0,"key":"SMITH"},{"data":"Pommel Strike","floor":52.0,"key":"SMITH"}],"circlet_count":0,"master_deck":["AscendersBane","Strike_R","Strike_R","Defend_R","Defend_R","Defend_R","Defend_R+1","Bash+1","Spot Weakness+1","Blood for Blood","Disarm+1","Reaper","Ghostly Armor+1","Cleave","Disarm","Armaments+1","Whirlwind+1","Twin Strike","Offering","Shrug It Off","Double Tap+1","RitualDagger","Necronomicurse","Bloodletting","Flame Barrier+1","Ghostly Armor+1","Shockwave","Pummel+1","Reaper","Heavy Blade","Pommel Strike+1","Parasite","Warcry+1","Headbutt","Spot Weakness","Pommel Strike+1","Exhume","Evolve","Offering","Clothesline+1"],"relics":["Burning Blood","Orrery","Darkstone Periapt","Strawberry","Blood Vial","Philosopher\u0027s Stone","Akabeko","Necronomicon","White Beast Statue","Dream Catcher","Bag of Preparation","Lizard Tail","StrikeDummy","Mark of Pain","TungstenRod","Red Skull","Bottled Flame","Charon\u0027s Ashes","StoneCalendar","Ancient Tea Set","DollysMirror","War Paint"],"acts_visited":["Exordium","TheCity","TheBeyond","TheEnding"],"potions_floor_usage":[55,55],"damage_taken":[{"damage":7.0,"enemies":"Jaw Worm","floor":1.0,"turns":3.0},{"damage":13.0,"enemies":"Cultist","floor":4.0,"turns":6.0},{"damage":33.0,"enemies":"Lagavulin","floor":7.0,"turns":8.0},{"damage":17.0,"enemies":"2 Louse","floor":12.0,"turns":4.0},{"damage":40.0,"enemies":"3 Sentries","floor":13.0,"turns":7.0},{"damage":12.0,"enemies":"2 Fungi Beasts","floor":14.0,"turns":4.0},{"damage":23.0,"enemies":"Hexaghost","floor":16.0,"turns":12.0},{"damage":28.0,"enemies":"2 Thieves","floor":18.0,"turns":4.0},{"damage":12.0,"enemies":"Shell Parasite","floor":19.0,"turns":7.0},{"damage":49.0,"enemies":"Slavers","floor":24.0,"turns":4.0},{"damage":57.0,"enemies":"Gremlin Leader","floor":27.0,"turns":10.0},{"damage":10.0,"enemies":"3 Cultists","floor":28.0,"turns":4.0},{"damage":0.0,"enemies":"Cultist and Chosen","floor":29.0,"turns":2.0},{"damage":6.0,"enemies":"Colosseum Slavers","floor":31.0,"turns":2.0},{"damage":0.0,"enemies":"Colosseum Nobs","floor":31.0,"turns":2.0},{"damage":82.0,"enemies":"Automaton","floor":33.0,"turns":9.0},{"damage":15.0,"enemies":"3 Shapes","floor":35.0,"turns":3.0},{"damage":39.0,"enemies":"Mind Bloom Boss Battle","floor":36.0,"turns":5.0},{"damage":34.0,"enemies":"3 Darklings","floor":38.0,"turns":7.0},{"damage":54.0,"enemies":"Transient","floor":39.0,"turns":6.0},{"damage":31.0,"enemies":"Writhing Mass","floor":41.0,"turns":6.0},{"damage":77.0,"enemies":"Nemesis","floor":42.0,"turns":7.0},{"damage":3.0,"enemies":"Jaw Worm Horde","floor":44.0,"turns":2.0},{"damage":42.0,"enemies":"Reptomancer","floor":45.0,"turns":5.0},{"damage":0.0,"enemies":"2 Orb Walkers","floor":47.0,"turns":1.0},{"damage":23.0,"enemies":"Giant Head","floor":48.0,"turns":4.0},{"damage":57.0,"enemies":"Awakened One","floor":50.0,"turns":8.0},{"damage":5.0,"enemies":"Shield and Spear","floor":54.0,"turns":1.0},{"damage":130,"enemies":"The Heart","floor":55,"turns":5}],"seed_played":"-7676265522256322000","potions_obtained":[{"floor":1.0,"key":"SteroidPotion"},{"floor":16.0,"key":"DistilledChaos"},{"floor":19.0,"key":"FearPotion"},{"floor":27.0,"key":"ColorlessPotion"},{"floor":28.0,"key":"Swift Potion"},{"floor":33.0,"key":"AttackPotion"},{"floor":35.0,"key":"SkillPotion"},{"floor":38.0,"key":"LiquidMemories"},{"floor":39.0,"key":"LiquidBronze"},{"floor":41.0,"key":"Fruit Juice"},{"floor":42.0,"key":"Block Potion"},{"floor":45.0,"key":"DistilledChaos"},{"floor":47.0,"key":"Swift Potion"},{"floor":48.0,"key":"HeartOfIron"},{"floor":54.0,"key":"Weak Potion"}],"is_trial":false,"path_per_floor":["M","$","?","M","$","R","E","R","T","R","?","M","E","M","R","B",null,"M","M","$","?","?","R","E","R","T","E","M","M","R","?","R","B",null,"M","?","T","M","M","R","M","E","T","M","E","$","?","E","R","B",null,"R","$","E","B"],"character_chosen":"IRONCLAD","items_purchased":["Blood for Blood","Orrery","Disarm","Akabeko","Double Tap","Spot Weakness","Pommel Strike","Evolve","DollysMirror","GamblersBrew"],"campfire_rested":2,"item_purchase_floors":[2,2,5,20,20,46,46,53,53,53],"current_hp_per_floor":[49,49,49,46,46,46,19,19,26,50,50,49,31,41,41,43,72,60,63,63,57,42,42,21,47,47,19,83,88,88,88,88,12,69,88,73,73,60,50,50,53,52,52,57,91,91,99,99,99,70,92,92,92,95,0,0],"gold":62,"neow_bonus":"TWO_FIFTY_GOLD","is_daily":false,"chose_seed":false,"campfire_upgraded":9,"win_rate":0.0,"timestamp":1612425687,"path_taken":["M","$","?","M","?","R","E","R","T","R","?","M","E","M","R","BOSS","M","M","$","?","?","R","E","R","T","E","M","M","R","?","R","BOSS","M","?","?","M","M","R","M","E","T","M","E","$","?","E","R","BOSS","R","$","E","BOSS"],"items_purchased_type":["Card","Relic","Card","Relic","Card","Card","Card","Card","Relic","Potion"],"build_version":"2020-12-22","purchased_purges":2,"victory":false,"max_hp_per_floor":[75,75,75,75,75,75,75,75,82,82,82,82,82,82,82,82,82,82,82,82,82,88,88,88,88,88,88,88,88,88,88,88,88,88,88,88,88,88,88,88,99,99,99,99,99,99,99,99,99,99,99,99,99,99,99,99],"relic_stats":{"Darkstone Periapt":12,"counters":[29,148],"StoneCalendar":[52],"Charon\u0027s Ashes":[87],"Bag of Preparation":[36],"War Paint":["Defend_R","Ghostly Armor"],"Burning Blood":147,"Blood Vial":36,"Dream Catcher":0,"Lizard Tail":49,"Necronomicon":[52],"obtain_stats":[{"Darkstone Periapt":7,"StoneCalendar":47,"Charon\u0027s Ashes":45,"Bag of Preparation":27,"War Paint":54,"Ancient Tea Set":48,"Burning Blood":0,"Akabeko":20,"White Beast Statue":24,"Blood Vial":13,"Dream Catcher":26,"Lizard Tail":31,"Bottled Flame":43,"DollysMirror":53,"Strawberry":9,"Orrery":2,"Philosopher\u0027s Stone":17,"Mark of Pain":34,"Necronomicon":22,"StrikeDummy":31,"TungstenRod":36,"Red Skull":42},{"Darkstone Periapt":3,"StoneCalendar":25,"Charon\u0027s Ashes":24,"Bag of Preparation":11,"War Paint":28,"Ancient Tea Set":26,"Burning Blood":0,"Akabeko":9,"White Beast Statue":10,"Blood Vial":5,"Dream Catcher":10,"Lizard Tail":15,"Bottled Flame":22,"DollysMirror":27,"Strawberry":3,"Orrery":1,"Philosopher\u0027s Stone":7,"Mark of Pain":16,"Necronomicon":9,"StrikeDummy":15,"TungstenRod":18,"Red Skull":22},{"Darkstone Periapt":17,"StoneCalendar":130,"Charon\u0027s Ashes":129,"Bag of Preparation":69,"War Paint":143,"Ancient Tea Set":134,"Burning Blood":0,"Akabeko":55,"White Beast Statue":59,"Blood Vial":28,"Dream Catcher":59,"Lizard Tail":79,"Bottled Flame":122,"DollysMirror":142,"Strawberry":17,"Orrery":3,"Philosopher\u0027s Stone":44,"Mark of Pain":88,"Necronomicon":55,"StrikeDummy":79,"TungstenRod":96,"Red Skull":122}],"TungstenRod":73},"card_choices":[{"not_picked":["Warcry","Fire Breathing"],"picked":"Spot Weakness","floor":1.0},{"not_picked":["Sever Soul","Ghostly Armor"],"picked":"Disarm","floor":2.0},{"not_picked":["Armaments","Carnage"],"picked":"Reaper","floor":2.0},{"not_picked":["Warcry","Headbutt"],"picked":"Ghostly Armor","floor":2.0},{"not_picked":["Body Slam","Iron Wave"],"picked":"Cleave","floor":2.0},{"not_picked":["Clothesline","Clash","Perfected Strike"],"picked":"SKIP","floor":4.0},{"not_picked":["Inflame","Clash"],"picked":"Armaments","floor":7.0},{"not_picked":["Perfected Strike","Rage"],"picked":"Whirlwind","floor":12.0},{"not_picked":["Body Slam","Disarm","Pommel Strike"],"picked":"SKIP","floor":13.0},{"not_picked":["Flex","True Grit"],"picked":"Twin Strike","floor":14.0},{"not_picked":["Juggernaut","Corruption"],"picked":"Offering","floor":16.0},{"not_picked":["Carnage","Inflame"],"picked":"Shrug It Off","floor":18.0},{"not_picked":["Perfected Strike","Second Wind","Ghostly Armor"],"picked":"SKIP","floor":19.0},{"not_picked":["Wild Strike","Carnage"],"picked":"Bloodletting","floor":24.0},{"not_picked":["Twin Strike","Cleave"],"picked":"Flame Barrier","floor":27.0},{"not_picked":["True Grit","Warcry"],"picked":"Ghostly Armor+1","floor":28.0},{"not_picked":["Intimidate","Body Slam"],"picked":"Shockwave","floor":29.0},{"not_picked":["Fiend Fire","Flex"],"picked":"Pummel+1","floor":31.0},{"not_picked":["Bludgeon","Juggernaut"],"picked":"Reaper","floor":33.0},{"not_picked":["Ghostly Armor","Twin Strike"],"picked":"Heavy Blade","floor":35.0},{"not_picked":["Heavy Blade","Second Wind"],"picked":"Pommel Strike","floor":38.0},{"not_picked":["Barricade","Cleave","Twin Strike"],"picked":"SKIP","floor":39.0},{"not_picked":["Armaments","Metallicize","Anger"],"picked":"SKIP","floor":41.0},{"not_picked":["Body Slam+1","Cleave"],"picked":"Warcry+1","floor":42.0},{"not_picked":["Thunderclap","True Grit"],"picked":"Headbutt","floor":44.0},{"not_picked":["Corruption","Body Slam","Ghostly Armor"],"picked":"SKIP","floor":45.0},{"not_picked":["Armaments","Thunderclap"],"picked":"Exhume","floor":48.0},{"not_picked":["Rupture+1","Feel No Pain"],"picked":"Clothesline+1","floor":54.0}],"player_experience":871706,"relics_obtained":[{"floor":7.0,"key":"Darkstone Periapt"},{"floor":9.0,"key":"Strawberry"},{"floor":13.0,"key":"Blood Vial"},{"floor":22.0,"key":"Necronomicon"},{"floor":24.0,"key":"White Beast Statue"},{"floor":26.0,"key":"Dream Catcher"},{"floor":27.0,"key":"Bag of Preparation"},{"floor":31.0,"key":"Lizard Tail"},{"floor":31.0,"key":"StrikeDummy"},{"floor":36.0,"key":"TungstenRod"},{"floor":42.0,"key":"Red Skull"},{"floor":43.0,"key":"Bottled Flame"},{"floor":45.0,"key":"Charon\u0027s Ashes"},{"floor":47.0,"key":"StoneCalendar"},{"floor":48.0,"key":"Ancient Tea Set"},{"floor":54.0,"key":"War Paint"}],"event_choices":[{"cards_removed":["Strike_R"],"damage_healed":0.0,"max_hp_gain":0.0,"max_hp_loss":0.0,"gold_gain":0.0,"event_name":"Bonfire Elementals","player_choice":"Offered Basic","floor":3.0,"gold_loss":0.0,"damage_taken":0.0},{"damage_healed":0.0,"max_hp_gain":0.0,"max_hp_loss":0.0,"gold_gain":0.0,"event_name":"Liars Game","player_choice":"Ignored","floor":11.0,"gold_loss":0.0,"damage_taken":0.0},{"damage_healed":0.0,"max_hp_gain":0.0,"max_hp_loss":0.0,"gold_gain":0.0,"event_name":"Nest","player_choice":"Joined the Cult","floor":21.0,"gold_loss":0.0,"damage_taken":6.0,"cards_obtained":["RitualDagger"]},{"damage_healed":0.0,"max_hp_gain":0.0,"max_hp_loss":0.0,"gold_gain":0.0,"event_name":"Cursed Tome","player_choice":"Obtained Book","floor":22.0,"gold_loss":0.0,"damage_taken":21.0},{"damage_healed":0.0,"max_hp_gain":0.0,"max_hp_loss":0.0,"gold_gain":0.0,"event_name":"Colosseum","player_choice":"Fight","floor":31.0,"gold_loss":0.0,"damage_taken":0.0},{"damage_healed":0.0,"max_hp_gain":0.0,"max_hp_loss":0.0,"gold_gain":0.0,"event_name":"Colosseum","player_choice":"Fought Nobs","floor":31.0,"gold_loss":0.0,"damage_taken":0.0},{"damage_healed":0.0,"max_hp_gain":0.0,"max_hp_loss":0.0,"gold_gain":0.0,"event_name":"MindBloom","player_choice":"Fight","floor":36.0,"gold_loss":0.0,"damage_taken":0.0},{"damage_healed":0.0,"max_hp_gain":0.0,"max_hp_loss":0.0,"gold_gain":0.0,"event_name":"Mysterious Sphere","player_choice":"Fight","floor":47.0,"gold_loss":0.0,"damage_taken":0.0}],"is_beta":false,"boss_relics":[{"not_picked":["Tiny House","Black Star"],"picked":"Philosopher\u0027s Stone"},{"not_picked":["Black Blood","Calling Bell"],"picked":"Mark of Pain"}],"items_purged_floors":[2,46],"is_endless":false,"potions_floor_spawned":[1,16,19,27,28,29,31,31,33,35,36,38,39,41,42,44,45,47,48,54],"killed_by":"The Heart","ascension_level":19}}