{"host":"qgrlfjrqk9z96gfi","time":1612409112,"event":{"mods":["BaseMod","Block Reminder","Colored Map","Custom Start","DeckTracker","Minty Spire (QoL Compilation)"],"gold_per_floor":[17,31,45,45,59,59,87,97,97,124,124,124,26,44,44,123,123,139,189,189,34,34,34,50,50,76,76,401,415,415,37,37,109,109,129,129,76,88,88,88,0,34,34,34,34],"floor_reached":44,"language":"ENG","playtime":1454,"items_purged":["Strike_G+1","Strike_G+1"],"score":904,"play_id":"ca86969d-dbf9-4699-8104-7594e4a2e9a1","local_time":"20210203172512","is_ascension_mode":true,"campfire_choices":[{"data":"Envenom","floor":6.0,"key":"SMITH"},{"data":"Phantasmal Killer","floor":15.0,"key":"SMITH"},{"data":"Corpse Explosion","floor":23.0,"key":"SMITH"},{"data":"After Image","floor":25.0,"key":"SMITH"},{"floor":27.0,"key":"REST"},{"floor":32.0,"key":"REST"},{"data":"Tactician","floor":40.0,"key":"SMITH"}],"circlet_count":0,"master_deck":["AscendersBane","Strike_G+1","Defend_G+1","Defend_G+1","Defend_G+1","Defend_G+1","Defend_G+1","Survivor","Blade Dance","Envenom+1","Blade Dance","Slice","PiercingWail","Neutralize","Dagger Spray","Backflip","Calculated Gamble","Phantasmal Killer+1","After Image+1","Acrobatics","Corpse Explosion+1","Heel Hook+1","Tactician+1","Terror","Well Laid Plans","A Thousand Cuts","Tactician","Reflex+1"],"relics":["Ring of the Snake","Orichalcum","The Specimen","Boot","Empty Cage","Happy Flower","Old Coin","PreservedInsect","HoveringKite","Red Mask","FossilizedHelix","Pantograph"],"acts_visited":["Exordium","TheCity","TheBeyond"],"potions_floor_usage":[],"damage_taken":[{"damage":3.0,"enemies":"Cultist","floor":1.0,"turns":4.0},{"damage":0.0,"enemies":"Small Slimes","floor":2.0,"turns":4.0},{"damage":3.0,"enemies":"2 Louse","floor":3.0,"turns":4.0},{"damage":18.0,"enemies":"Red Slaver","floor":5.0,"turns":5.0},{"damage":13.0,"enemies":"3 Sentries","floor":7.0,"turns":8.0},{"damage":11.0,"enemies":"Large Slime","floor":8.0,"turns":4.0},{"damage":0.0,"enemies":"2 Fungi Beasts","floor":14.0,"turns":2.0},{"damage":30.0,"enemies":"The Guardian","floor":16.0,"turns":13.0},{"damage":18.0,"enemies":"Shell Parasite","floor":18.0,"turns":6.0},{"damage":4.0,"enemies":"2 Thieves","floor":24.0,"turns":4.0},{"damage":35.0,"enemies":"Book of Stabbing","floor":28.0,"turns":5.0},{"damage":0.0,"enemies":"Snake Plant","floor":29.0,"turns":4.0},{"damage":38.0,"enemies":"Automaton","floor":33.0,"turns":10.0},{"damage":14.0,"enemies":"3 Shapes","floor":35.0,"turns":5.0},{"damage":18.0,"enemies":"3 Darklings","floor":38.0,"turns":4.0},{"damage":7.0,"enemies":"Giant Head","floor":42.0,"turns":8.0},{"damage":72,"enemies":"2 Orb Walkers","floor":44,"turns":4}],"seed_played":"-8004553006662055441","potions_obtained":[{"floor":3.0,"key":"EntropicBrew"},{"floor":7.0,"key":"Block Potion"},{"floor":14.0,"key":"Fire Potion"},{"floor":28.0,"key":"ColorlessPotion"},{"floor":33.0,"key":"PowerPotion"},{"floor":42.0,"key":"SpeedPotion"}],"is_trial":false,"path_per_floor":["M","M","M","$","M","R","E","M","T","T","?","?","$","M","R","B",null,"M","?","?","$","?","R","M","R","T","R","E","M","?","$","R","B",null,"M","?","$","M","?","R","?","E","T","?"],"character_chosen":"THE_SILENT","items_purchased":["Backflip","Calculated Gamble","Corpse Explosion","Terror","PreservedInsect","Well Laid Plans","Strength Potion"],"campfire_rested":2,"item_purchase_floors":[13,13,21,31,31,31,37],"current_hp_per_floor":[68,68,65,65,47,47,34,23,23,23,49,49,49,49,49,19,63,45,45,45,45,45,45,41,41,41,64,29,29,29,29,52,14,62,48,48,48,30,64,64,64,57,57,0,0],"gold":34,"neow_bonus":"TWENTY_PERCENT_HP_BONUS","is_daily":false,"chose_seed":false,"campfire_upgraded":5,"win_rate":0.0,"timestamp":1612409112,"path_taken":["M","M","M","?","M","R","E","?","T","?","?","?","$","?","R","BOSS","M","?","?","$","?","R","M","R","T","R","E","M","?","$","R","BOSS","M","?","$","M","?","R","?","E","T","?"],"items_purchased_type":["Card","Card","Card","Card","Relic","Card","Potion"],"build_version":"2020-12-22","purchased_purges":2,"victory":false,"max_hp_per_floor":[78,78,78,78,78,78,78,78,78,78,78,78,78,78,78,78,78,78,78,78,78,78,78,78,78,78,78,78,78,78,78,78,78,78,78,78,78,78,64,64,64,64,64,64,64],"card_choices":[{"not_picked":["Quick Slash","Deflect"],"picked":"Blade Dance","floor":1.0},{"not_picked":["Outmaneuver","Dash"],"picked":"Envenom","floor":2.0},{"not_picked":["Deadly Poison","Slice"],"picked":"Blade Dance","floor":3.0},{"not_picked":["Blade Dance","Deflect"],"picked":"Slice","floor":5.0},{"not_picked":["Poisoned Stab","Bullet Time","Slice"],"picked":"SKIP","floor":7.0},{"not_picked":["Acrobatics","Sucker Punch"],"picked":"PiercingWail","floor":8.0},{"not_picked":["Deflect","Catalyst"],"picked":"Phantasmal Killer","floor":14.0},{"not_picked":["Bullet Time","A Thousand Cuts"],"picked":"After Image","floor":16.0},{"not_picked":["Underhanded Strike","Dagger Throw"],"picked":"Acrobatics","floor":18.0},{"not_picked":["Noxious Fumes","Blade Dance"],"picked":"Heel Hook+1","floor":24.0},{"not_picked":["Bouncing Flask","Deflect","Flying Knee"],"picked":"SKIP","floor":28.0},{"not_picked":["Dodge and Roll","Choke"],"picked":"Tactician","floor":29.0},{"not_picked":["Venomology","Malaise"],"picked":"A Thousand Cuts","floor":33.0},{"not_picked":["Flying Knee","Poisoned Stab","Setup"],"picked":"SKIP","floor":35.0},{"not_picked":["Prepared","Acrobatics+1"],"picked":"Tactician","floor":38.0},{"not_picked":["Dagger Spray","Escape Plan"],"picked":"Reflex+1","floor":42.0}],"player_experience":1104883,"relics_obtained":[{"floor":7.0,"key":"Orichalcum"},{"floor":9.0,"key":"The Specimen"},{"floor":10.0,"key":"Boot"},{"floor":26.0,"key":"Happy Flower"},{"floor":28.0,"key":"Old Coin"},{"floor":42.0,"key":"FossilizedHelix"},{"floor":43.0,"key":"Pantograph"}],"event_choices":[{"damage_healed":26.0,"max_hp_gain":0.0,"max_hp_loss":0.0,"gold_gain":0.0,"event_name":"Big Fish","player_choice":"Banana","floor":11.0,"gold_loss":0.0,"damage_taken":0.0},{"damage_healed":0.0,"max_hp_gain":0.0,"max_hp_loss":0.0,"gold_gain":0.0,"event_name":"Match and Keep!","player_choice":"2 cards matched","floor":12.0,"gold_loss":0.0,"damage_taken":0.0,"cards_obtained":["Neutralize","Dagger Spray"]},{"damage_healed":0.0,"max_hp_gain":0.0,"max_hp_loss":0.0,"gold_gain":50.0,"event_name":"Nest","player_choice":"Stole From Cult","floor":19.0,"gold_loss":0.0,"damage_taken":0.0},{"damage_healed":0.0,"max_hp_gain":0.0,"max_hp_loss":0.0,"gold_gain":0.0,"event_name":"Back to Basics","player_choice":"Simplicity","floor":20.0,"gold_loss":0.0,"damage_taken":0.0,"cards_upgraded":["Strike_G","Strike_G","Strike_G","Defend_G","Defend_G","Defend_G","Defend_G","Defend_G"]},{"damage_healed":0.0,"max_hp_gain":0.0,"max_hp_loss":0.0,"gold_gain":0.0,"event_name":"Vampires","player_choice":"Ignored","floor":22.0,"gold_loss":0.0,"damage_taken":0.0},{"damage_healed":0.0,"max_hp_gain":0.0,"max_hp_loss":0.0,"gold_gain":0.0,"event_name":"Ghosts","player_choice":"Ignored","floor":30.0,"gold_loss":0.0,"damage_taken":0.0},{"cards_removed":["Neutralize"],"damage_healed":0.0,"max_hp_gain":0.0,"max_hp_loss":0.0,"gold_gain":0.0,"event_name":"Falling","player_choice":"Removed Attack","floor":36.0,"gold_loss":0.0,"damage_taken":0.0},{"damage_healed":64.0,"max_hp_gain":0.0,"max_hp_loss":14.0,"gold_gain":0.0,"event_name":"The Moai Head","player_choice":"Heal","floor":39.0,"gold_loss":0.0,"damage_taken":0.0},{"damage_healed":0.0,"max_hp_gain":0.0,"max_hp_loss":0.0,"gold_gain":0.0,"event_name":"Tomb of Lord Red Mask","player_choice":"Paid","floor":41.0,"gold_loss":88.0,"damage_taken":0.0,"relics_obtained":["Red Mask"]},{"damage_healed":0,"gold_gain":0,"player_choice":"Fight","damage_taken":0,"max_hp_gain":0,"max_hp_loss":0,"event_name":"Mysterious Sphere","floor":44,"gold_loss":0}],"is_beta":false,"boss_relics":[{"not_picked":["Busted Crown","Ring of the Serpent"],"picked":"Empty Cage"},{"not_picked":["Pandora\u0027s Box","Black Star"],"picked":"HoveringKite"}],"items_purged_floors":[21,31],"is_endless":false,"potions_floor_spawned":[3,7,14,28,33,38,42],"killed_by":"2 Orb Walkers","ascension_level":20}}