{"host":"7sni158j623xchr2","time":1612425720,"event":{"mods":["BaseMod","Colored Map","Highlight Path","Minty Spire (QoL Compilation)","Permanent Neow","Potion Indicator Mod","Rare Cards Sparkle","Relic Sorter","Relic Stats","StSLib","everything is the same but u backflip on backflip"],"gold_per_floor":[113,113,63,82,99,134,134,165,165,196,196,214,248,260,260,362,362,374,392,91,91,103,103,114,114,137,237,237,269,269,288,288,388,388,404,419,432,134,151,151,170,170,196,237,237,138,159,159,159,159,159,159,11,55,55],"floor_reached":56,"language":"ENG","playtime":2227,"items_purged":["Defend_B"],"score":1320,"play_id":"30e8cac6-51cf-4177-91e7-5b4cd202009c","local_time":"20210204020200","is_ascension_mode":true,"campfire_choices":[{"floor":7,"key":"RECALL"},{"floor":11,"key":"REST"},{"floor":15,"key":"REST"},{"floor":23,"key":"REST"},{"floor":28,"key":"REST"},{"floor":30,"key":"REST"},{"floor":32,"key":"REST"},{"floor":40,"key":"REST"},{"floor":42,"key":"REST"},{"floor":49,"key":"REST"},{"floor":52,"key":"REST"}],"circlet_count":0,"master_deck":["Defend_B","Defend_B","Zap","Dualcast","Compile Driver","Loop","Sweeping Beam","Ball Lightning","Defragment","Sweeping Beam","Lockon+1","Seek","Turbo+1","Heatsinks+1","Skim+1","Genetic Algorithm","Seek","Defragment","Seek","Defragment","Core Surge+1","Electrodynamics","Chaos+1","Go for the Eyes+1","Beam Cell+1","Glacier+1","Machine Learning","Sunder+1","Force Field","Coolheaded"],"relics":["Fusion Hammer","Gremlin Horn","Mercury Hourglass","Matryoshka","Symbiotic Virus","Blue Candle","Astrolabe","DollysMirror","Potion Belt","Ginger","HornCleat","Strawberry","SacredBark","Lantern","Centennial Puzzle","CeramicFish","Bag of Preparation","Ornamental Fan","Whetstone"],"acts_visited":["Exordium","TheCity","TheBeyond","TheEnding"],"potions_floor_usage":[6,8,27,37,44,50,55,55,55,55,55,55,55,55,55],"damage_taken":[{"damage":0,"enemies":"2 Louse","floor":1,"turns":2},{"damage":0,"enemies":"Small Slimes","floor":4,"turns":2},{"damage":1,"enemies":"Cultist","floor":5,"turns":3},{"damage":5,"enemies":"Gremlin Nob","floor":6,"turns":4},{"damage":24,"enemies":"3 Sentries","floor":8,"turns":5},{"damage":6,"enemies":"Gremlin Nob","floor":10,"turns":3},{"damage":7,"enemies":"2 Fungi Beasts","floor":12,"turns":2},{"damage":4,"enemies":"3 Sentries","floor":13,"turns":3},{"damage":0,"enemies":"3 Louse","floor":14,"turns":1},{"damage":25,"enemies":"Hexaghost","floor":16,"turns":7},{"damage":0,"enemies":"Spheric Guardian","floor":18,"turns":3},{"damage":5,"enemies":"Shell Parasite","floor":19,"turns":4},{"damage":5,"enemies":"Centurion and Healer","floor":22,"turns":4},{"damage":4,"enemies":"Cultist and Chosen","floor":24,"turns":3},{"damage":18,"enemies":"Colosseum Slavers","floor":27,"turns":3},{"damage":15,"enemies":"Colosseum Nobs","floor":27,"turns":3},{"damage":36,"enemies":"Slavers","floor":29,"turns":4},{"damage":8,"enemies":"Snake Plant","floor":31,"turns":3},{"damage":24,"enemies":"Champ","floor":33,"turns":11},{"damage":5,"enemies":"3 Shapes","floor":35,"turns":2},{"damage":9,"enemies":"3 Darklings","floor":36,"turns":3},{"damage":3,"enemies":"Maw","floor":37,"turns":7},{"damage":4,"enemies":"4 Shapes","floor":39,"turns":3},{"damage":1,"enemies":"Jaw Worm Horde","floor":41,"turns":3},{"damage":6,"enemies":"Giant Head","floor":44,"turns":8},{"damage":30,"enemies":"Maw","floor":47,"turns":5},{"damage":45,"enemies":"Time Eater","floor":50,"turns":7},{"damage":45,"enemies":"Shield and Spear","floor":54,"turns":6},{"damage":53,"enemies":"The Heart","floor":55,"turns":7}],"seed_played":"5517064336568068661","potions_obtained":[{"floor":1,"key":"LiquidBronze"},{"floor":4,"key":"AttackPotion"},{"floor":10,"key":"BlessingOfTheForge"},{"floor":16,"key":"Swift Potion"},{"floor":19,"key":"Fire Potion"},{"floor":22,"key":"FocusPotion"},{"floor":24,"key":"EntropicBrew"},{"floor":29,"key":"LiquidBronze"},{"floor":31,"key":"Explosive Potion"},{"floor":36,"key":"Fire Potion"},{"floor":37,"key":"Fruit Juice"},{"floor":39,"key":"Block Potion"},{"floor":54,"key":"BlessingOfTheForge"}],"is_trial":false,"path_per_floor":["M","?","?","M","M","E","R","E","T","E","R","M","E","M","R","B",null,"M","M","$","?","M","R","M","?","T","?","R","E","R","M","R","B",null,"M","M","M","$","M","R","M","R","T","E","?","$","M","?","R","B",null,"R","$","E","B",null],"character_chosen":"DEFECT","items_purchased":["DollysMirror","Defragment","Lantern","Centennial Puzzle","CultistPotion","Force Field","LiquidBronze"],"campfire_rested":10,"item_purchase_floors":[20,20,38,38,46,53,53],"current_hp_per_floor":[75,68,68,68,67,62,62,38,38,32,54,47,43,43,65,40,75,75,70,70,70,65,75,71,71,71,38,60,31,55,47,71,47,82,77,68,75,75,71,92,91,92,92,86,86,86,56,56,82,37,87,87,87,42,34],"gold":55,"neow_bonus":"BOSS_RELIC","is_daily":false,"chose_seed":false,"campfire_upgraded":0,"win_rate":0.0,"timestamp":1612425720,"path_taken":["M","?","?","M","M","E","R","E","T","E","R","M","E","M","R","BOSS","M","M","$","?","M","R","?","?","T","?","R","E","R","M","R","BOSS","M","M","M","$","M","R","M","R","T","E","?","$","M","?","R","BOSS","R","$","E","BOSS"],"items_purchased_type":["Relic","Card","Relic","Relic","Potion","Card","Potion"],"build_version":"2020-12-22","purchased_purges":1,"victory":true,"max_hp_per_floor":[75,75,75,75,75,75,75,75,75,75,75,75,75,75,75,75,75,75,75,75,75,75,75,75,75,75,75,75,82,82,82,82,82,82,82,82,92,92,92,92,92,92,92,92,92,92,92,87,87,87,87,87,87,87,87],"relic_stats":{"Centennial Puzzle":[20],"Gremlin Horn":[21,21],"counters":[29,120],"Ornamental Fan":[40],"Blue Candle":[0],"Astrolabe":["Turbo","Heatsinks","Skim"],"CeramicFish":36,"Bag of Preparation":[10],"Ginger":[16],"Whetstone":["Core Surge","Lockon"],"obtain_stats":[{"Potion Belt":26,"Lantern":38,"Gremlin Horn":6,"Blue Candle":13,"Astrolabe":17,"SacredBark":34,"CeramicFish":43,"Bag of Preparation":43,"Ginger":27,"Whetstone":54,"Mercury Hourglass":8,"Centennial Puzzle":38,"Matryoshka":9,"HornCleat":27,"DollysMirror":20,"Ornamental Fan":44,"Strawberry":29,"Fusion Hammer":0,"Cracked Core":0,"Symbiotic Virus":10},{"Potion Belt":14,"Lantern":22,"Gremlin Horn":4,"Blue Candle":8,"Astrolabe":10,"SacredBark":19,"CeramicFish":24,"Bag of Preparation":24,"Ginger":16,"Whetstone":28,"Mercury Hourglass":5,"Centennial Puzzle":22,"Matryoshka":5,"HornCleat":16,"DollysMirror":12,"Ornamental Fan":25,"Strawberry":17,"Fusion Hammer":0,"Cracked Core":0,"Symbiotic Virus":6},{"Potion Belt":46,"Lantern":81,"Gremlin Horn":11,"Blue Candle":24,"Astrolabe":32,"SacredBark":69,"CeramicFish":87,"Bag of Preparation":87,"Ginger":51,"Whetstone":113,"Mercury Hourglass":16,"Centennial Puzzle":81,"Matryoshka":16,"HornCleat":51,"DollysMirror":39,"Ornamental Fan":95,"Strawberry":55,"Fusion Hammer":0,"Cracked Core":0,"Symbiotic Virus":19}],"Mercury Hourglass":[375]},"card_choices":[{"not_picked":["Chill","Redo","Blizzard"],"picked":"SKIP","floor":1},{"not_picked":["Gash","Beam Cell"],"picked":"Compile Driver","floor":4},{"not_picked":["Auto Shields","Hologram"],"picked":"Loop","floor":5},{"not_picked":["Rip and Tear","Cold Snap"],"picked":"Sweeping Beam","floor":6},{"not_picked":["Go for the Eyes","Turbo"],"picked":"Ball Lightning","floor":8},{"not_picked":["Chaos","Gash"],"picked":"Defragment","floor":10},{"not_picked":["Redo","Beam Cell"],"picked":"Sweeping Beam","floor":12},{"not_picked":["Ball Lightning","Amplify"],"picked":"Lockon","floor":13},{"not_picked":["Stack","Undo"],"picked":"Coolheaded","floor":14},{"not_picked":["Thunder Strike","Reboot"],"picked":"Seek","floor":16},{"not_picked":["Stack","Leap","Hello World+1"],"picked":"SKIP","floor":18},{"not_picked":["Barrage+1","Rebound"],"picked":"Genetic Algorithm","floor":19},{"not_picked":["Double Energy+1","Gash","Beam Cell"],"picked":"SKIP","floor":22},{"not_picked":["Compile Driver","Reprogram","Heatsinks"],"picked":"SKIP","floor":24},{"not_picked":["Sweeping Beam","Beam Cell"],"picked":"Core Surge","floor":29},{"not_picked":["Compile Driver","Aggregate","Stack"],"picked":"SKIP","floor":31},{"not_picked":["Multi-Cast","Rainbow"],"picked":"Electrodynamics","floor":33},{"not_picked":["Compile Driver","Blizzard+1"],"picked":"Chaos+1","floor":35},{"not_picked":["Double Energy+1","Turbo+1"],"picked":"Go for the Eyes+1","floor":36},{"not_picked":["Heatsinks","Sweeping Beam"],"picked":"Beam Cell+1","floor":37},{"not_picked":["Go for the Eyes","Recycle+1","Steam Power"],"picked":"SKIP","floor":39},{"not_picked":["Turbo","Stack+1"],"picked":"Glacier+1","floor":41},{"not_picked":["Sunder","Fission"],"picked":"Machine Learning","floor":44},{"not_picked":["Ball Lightning","Cold Snap"],"picked":"Sunder+1","floor":47},{"not_picked":["Lockon","Fusion"],"picked":"Coolheaded","floor":54}],"player_experience":1749654,"relics_obtained":[{"floor":6,"key":"Gremlin Horn"},{"floor":8,"key":"Mercury Hourglass"},{"floor":9,"key":"Matryoshka"},{"floor":10,"key":"Symbiotic Virus"},{"floor":13,"key":"Blue Candle"},{"floor":26,"key":"Potion Belt"},{"floor":27,"key":"Ginger"},{"floor":27,"key":"HornCleat"},{"floor":29,"key":"Strawberry"},{"floor":43,"key":"CeramicFish"},{"floor":43,"key":"Bag of Preparation"},{"floor":44,"key":"Ornamental Fan"},{"floor":54,"key":"Whetstone"}],"event_choices":[{"cards_removed":["Defend_B"],"damage_healed":0,"gold_gain":0,"player_choice":"Card Removal","damage_taken":7,"max_hp_gain":0,"max_hp_loss":0,"event_name":"Golden Wing","floor":2,"gold_loss":0},{"cards_removed":["Strike_B"],"damage_healed":0,"gold_gain":0,"player_choice":"Card Removal","damage_taken":0,"max_hp_gain":0,"max_hp_loss":0,"event_name":"The Cleric","floor":3,"gold_loss":50},{"damage_healed":0,"gold_gain":0,"player_choice":"Copied","damage_taken":0,"max_hp_gain":0,"max_hp_loss":0,"event_name":"Duplicator","floor":21,"gold_loss":0,"cards_obtained":["Seek"]},{"damage_healed":0,"gold_gain":0,"player_choice":"Read","damage_taken":0,"max_hp_gain":0,"max_hp_loss":0,"event_name":"The Library","floor":25,"gold_loss":0,"cards_obtained":["Defragment"]},{"damage_healed":0,"gold_gain":0,"player_choice":"Fight","damage_taken":0,"max_hp_gain":0,"max_hp_loss":0,"event_name":"Colosseum","floor":27,"gold_loss":0},{"damage_healed":0,"gold_gain":0,"player_choice":"Fought Nobs","damage_taken":0,"max_hp_gain":0,"max_hp_loss":0,"event_name":"Colosseum","floor":27,"gold_loss":0},{"cards_removed":["Coolheaded"],"damage_healed":0,"gold_gain":0,"player_choice":"Removed Skill","damage_taken":0,"max_hp_gain":0,"max_hp_loss":0,"event_name":"Falling","floor":45,"gold_loss":0},{"damage_healed":0,"gold_gain":0,"player_choice":"Max HP","damage_taken":0,"max_hp_gain":0,"max_hp_loss":5,"event_name":"Winding Halls","floor":48,"gold_loss":0}],"is_beta":false,"boss_relics":[{"not_picked":["Inserter","Velvet Choker"],"picked":"Astrolabe"},{"not_picked":["Coffee Dripper","Runic Dome"],"picked":"SacredBark"}],"items_purged_floors":[20],"is_endless":false,"potions_floor_spawned":[1,4,10,16,19,22,24,29,31,36,37,39,47,54],"ascension_level":2}}