{"host":"poixavpewvabi3b6","time":1612432075,"event":{"mods":["BaseMod","DeckTracker","GungeonMod","Minty Spire (QoL Compilation)","StSLib"],"gold_per_floor":[119,69,144,29,29,29,64,38,38,38,56,56,88,107,107,206,206,219,219,144,154,169,169,184,184,211,243,243,261,278,99,99,99,99],"floor_reached":33,"language":"KOR","playtime":2412,"items_purged":["DemoMod:Strike_Huntress","DemoMod:Strike_Huntress"],"score":298,"play_id":"b23b58a8-db3c-43f3-b3b3-402b9a0b33e8","local_time":"20210204184755","is_ascension_mode":false,"campfire_choices":[{"floor":6,"key":"REST"},{"floor":12,"key":"REST"},{"floor":15,"key":"REST"},{"floor":23,"key":"REST"},{"floor":25,"key":"REST"},{"floor":32,"key":"REST"}],"circlet_count":0,"master_deck":["DemoMod:Defend_Huntress","DemoMod:Defend_Huntress","DemoMod:Defend_Huntress","DemoMod:Defend_Huntress","DemoMod:Roll","DemoMod:ManualReload","DemoMod:RustySidearm","DemoMod:CrossBow","DemoMod:TripleGun+1","DemoMod:FastSwitch","DemoMod:MachoBrace","DemoMod:StickyCrossBow","DemoMod:ChanceBullets","DemoMod:StickyCrossBow","DemoMod:SuppressiveFire","DemoMod:SkilledReload+1","DemoMod:AWP","DemoMod:Camera+1","DemoMod:PotionOfGunFriendShip+1","DemoMod:AbyssalTentacle","DemoMod:HungryBullets"],"relics":["DemoMod:Dog","Vajra","DemoMod:GnawedKey","DemoMod:RedGuonStone","Letter Opener","DemoMod:CrisisStone","White Beast Statue","DemoMod:DecoyRelic","SacredBark","DemoMod:PortableTableDevice","DemoMod:Plus1Bullets","Tiny Chest","Regal Pillow"],"acts_visited":["Exordium","TheCity"],"potions_floor_usage":[16,16,18,24,27,27,33],"damage_taken":[{"damage":2,"enemies":"Small Slimes","floor":1,"turns":3},{"damage":34,"enemies":"3 Sentries","floor":7,"turns":10},{"damage":0,"enemies":"2 Louse","floor":11,"turns":3},{"damage":19,"enemies":"Gremlin Nob","floor":13,"turns":4},{"damage":7,"enemies":"Jaw Worm","floor":14,"turns":3},{"damage":27,"enemies":"Hexaghost","floor":16,"turns":7},{"damage":0,"enemies":"Shell Parasite","floor":18,"turns":6},{"damage":18,"enemies":"2 Thieves","floor":21,"turns":5},{"damage":32,"enemies":"Snake Plant","floor":22,"turns":3},{"damage":13,"enemies":"Snecko","floor":24,"turns":4},{"damage":11,"enemies":"Gremlin Leader","floor":27,"turns":3},{"damage":10,"enemies":"Centurion and Healer","floor":29,"turns":4},{"damage":0,"enemies":"Snake Plant","floor":30,"turns":3},{"damage":68,"enemies":"Automaton","floor":33,"turns":6}],"seed_played":"-1108829019771456985","potions_obtained":[{"floor":1,"key":"BlessingOfTheForge"},{"floor":11,"key":"FearPotion"},{"floor":14,"key":"Swift Potion"},{"floor":16,"key":"SteroidPotion"},{"floor":18,"key":"Energy Potion"},{"floor":21,"key":"DistilledChaos"},{"floor":24,"key":"Explosive Potion"},{"floor":27,"key":"Swift Potion"},{"floor":29,"key":"SteroidPotion"}],"is_trial":false,"path_per_floor":["M","?","?","$","?","R","E","$","T","?","M","R","E","M","R","B",null,"M","?","$","M","M","R","M","R","T","E","?","M","M","$","R","B"],"character_chosen":"HUNTRESS","items_purchased":["DemoMod:GnawedKey","DemoMod:MachoBrace","DemoMod:PortableTableDevice","DemoMod:HungryBullets"],"campfire_rested":6,"item_purchase_floors":[4,8,20,31],"current_hp_per_floor":[68,68,57,57,54,70,36,36,36,36,36,57,38,31,52,25,70,70,70,70,52,20,41,28,49,49,38,38,28,28,28,64,0,0],"gold":99,"neow_bonus":"RANDOM_COMMON_RELIC","is_daily":false,"chose_seed":false,"campfire_upgraded":0,"win_rate":0.0,"timestamp":1612432075,"path_taken":["M","?","?","$","?","R","E","?","T","?","?","R","E","M","R","BOSS","M","?","$","M","?","R","M","R","T","E","?","M","M","$","R","BOSS"],"items_purchased_type":["Relic","Card","Relic","Card"],"build_version":"2020-12-22","purchased_purges":2,"victory":false,"max_hp_per_floor":[70,70,70,70,70,70,70,70,70,70,70,70,70,70,70,70,70,70,70,70,70,70,70,70,70,70,70,70,70,70,70,70,70,70],"card_choices":[{"not_picked":["DemoMod:BoxingGlove","DemoMod:ConditionalReflex"],"picked":"DemoMod:TripleGun","floor":1},{"not_picked":["DemoMod:TeaPot","DemoMod:ProbeStrike"],"picked":"DemoMod:FastSwitch","floor":7},{"not_picked":["DemoMod:TripleGun","DemoMod:Unity"],"picked":"DemoMod:StickyCrossBow","floor":11},{"not_picked":["DemoMod:PracticeMakesPerfect","DemoMod:JK47"],"picked":"DemoMod:ChanceBullets","floor":13},{"not_picked":["DemoMod:FastSwitch","DemoMod:TableSutra"],"picked":"DemoMod:StickyCrossBow","floor":14},{"not_picked":["DemoMod:BulletBore","DemoMod:DarkMarker"],"picked":"DemoMod:SuppressiveFire","floor":16},{"not_picked":["DemoMod:Unmoved+1","DemoMod:FastSwitch"],"picked":"DemoMod:SkilledReload+1","floor":18},{"not_picked":["DemoMod:Unity","DemoMod:BoxingGlove"],"picked":"DemoMod:AWP","floor":21},{"not_picked":["DemoMod:FortunesFavor","DemoMod:HuntsMan"],"picked":"DemoMod:Camera+1","floor":22},{"not_picked":["DemoMod:FastSwitch","DemoMod:Purify"],"picked":"DemoMod:PotionOfGunFriendShip+1","floor":24},{"not_picked":["DemoMod:Rummage+1","DemoMod:AC15"],"picked":"DemoMod:AbyssalTentacle","floor":27},{"not_picked":["DemoMod:CombinedRifle","DemoMod:Ejector","DemoMod:HuntsMan"],"picked":"SKIP","floor":29},{"not_picked":["DemoMod:Ejector","DemoMod:FeignSurrender","DemoMod:TripleGun"],"picked":"SKIP","floor":30}],"player_experience":152419,"relics_obtained":[{"floor":7,"key":"Letter Opener"},{"floor":9,"key":"DemoMod:CrisisStone"},{"floor":13,"key":"White Beast Statue"},{"floor":16,"key":"DemoMod:DecoyRelic"},{"floor":26,"key":"DemoMod:Plus1Bullets"},{"floor":27,"key":"Tiny Chest"}],"event_choices":[{"cards_removed":["DemoMod:Strike_Huntress"],"damage_healed":0,"gold_gain":0,"player_choice":"Card Removal","damage_taken":0,"max_hp_gain":0,"max_hp_loss":0,"event_name":"The Cleric","floor":2,"gold_loss":50},{"damage_healed":0,"gold_gain":75,"player_choice":"Gather Gold","damage_taken":11,"max_hp_gain":0,"max_hp_loss":0,"event_name":"World of Goop","floor":3,"gold_loss":0},{"damage_healed":0,"gold_gain":0,"player_choice":"Success","damage_taken":3,"relics_obtained":["DemoMod:RedGuonStone"],"max_hp_gain":0,"max_hp_loss":0,"event_name":"Scrap Ooze","floor":5,"gold_loss":0},{"damage_healed":0,"gold_gain":0,"player_choice":"Forge","damage_taken":0,"max_hp_gain":0,"max_hp_loss":0,"event_name":"Accursed Blacksmith","floor":10,"gold_loss":0,"cards_upgraded":["DemoMod:TripleGun"]},{"damage_healed":0,"gold_gain":0,"player_choice":"Ignored","damage_taken":0,"max_hp_gain":0,"max_hp_loss":0,"event_name":"N\u0027loth","floor":19,"gold_loss":0},{"damage_healed":0,"gold_gain":0,"player_choice":"Opened","damage_taken":0,"relics_obtained":["Regal Pillow"],"max_hp_gain":0,"max_hp_loss":0,"event_name":"The Mausoleum","floor":28,"gold_loss":0}],"is_beta":false,"boss_relics":[{"not_picked":["Runic Dome","Runic Pyramid"],"picked":"SacredBark"}],"items_purged_floors":[20,31],"is_endless":false,"potions_floor_spawned":[1,11,14,16,18,21,22,24,27,29,30],"killed_by":"Automaton","ascension_level":0}}