{"host":"sav7uxregyirlf69","time":1612404777,"event":{"mods":["AchievementEnabler","BaseMod","Colored Map","DeckTracker","Keyboard Shortcuts","Minty Spire (QoL Compilation)","READ ME - Guardian Mod","StSLib","SuperFastMode"],"gold_per_floor":[111,111,186,198,97,97,122,122,122,122,122,143,159,177,177,275,275,293,208,17,17,37,37,62,78,124,124,124,124],"floor_reached":28,"language":"KOR","playtime":378,"items_purged":["Strike_G","Strike_G"],"score":486,"play_id":"3d6dd96e-de58-49c2-b615-8af334329fcb","local_time":"20210204111257","is_ascension_mode":true,"campfire_choices":[{"data":"Masterful Stab","floor":6,"key":"SMITH"},{"data":"Deadly Poison","floor":8,"key":"SMITH"},{"data":"Neutralize","floor":11,"key":"SMITH"},{"data":"Blade Dance","floor":15,"key":"SMITH"},{"data":"Noxious Fumes","floor":23,"key":"SMITH"}],"circlet_count":0,"master_deck":["AscendersBane","Strike_G","Defend_G","Defend_G","Defend_G","Defend_G","Defend_G","Survivor","Neutralize+1","Dagger Throw","Masterful Stab+1","Deadly Poison+1","Blade Dance+1","Backflip+1","Adrenaline","Bouncing Flask+1","Noxious Fumes+1","Footwork","Escape Plan","Bouncing Flask","A Thousand Cuts"],"relics":["Ring of the Serpent","NeowsBlessing","Strawberry","Regal Pillow","Golden Idol","War Paint","Juzu Bracelet"],"acts_visited":["Exordium","TheCity"],"potions_floor_usage":[24,25],"damage_taken":[{"damage":0,"enemies":"Jaw Worm","floor":1,"turns":1},{"damage":0,"enemies":"2 Louse","floor":4,"turns":1},{"damage":0,"enemies":"Lagavulin","floor":7,"turns":1},{"damage":0,"enemies":"Small Slimes","floor":12,"turns":2},{"damage":8,"enemies":"Blue Slaver","floor":13,"turns":2},{"damage":0,"enemies":"Large Slime","floor":14,"turns":3},{"damage":29,"enemies":"Hexaghost","floor":16,"turns":10},{"damage":0,"enemies":"Spheric Guardian","floor":18,"turns":3},{"damage":27,"enemies":"Shell Parasite","floor":22,"turns":4},{"damage":18,"enemies":"Snecko","floor":24,"turns":4},{"damage":16,"enemies":"3 Cultists","floor":25,"turns":5},{"damage":12,"enemies":"Centurion and Healer","floor":28,"turns":8}],"seed_played":"-3561207828228186427","potions_obtained":[{"floor":12,"key":"SteroidPotion"},{"floor":13,"key":"Regen Potion"},{"floor":14,"key":"FairyPotion"}],"is_trial":false,"path_per_floor":["M","?","?","M","$","R","E","R","T","?","R","M","M","M","R","B",null,"M","?","$","?","M","R","M","M","T","?","M"],"character_chosen":"THE_SILENT","items_purchased":["Deadly Poison","Noxious Fumes","Explosive Potion"],"campfire_rested":0,"item_purchase_floors":[5,20,20],"current_hp_per_floor":[59,59,48,48,48,48,55,55,55,30,30,30,22,22,22,17,59,59,59,59,59,32,32,28,12,12,12,0,0],"gold":124,"neow_bonus":"THREE_ENEMY_KILL","is_daily":false,"chose_seed":false,"campfire_upgraded":5,"win_rate":0.0,"timestamp":1612404777,"path_taken":["M","?","?","M","?","R","E","R","T","?","R","M","M","M","R","BOSS","M","?","$","?","M","R","M","M","T","?","M"],"items_purchased_type":["Card","Card","Potion"],"build_version":"2020-12-22","purchased_purges":2,"victory":false,"max_hp_per_floor":[66,66,66,66,66,66,73,73,73,73,73,73,73,73,73,73,73,73,73,73,73,73,73,73,73,73,73,73,73],"card_choices":[{"not_picked":["Catalyst","PiercingWail"],"picked":"Dagger Throw","floor":1},{"not_picked":["Sucker Punch","Slice"],"picked":"Masterful Stab","floor":4},{"not_picked":["Caltrops","Deflect","Prepared"],"picked":"SKIP","floor":7},{"not_picked":["Masterful Stab","Accuracy"],"picked":"Blade Dance","floor":12},{"not_picked":["Bane","Flechettes","Dagger Throw"],"picked":"SKIP","floor":13},{"not_picked":["A Thousand Cuts","Flying Knee"],"picked":"Backflip","floor":14},{"not_picked":["Corpse Explosion","Wraith Form v2"],"picked":"Adrenaline","floor":16},{"not_picked":["Dagger Spray","Well Laid Plans"],"picked":"Bouncing Flask","floor":18},{"not_picked":["Crippling Poison","Accuracy","Bane"],"picked":"SKIP","floor":22},{"not_picked":["Deflect","Blade Dance+1"],"picked":"Escape Plan","floor":24},{"not_picked":["Acrobatics","Deflect","Sucker Punch"],"picked":"SKIP","floor":25}],"player_experience":1479612,"relics_obtained":[{"floor":7,"key":"Strawberry"},{"floor":9,"key":"Regal Pillow"},{"floor":26,"key":"Juzu Bracelet"}],"event_choices":[{"damage_healed":0,"gold_gain":0,"player_choice":"Ignored","damage_taken":0,"max_hp_gain":0,"max_hp_loss":0,"event_name":"Liars Game","floor":2,"gold_loss":0},{"damage_healed":0,"gold_gain":75,"player_choice":"Gather Gold","damage_taken":11,"max_hp_gain":0,"max_hp_loss":0,"event_name":"World of Goop","floor":3,"gold_loss":0},{"damage_healed":0,"gold_gain":0,"player_choice":"Take Damage","damage_taken":25,"relics_obtained":["Golden Idol"],"max_hp_gain":0,"max_hp_loss":0,"event_name":"Golden Idol","floor":10,"gold_loss":0},{"damage_healed":0,"gold_gain":0,"player_choice":"Obtained Relic","damage_taken":0,"relics_obtained":["War Paint"],"max_hp_gain":0,"max_hp_loss":0,"event_name":"Addict","floor":19,"gold_loss":85},{"damage_healed":0,"gold_gain":0,"player_choice":"Read","damage_taken":0,"max_hp_gain":0,"max_hp_loss":0,"event_name":"The Library","floor":21,"gold_loss":0,"cards_obtained":["Footwork"]},{"damage_healed":0,"gold_gain":0,"cards_transformed":["Strike_G","Strike_G"],"player_choice":"Became Test Subject","damage_taken":0,"max_hp_gain":0,"max_hp_loss":0,"event_name":"Drug Dealer","floor":27,"gold_loss":0,"cards_obtained":["Bouncing Flask","A Thousand Cuts"]}],"is_beta":false,"boss_relics":[{"not_picked":["Snecko Eye","Velvet Choker"],"picked":"Ring of the Serpent"}],"items_purged_floors":[5,20],"is_endless":false,"potions_floor_spawned":[12,13,14,22],"killed_by":"Centurion and Healer","ascension_level":20}}