{"host":"cxw7stcug18i4p1b","time":1612447419,"event":{"mods":["BaseMod","Colored Powertips","Hubris","Infinite Spire","Minty Spire (QoL Compilation)","Replay The Spire","StSLib","The Cursed","The Hierophant"],"gold_per_floor":[109,4,20,20,34,62,79,106,106,106,138,138,138,138,138,239,239,252,268,268,286,300,300,327,46,70,82,100,113,113,113,113,212,212,225,245,245,258,258,292,2292,2292,2345,2373,2390,2390,2407,2427,2427,2427,2427,2427,1475,1501,1501],"floor_reached":56,"language":"ZHS","playtime":5499,"items_purged":[],"score":1474,"play_id":"f17262b1-4262-4399-9ae6-2d3cee85d055","local_time":"20210204090339","is_ascension_mode":true,"campfire_choices":[{"floor":10,"key":"REST"},{"floor":12,"key":"REST"},{"floor":23,"key":"REST"},{"floor":46,"key":"RECALL"},{"data":"1","floor":49,"key":"LIFT"},{"data":"2","floor":52,"key":"LIFT"}],"circlet_count":0,"master_deck":["Strike_G","Strike_G","Strike_G+1","Strike_G","Strike_G","Defend_G","Defend_G","Defend_G","Defend_G+1","Survivor","Neutralize","Masterful Stab","Riddle With Holes+1","Flying Knee+1","Flying Knee+1","Deadly Poison","Infinite Blades+1","Outmaneuver","Poisoned Stab","Cloak And Dagger","Sucker Punch","Phantasmal Killer","Catalyst","Blade Dance+1","RitualDagger","Dash","hubris:Sniper+1","Outmaneuver+1","Choke","hubris:Counter+1","Bane+1","Backstab","A Thousand Cuts","Dash+1","PiercingWail","infinitespire:Gouge","Deflect+1","ReplayTheSpireMod:From All Sides","Riddle With Holes+1","Pot Of Greed","Pot Of Greed","Pot Of Greed","Pot Of Greed","Die Die Die","Magnetism","Infinite Blades","Prepared","Infinite Blades+1","ReplayTheSpireMod:Echoes of Time","Outmaneuver+1","Flechettes+1","Storm of Steel","Pot Of Greed","hubris:SlightOfHand+1","Noxious Fumes","ReplayTheSpireMod:The Works","Crow Ritual","Slice","Bane","Bouncing Flask"],"relics":["Ring of the Snake","Toy Ornithopter","HornCleat","InkBottle","Mercury Hourglass","infinitespire:Satchel","infinitespire:BottledMercury","Honey Jar","ReplayFunnel","Replay:Bottled Eggs","Shuriken","Black Star","hubris:Towel","StoneCalendar","Girya","Chemical X","Ornamental Fan","Grinning Jar","Art of War","PreservedInsect","Nunchaku","hubris:SphereOfDissonance","Simple Rune","Frozen Eye","Pet Ghost","Byrd Skull"],"acts_visited":["Exordium","TheCity","TheBeyond","TheEnding"],"potions_floor_usage":[6,8,16,22,24,28,29,33,44],"damage_taken":[{"damage":5,"enemies":"Cultist","floor":1,"turns":5},{"damage":7,"enemies":"Small Slimes","floor":3,"turns":3},{"damage":0,"enemies":"Jaw Worm","floor":5,"turns":2},{"damage":29,"enemies":"Lagavulin","floor":6,"turns":7},{"damage":4,"enemies":"2 Fungi Beasts","floor":7,"turns":3},{"damage":4,"enemies":"3 Sentries","floor":8,"turns":5},{"damage":18,"enemies":"Gremlin Nob","floor":11,"turns":4},{"damage":56,"enemies":"The Guardian","floor":16,"turns":9},{"damage":0,"enemies":"Spheric Guardian","floor":18,"turns":3},{"damage":17,"enemies":"2 Thieves","floor":19,"turns":4},{"damage":22,"enemies":"Sentry and Sphere","floor":21,"turns":4},{"damage":26,"enemies":"Snake Plant","floor":22,"turns":4},{"damage":10,"enemies":"Replay:Snechameleon","floor":24,"turns":7},{"damage":0,"enemies":"Snecko","floor":27,"turns":3},{"damage":0,"enemies":"3 Cultists","floor":28,"turns":4},{"damage":33,"enemies":"Centurion and Healer","floor":29,"turns":5},{"damage":13,"enemies":"hubris:MusketHawk","floor":33,"turns":6},{"damage":33,"enemies":"3 Darklings","floor":35,"turns":5},{"damage":7,"enemies":"Orb Walker","floor":36,"turns":3},{"damage":77,"enemies":"4 Shapes","floor":38,"turns":6},{"damage":35,"enemies":"Giant Head","floor":40,"turns":7},{"damage":117,"enemies":"Nightmare","floor":44,"turns":7},{"damage":27,"enemies":"Spire Growth","floor":45,"turns":4},{"damage":13,"enemies":"Maw","floor":47,"turns":5},{"damage":38,"enemies":"3 Darklings","floor":48,"turns":5},{"damage":15,"enemies":"hubris:GrandSnecko","floor":50,"turns":10},{"damage":10,"enemies":"Shield and Spear","floor":54,"turns":3},{"damage":72,"enemies":"The Heart","floor":55,"turns":5}],"seed_played":"2725080415994967860","potions_obtained":[{"floor":5,"key":"Strength Potion"},{"floor":6,"key":"Strength Potion"},{"floor":8,"key":"Elixir"},{"floor":11,"key":"FearPotion"},{"floor":21,"key":"GamblersBrew"},{"floor":22,"key":"Weak Potion"},{"floor":24,"key":"Regen Potion"},{"floor":29,"key":"CunningPotion"},{"floor":38,"key":"AttackPotion"},{"floor":40,"key":"Weak Potion"},{"floor":47,"key":"FearPotion"}],"is_trial":false,"path_per_floor":["M","$","M","?","M","E","M","E","T","R","E","R","?","T","R","B",null,"M","M","?","M","M","R","E","$","T","M","M","M","?","?","R","B",null,"M","M","AVR","M","?","E","$","?","T","NM","M","R","M","M","R","B",null,"R","$","E","B",null],"character_chosen":"THE_SILENT","items_purchased":["Riddle With Holes","Flying Knee","Replay:Bottled Eggs","Choke","Riddle With Holes+1","Chemical X","Ornamental Fan","FearPotion","SmokeBomb","Grinning Jar","Die Die Die","Magnetism","Infinite Blades","Prepared","Noxious Fumes","ReplayTheSpireMod:The Works","Crow Ritual","hubris:SphereOfDissonance","Simple Rune","Frozen Eye","Slice","Bane"],"campfire_rested":3,"item_purchase_floors":[2,2,25,25,41,41,41,41,41,41,41,41,41,41,53,53,53,53,53,53,53,53],"current_hp_per_floor":[65,65,58,58,58,34,30,31,31,52,34,55,55,55,70,19,70,70,53,47,25,4,25,20,20,20,20,30,2,2,1,22,14,70,37,30,30,13,70,70,70,70,70,70,70,70,70,70,70,70,70,70,70,70,70],"gold":1501,"neow_bonus":"RANDOM_COMMON_RELIC","is_daily":false,"chose_seed":false,"campfire_upgraded":0,"win_rate":0.0,"timestamp":1612447419,"path_taken":["M","?","M","?","?","E","M","E","T","R","E","R","?","?","R","BOSS","M","M","?","M","M","R","E","$","T","M","M","M","?","?","R","BOSS","M","M","AVR","M","?","E","$","?","T","NM","?","R","M","M","R","BOSS","R","$","E","BOSS"],"items_purchased_type":["Card","Card","Relic","Card","Card","Relic","Relic","Potion","Potion","Relic","Card","Card","Card","Card","Card","Card","Card","Relic","Relic","Relic","Card","Card"],"build_version":"2020-12-22","purchased_purges":0,"victory":true,"max_hp_per_floor":[70,70,70,70,70,70,70,70,70,70,70,70,70,70,70,70,70,70,70,70,70,70,70,70,70,70,70,70,70,70,70,70,70,70,70,70,70,70,70,70,70,70,70,70,70,70,70,70,70,70,70,70,70,70,70],"card_choices":[{"not_picked":["Sucker Punch","Fluid Movement"],"picked":"Masterful Stab","floor":1},{"not_picked":["Masterful Stab","Quick Slash"],"picked":"Deadly Poison","floor":3},{"not_picked":["Underhanded Strike","Poisoned Stab"],"picked":"Infinite Blades","floor":5},{"not_picked":["Deadly Poison","Prepared"],"picked":"Outmaneuver","floor":6},{"not_picked":["Dodge and Roll","Skewer"],"picked":"Poisoned Stab","floor":7},{"not_picked":["Flying Knee","Bouncing Flask"],"picked":"Cloak And Dagger","floor":8},{"not_picked":["Skewer","Blade Dance"],"picked":"Sucker Punch","floor":11},{"not_picked":["Glass Knife","ReplayTheSpireMod:Necrosis"],"picked":"Phantasmal Killer","floor":16},{"not_picked":["Blur","Poisoned Stab","Hidden Blade"],"picked":"Catalyst","floor":18},{"not_picked":["hubris:SlightOfHand","Dagger Throw+1","Eviscerate"],"picked":"Blade Dance+1","floor":19},{"not_picked":["PiercingWail","Poisoned Stab+1","Acrobatics"],"picked":"Dash","floor":21},{"not_picked":["Unload","Deflect","Dagger Throw+1"],"picked":"hubris:Sniper+1","floor":22},{"not_picked":["Hidden Blade+1","Bane","Distraction"],"picked":"Outmaneuver+1","floor":24},{"not_picked":["Quick Slash","Outmaneuver","Backflip"],"picked":"hubris:Counter+1","floor":27},{"not_picked":["Prepared","Doppelganger","Underhanded Strike"],"picked":"Bane+1","floor":28},{"not_picked":["Deflect","Cloak And Dagger","Slice"],"picked":"Backstab","floor":29},{"not_picked":["Grand Finale","Unload","ReplayTheSpireMod:From All Sides"],"picked":"A Thousand Cuts","floor":33},{"not_picked":["Backstab","Deadly Poison+1","Slice+1"],"picked":"Dash+1","floor":35},{"not_picked":["hubris:SlightOfHand+1","Expertise+1","Blade Dance"],"picked":"PiercingWail","floor":36},{"not_picked":["Terror","Bane+1","Sucker Punch"],"picked":"Deflect+1","floor":38},{"not_picked":["Dagger Spray","Outmaneuver","Dagger Throw+1"],"picked":"ReplayTheSpireMod:From All Sides","floor":40},{"not_picked":["hubris:Rewind","ReplayTheSpireMod:??????????????????????"],"picked":"ReplayTheSpireMod:Echoes of Time","floor":44},{"not_picked":["Flying Knee","Skewer","Heel Hook"],"picked":"Outmaneuver+1","floor":44},{"not_picked":["Poisoned Stab","Dagger Spray+1","Underhanded Strike+1"],"picked":"Flechettes+1","floor":45},{"not_picked":["Flying Knee+1","Concentrate+1","Hidden Blade+1"],"picked":"Storm of Steel","floor":47},{"not_picked":["Toxin Wave","Dagger Spray","Dagger Throw+1"],"picked":"hubris:SlightOfHand+1","floor":48},{"not_picked":["Flechettes+1","Prepared","Backflip"],"picked":"Bouncing Flask","floor":54}],"player_experience":126453,"relics_obtained":[{"floor":6,"key":"HornCleat"},{"floor":8,"key":"InkBottle"},{"floor":9,"key":"Mercury Hourglass"},{"floor":11,"key":"infinitespire:Satchel"},{"floor":14,"key":"infinitespire:BottledMercury"},{"floor":24,"key":"ReplayFunnel"},{"floor":40,"key":"StoneCalendar"},{"floor":40,"key":"Girya"},{"floor":43,"key":"Art of War"},{"floor":44,"key":"PreservedInsect"},{"floor":44,"key":"Nunchaku"},{"floor":54,"key":"Pet Ghost"},{"floor":54,"key":"Byrd Skull"}],"event_choices":[{"cards_removed":["Defend_G"],"damage_healed":0,"gold_gain":0,"player_choice":"Offered Basic","damage_taken":0,"max_hp_gain":0,"max_hp_loss":0,"event_name":"Bonfire Elementals","floor":4,"gold_loss":0},{"damage_healed":0,"gold_gain":0,"player_choice":"Grow","damage_taken":0,"max_hp_gain":0,"max_hp_loss":0,"event_name":"Living Wall","floor":13,"gold_loss":0,"cards_upgraded":["Infinite Blades"]},{"damage_healed":0,"gold_gain":0,"player_choice":"Joined the Cult","damage_taken":6,"max_hp_gain":0,"max_hp_loss":0,"event_name":"Nest","floor":20,"gold_loss":0,"cards_obtained":["RitualDagger"]},{"damage_healed":0,"gold_gain":0,"player_choice":"Copied","damage_taken":0,"max_hp_gain":0,"max_hp_loss":0,"event_name":"Duplicator","floor":42,"gold_loss":0,"cards_obtained":["Infinite Blades"]}],"is_beta":false,"boss_relics":[{"not_picked":["Empty Cage","Cursed Key"],"picked":"Honey Jar"},{"not_picked":["Fusion Hammer","Philosopher\u0027s Stone"],"picked":"Black Star"}],"items_purged_floors":[],"is_endless":false,"potions_floor_spawned":[5,6,8,11,21,22,24,29,38,40,47],"ascension_level":2}}