{"host":"8a72fthmlk1o8pdb","time":1612479688,"event":{"mods":["AchievementEnabler","Aspiration","Astrologer","Bard","BaseMod","Beaked The Cultist","Better Sensory Stone","Better Skull","Better Third Choice","ChefMod","Colored Map","Colored Powertips","Dark Map","Downfall","Friendly Minions","GifTheSpireLib","Googly Eyes","Gremlin Mod","Hermit","JesterMod","Jorbs\u0027s Wanderer Trilogy","Marisa????????","Minty Spire (QoL Compilation)","Permanent Neow","Random Character Button","Rare Cards Sparkle","Relic Stats","Reliquary","Robot Space Explorer","Shade Mod","Shop Mod","Somnambulant","StSLib","The Alterego","The Animator","The Blue Laboratory","The Construct","The Cursed","The Disciple","The Hayseed","The Hierophant","The Marked","The Necromancer","The Poker Player","The Problem Sleuth","The Runesmith","thorton"],"gold_per_floor":[113,129,129,148,168,168,212,212,212,227,227,260,41,66,66,66,66],"floor_reached":16,"language":"ENG","playtime":916,"items_purged":["hermit:Strike_Hermit"],"score":118,"play_id":"b9450b8b-8665-483e-b973-64da3753a018","local_time":"20210204150128","is_ascension_mode":true,"campfire_choices":[{"data":"hermit:Manifest","floor":6,"key":"SMITH"},{"floor":8,"key":"REST"},{"floor":15,"key":"REST"}],"circlet_count":0,"master_deck":["hermit:Strike_Hermit","hermit:Strike_Hermit","hermit:Defend_Hermit","hermit:Defend_Hermit","hermit:Defend_Hermit","hermit:Defend_Hermit","hermit:Snapshot","hermit:Covet","hermit:Reprieve","hermit:Manifest+1","hermit:Coalescence","Injury","hermit:Spite","hermit:Malice","hermit:Manifest","hermit:ShadowCloak"],"relics":["hermit:Momento","Golden Idol","Bag of Marbles","Regal Pillow","hermit:PetGhost"],"acts_visited":["Exordium"],"potions_floor_usage":[12,16,16],"damage_taken":[{"damage":8,"enemies":"Jaw Worm","floor":1,"turns":4},{"damage":0,"enemies":"2 Louse","floor":2,"turns":3},{"damage":1,"enemies":"Cultist","floor":4,"turns":5},{"damage":10,"enemies":"Large Slime","floor":5,"turns":8},{"damage":23,"enemies":"Gremlin Nob","floor":7,"turns":5},{"damage":13,"enemies":"Lots of Slimes","floor":10,"turns":4},{"damage":9,"enemies":"3 Sentries","floor":12,"turns":4},{"damage":0,"enemies":"Looter","floor":14,"turns":3},{"damage":100071,"enemies":"Hexaghost","floor":16,"turns":16}],"seed_played":"-1399905676852587403","potions_obtained":[{"floor":2,"key":"blueLaboratory:NullPotion"},{"floor":12,"key":"sneckomod:MuddlingPotion"},{"floor":14,"key":"ColorlessPotion"}],"is_trial":false,"path_per_floor":["M","M","?","M","M","R","E","R","T","M","?","E","$","M","R","B"],"character_chosen":"HERMIT","items_purchased":["hermit:PetGhost"],"campfire_rested":2,"item_purchase_floors":[13],"current_hp_per_floor":[67,67,67,66,56,56,37,59,59,50,43,34,34,34,71,0,0],"gold":66,"neow_bonus":"ONE_RANDOM_RARE_CARD","is_daily":false,"chose_seed":false,"campfire_upgraded":1,"win_rate":0.0,"timestamp":1612479688,"path_taken":["M","M","?","M","M","R","E","R","T","M","?","E","$","M","R","BOSS"],"items_purchased_type":["Relic"],"build_version":"2020-12-22","purchased_purges":1,"victory":false,"max_hp_per_floor":[75,75,75,75,75,75,75,75,75,75,75,75,75,75,75,75,75],"relic_stats":{"Regal Pillow":15,"counters":[9,52],"Golden Idol":32,"obtain_stats":[{"Regal Pillow":12,"hermit:PetGhost":13,"Golden Idol":3,"Bag of Marbles":7,"hermit:Momento":0},{"Regal Pillow":7,"hermit:PetGhost":7,"Golden Idol":2,"Bag of Marbles":5,"hermit:Momento":0},{"Regal Pillow":33,"hermit:PetGhost":33,"Golden Idol":7,"Bag of Marbles":25,"hermit:Momento":0}]},"card_choices":[{"not_picked":["hermit:LowProfile","hermit:Scavenge"],"picked":"hermit:Manifest","floor":1},{"not_picked":["hermit:Manifest","hermit:Combo"],"picked":"hermit:Coalescence","floor":2},{"not_picked":["hermit:TrackingShot","hermit:Horror"],"picked":"hermit:Spite","floor":4},{"not_picked":["hermit:CalledShot","hermit:BodyArmor"],"picked":"hermit:Malice","floor":5},{"not_picked":["hermit:LoneWolf","hermit:Adapt","hermit:TakeAim"],"picked":"SKIP","floor":7},{"not_picked":["hermit:HoleUp","hermit:Desperado"],"picked":"hermit:Manifest","floor":10},{"not_picked":["hermit:WideOpen","hermit:Quickdraw"],"picked":"hermit:ShadowCloak","floor":12},{"not_picked":["hermit:LowProfile","hermit:BodyArmor","hermit:Roulette"],"picked":"SKIP","floor":14}],"player_experience":138616,"relics_obtained":[{"floor":7,"key":"Bag of Marbles"},{"floor":12,"key":"Regal Pillow"}],"event_choices":[{"damage_healed":0,"gold_gain":0,"player_choice":"Take Wound","damage_taken":0,"relics_obtained":["Golden Idol"],"max_hp_gain":0,"max_hp_loss":0,"event_name":"Golden Idol","floor":3,"gold_loss":0,"cards_obtained":["Injury"]},{"cards_removed":["hermit:Strike_Hermit"],"damage_healed":0,"gold_gain":0,"player_choice":"Card Removal","damage_taken":7,"max_hp_gain":0,"max_hp_loss":0,"event_name":"Golden Wing","floor":11,"gold_loss":0}],"is_beta":false,"boss_relics":[],"items_purged_floors":[13],"is_endless":false,"potions_floor_spawned":[2,12,14],"killed_by":"Hexaghost","ascension_level":1}}