{"host":"erjc6dqs793djrmy","time":1612452079,"event":{"mods":["BaseMod","Minty Spire (QoL Compilation)","StSLib","The Animator"],"gold_per_floor":[129,204,119,129,147,147,185,185,185,185,360,96,96,42,42,42,42],"floor_reached":16,"language":"ENG","playtime":898,"items_purged":["animator:Strike_OnePunchMan"],"score":158,"play_id":"305134c2-e452-4fc2-9e53-768d7a9fd621","local_time":"20210204102119","is_ascension_mode":true,"campfire_choices":[{"data":"animator:Millim","floor":6,"key":"SMITH"},{"data":"animator:NarberalGamma","floor":8,"key":"SMITH"},{"floor":10,"key":"REST"},{"data":"animator:Defend_Overlord","floor":15,"key":"SMITH"}],"circlet_count":0,"master_deck":["AscendersBane","animator:Strike_Overlord+1","animator:Defend_Overlord+1","animator:Cocytus","animator:Demiurge","animator:Millim+1","animator:Strike_Konosuba","animator:Strike_OwariNoSeraph","animator:Defend_FullmetalAlchemist","animator:Defend_MadokaMagica","animator:Defend_Overlord","animator:YaoHaDucy","animator:Demiurge","animator:NarberalGamma+1","animator:Kaijin","animator:YaoHaDucy"],"relics":["animator:LivingPicture","animator:TheMissingPiece","NeowsBlessing","Art of War","Omamori","Tiny Chest","Golden Idol"],"acts_visited":["Exordium"],"potions_floor_usage":[7,7,7],"damage_taken":[{"damage":0,"enemies":"Jaw Worm","floor":1,"turns":1},{"damage":0,"enemies":"Small Slimes","floor":4,"turns":1},{"damage":0,"enemies":"2 Louse","floor":5,"turns":1},{"damage":35,"enemies":"3 Sentries","floor":7,"turns":10},{"damage":33,"enemies":"Hexaghost","floor":16,"turns":7}],"seed_played":"2725702784001784818","potions_obtained":[{"floor":5,"key":"EntropicBrew"}],"is_trial":false,"path_per_floor":["M","?","?","M","M","R","E","R","T","R","?","$","?","$","R","B"],"character_chosen":"THE_ANIMATOR","items_purchased":["Tiny Chest","animator:Kaijin","animator:YaoHaDucy"],"campfire_rested":1,"item_purchase_floors":[12,12,14],"current_hp_per_floor":[59,48,48,48,48,48,13,13,13,32,32,32,32,32,32,0,0],"gold":42,"neow_bonus":"THREE_ENEMY_KILL","is_daily":false,"chose_seed":false,"campfire_upgraded":3,"win_rate":0.0,"timestamp":1612452079,"path_taken":["M","?","?","M","M","R","E","R","T","R","?","$","?","$","R","BOSS"],"items_purchased_type":["Relic","Card","Card"],"build_version":"2020-12-22","purchased_purges":1,"victory":false,"max_hp_per_floor":[66,66,66,66,66,66,66,66,66,66,66,66,66,66,66,66,66],"card_choices":[{"not_picked":["animator:Witch","animator:Vesta"],"picked":"animator:Millim","floor":1},{"not_picked":["animator:DwarfShaman","animator:EmiyaShirou"],"picked":"animator:YaoHaDucy","floor":4},{"not_picked":["animator:Vesta","animator:Kuribayashi"],"picked":"animator:Demiurge","floor":5},{"not_picked":["animator:Cocytus","animator:Evileye"],"picked":"animator:NarberalGamma","floor":7}],"player_experience":427980,"relics_obtained":[{"floor":7,"key":"Art of War"},{"floor":9,"key":"Omamori"}],"event_choices":[{"damage_healed":0,"gold_gain":75,"player_choice":"Gather Gold","damage_taken":11,"max_hp_gain":0,"max_hp_loss":0,"event_name":"World of Goop","floor":2,"gold_loss":0},{"damage_healed":0,"gold_gain":175,"player_choice":"AGREE","damage_taken":0,"max_hp_gain":0,"max_hp_loss":0,"event_name":"Liars Game","floor":11,"gold_loss":0,"cards_obtained":["Doubt"]},{"damage_healed":0,"gold_gain":0,"player_choice":"Take Wound","damage_taken":0,"relics_obtained":["Golden Idol"],"max_hp_gain":0,"max_hp_loss":0,"event_name":"Golden Idol","floor":13,"gold_loss":0,"cards_obtained":["Injury"]}],"is_beta":false,"boss_relics":[],"items_purged_floors":[12],"is_endless":false,"potions_floor_spawned":[5],"killed_by":"Hexaghost","ascension_level":13}}