{"host":"Ringo","time":1612449829,"event":{"mods":["BaseMod","Colored Map","Conspire","Dota2Spire","Hubris","Minty Spire (QoL Compilation)","Replay The Spire","StSLib","The Construct","[IsaacMod]ÒÔÈö¼âËþ","¡¾ÒÅÎï¿¨ÅÆ¡¿REMEMod"],"gold_per_floor":[116,135,152,162,226,254,289,289,289,324,351,383,409,437,437,516,516,534,552,552,572,86,120,135,165,192,223,248,7,20,49,49,133,133,152,164,174,193,213,239,273,305,305,338,349,406,437,453,453,453,453],"floor_reached":52,"language":"ZHS","playtime":1237,"items_purged":[],"score":3599,"play_id":"0cbb946b-e151-40df-8cf2-511649f6c567","local_time":"20210204224349","daily_mods":["SealedDeck","Vintage","Heirloom","Time Dilation","Flight","DeadlyEvents","Elite Swarm","Lethality","Binary"],"is_ascension_mode":true,"campfire_choices":[{"data":"Armaments","floor":8,"key":"SMITH"},{"data":"Shrug It Off","floor":15,"key":"SMITH"},{"data":"Pot Of Greed","floor":32,"key":"SMITH"},{"data":"Sword Boomerang","floor":49,"key":"SMITH"}],"circlet_count":0,"master_deck":["AscendersBane","Master of Strategy+1","Anger+1","Cleave","Twin Strike","Flex","ReplayTheSpireMod:Limb From Limb","Seeing Red","Armaments+1","Shrug It Off+1","Uppercut","Thunderclap+1","Limit Break","Sword Boomerang+1","Rage","Metallicize+1","Pot Of Greed+1","Pot Of Greed","Inflame","REME_Scribble","REME_Cut"],"relics":["Burning Blood","Busted Crown","HushsDoor","REME_ComplimentaryCards","replay:Trail_Library","Dota2Spire:HeartOfTarrasque","BelialBook","Replay:Mystery Machine","Bag of Marbles","hubris:FunFungus","Dota2Spire:Dagon","DeathBook","Whetstone","Akabeko","Dota2Spire:BladeMail","Dota2Spire:UrnOfShadows","Dota2Spire:Satanic","construct:BoolHorns","Paper Frog","Philosopher\u0027s Stone","GuppysPaw","GuppysHairball","Dota2Spire:ArcaneBoots","hubris:TenFootPole","HowToJump","ReplayTheSpireMod:TigerMarble","Dota2Spire:ShadowBlade","REME_HandOfSuture","MealTicket","Dota2Spire:OctarineCore","Grinning Jar","SalivaCoin","Red Skull","Replay:Baseball","Replay:PocketPolymizer","hubris:Potato","Black Star","GuppysHead","White Beast Statue","Bronze Scales","Replay:Bottled Snecko","conspire:BottledYoYo","conspire:TopHat","PokeGo","conspire:DeflatedDodgeball","Ornamental Fan","Question Card","conspire:Dentures","Quantum Egg","Toy Ornithopter","MoneyPower","Shuriken","Replay:Bottled Steam","ReplayFunnel","Bag of Preparation","ReplayTheSpireMod:Spearhead","Dota2Spire:PowerTreads"],"acts_visited":["Exordium","TheCity","TheBeyond"],"potions_floor_usage":[6,51,51],"damage_taken":[{"damage":0,"enemies":"Jaw Worm","floor":1,"turns":1},{"damage":0,"enemies":"Cultist","floor":2,"turns":1},{"damage":0,"enemies":"conspire:RoseBush","floor":3,"turns":1},{"damage":0,"enemies":"Blue Slaver","floor":4,"turns":1},{"damage":0,"enemies":"Replay:BlueRogue","floor":6,"turns":1},{"damage":8,"enemies":"3 Sentries","floor":7,"turns":2},{"damage":0,"enemies":"Lagavulin","floor":10,"turns":2},{"damage":0,"enemies":"Replay:BlueRogue","floor":11,"turns":1},{"damage":0,"enemies":"Gremlin Nob","floor":12,"turns":1},{"damage":0,"enemies":"3 Sentries","floor":13,"turns":1},{"damage":0,"enemies":"Gremlin Nob","floor":14,"turns":2},{"damage":0,"enemies":"Slime Boss","floor":16,"turns":1},{"damage":0,"enemies":"3 Byrds","floor":18,"turns":1},{"damage":0,"enemies":"Shell Parasite","floor":19,"turns":1},{"damage":0,"enemies":"Centurion and Healer","floor":21,"turns":1},{"damage":0,"enemies":"conspire:Head Lice","floor":23,"turns":1},{"damage":0,"enemies":"conspire:HollyBat","floor":24,"turns":3},{"damage":0,"enemies":"Gremlin Leader","floor":25,"turns":1},{"damage":0,"enemies":"conspire:Head Lice","floor":27,"turns":1},{"damage":0,"enemies":"Book of Stabbing","floor":28,"turns":1},{"damage":0,"enemies":"Cultist and Chosen","floor":30,"turns":1},{"damage":0,"enemies":"REME_1_Revenger","floor":31,"turns":1},{"damage":0,"enemies":"Champ","floor":33,"turns":2},{"damage":0,"enemies":"Orb Walker","floor":35,"turns":1},{"damage":0,"enemies":"3 Darklings","floor":36,"turns":1},{"damage":0,"enemies":"Sphere and 2 Shapes","floor":37,"turns":1},{"damage":0,"enemies":"Writhing Mass","floor":38,"turns":2},{"damage":0,"enemies":"Maw","floor":39,"turns":1},{"damage":0,"enemies":"Nemesis","floor":40,"turns":1},{"damage":0,"enemies":"Giant Head","floor":41,"turns":1},{"damage":0,"enemies":"R_Hoarder","floor":42,"turns":1},{"damage":0,"enemies":"Reptomancer","floor":44,"turns":1},{"damage":0,"enemies":"Spire Growth","floor":45,"turns":1},{"damage":0,"enemies":"Hiden Room Battle","floor":46,"turns":1},{"damage":0,"enemies":"Nemesis","floor":47,"turns":1},{"damage":0,"enemies":"4 Shapes","floor":48,"turns":1},{"damage":0,"enemies":"Time Eater","floor":50,"turns":1},{"damage":0,"enemies":"Awakened One","floor":51,"turns":2}],"seed_played":"560096207862854986","potions_obtained":[{"floor":3,"key":"ColorlessPotion"},{"floor":4,"key":"Strength Potion"},{"floor":6,"key":"Adrenaline Potion"}],"is_trial":true,"path_per_floor":["M","M","M","M","?","E","E","R","T","E","E","E","E","E","R","B",null,"M","M","?","M","$","E","M","E","T","E","E","$","M","E","R","B",null,"M","M","M","M","M","E","E","E","T","E","M","?","E","M","R","B","B",null],"character_chosen":"IRONCLAD","items_purchased":["GuppysPaw","GuppysHairball","Rage","ReplayTheSpireMod:TigerMarble","Metallicize+1","Dota2Spire:ShadowBlade","Replay:Baseball","Inflame","GuppysHead","REME_Scribble"],"campfire_rested":0,"item_purchase_floors":[17,17,22,22,22,22,29,29,34,34],"current_hp_per_floor":[82,83,83,83,68,74,74,74,74,80,83,83,83,83,83,83,60,60,60,60,60,60,60,60,60,60,60,60,60,60,60,60,60,47,49,49,51,53,53,53,53,55,55,57,61,60,63,65,65,65,68],"gold":453,"neow_bonus":"","is_daily":false,"chose_seed":false,"campfire_upgraded":4,"win_rate":0.0,"timestamp":1612449829,"path_taken":["M","M","M","M","?","E","E","R","T","E","E","E","E","E","R","BOSS","M","M","?","M","$","E","M","E","T","E","E","$","M","E","R","BOSS","M","M","M","M","M","E","E","E","T","E","M","?","E","M","R","BOSS","BOSS"],"items_purchased_type":["Relic","Relic","Card","Relic","Card","Relic","Relic","Card","Relic","Card"],"build_version":"2020-12-18","purchased_purges":0,"victory":true,"max_hp_per_floor":[83,83,83,83,83,83,83,83,83,83,83,83,83,83,83,83,60,60,60,60,60,60,60,60,60,60,60,60,60,60,60,60,60,47,49,49,51,53,53,53,53,55,55,57,61,61,63,65,65,65,68],"card_choices":[{"not_picked":["Double Tap"],"picked":"SKIP","floor":44},{"not_picked":["REME_TheLastStrike"],"picked":"SKIP","floor":47}],"player_experience":627886,"relics_obtained":[{"floor":1,"key":"Replay:Mystery Machine"},{"floor":2,"key":"Bag of Marbles"},{"floor":3,"key":"hubris:FunFungus"},{"floor":4,"key":"Dota2Spire:Dagon"},{"floor":6,"key":"DeathBook"},{"floor":7,"key":"Whetstone"},{"floor":9,"key":"Akabeko"},{"floor":10,"key":"Dota2Spire:BladeMail"},{"floor":11,"key":"Dota2Spire:UrnOfShadows"},{"floor":12,"key":"Dota2Spire:Satanic"},{"floor":13,"key":"construct:BoolHorns"},{"floor":14,"key":"Paper Frog"},{"floor":18,"key":"Dota2Spire:ArcaneBoots"},{"floor":19,"key":"hubris:TenFootPole"},{"floor":21,"key":"HowToJump"},{"floor":23,"key":"REME_HandOfSuture"},{"floor":24,"key":"MealTicket"},{"floor":25,"key":"Dota2Spire:OctarineCore"},{"floor":26,"key":"Grinning Jar"},{"floor":27,"key":"SalivaCoin"},{"floor":28,"key":"Red Skull"},{"floor":30,"key":"Replay:PocketPolymizer"},{"floor":31,"key":"hubris:Potato"},{"floor":35,"key":"White Beast Statue"},{"floor":36,"key":"Bronze Scales"},{"floor":37,"key":"Replay:Bottled Snecko"},{"floor":39,"key":"conspire:BottledYoYo"},{"floor":40,"key":"conspire:TopHat"},{"floor":40,"key":"PokeGo"},{"floor":41,"key":"conspire:DeflatedDodgeball"},{"floor":41,"key":"Ornamental Fan"},{"floor":42,"key":"Question Card"},{"floor":42,"key":"conspire:Dentures"},{"floor":43,"key":"Quantum Egg"},{"floor":44,"key":"Toy Ornithopter"},{"floor":44,"key":"MoneyPower"},{"floor":45,"key":"Shuriken"},{"floor":46,"key":"Replay:Bottled Steam"},{"floor":46,"key":"ReplayFunnel"},{"floor":47,"key":"Bag of Preparation"},{"floor":47,"key":"ReplayTheSpireMod:Spearhead"},{"floor":48,"key":"Dota2Spire:PowerTreads"}],"event_choices":[{"damage_healed":0,"gold_gain":0,"player_choice":"Ignored","damage_taken":0,"max_hp_gain":0,"max_hp_loss":0,"event_name":"Purifier","floor":20,"gold_loss":0},{"damage_healed":0,"gold_gain":0,"player_choice":"Fight","damage_taken":0,"max_hp_gain":0,"max_hp_loss":0,"event_name":"HidenRoomEvent","floor":46,"gold_loss":0}],"is_beta":true,"boss_relics":[{"not_picked":["Replay:Wanted Poster","REME_DemonsWealth"],"picked":"Philosopher\u0027s Stone"},{"not_picked":[]},{"not_picked":["construct:ClawGrip","Black Blood"],"picked":"Black Star"},{"not_picked":[]}],"items_purged_floors":[],"is_endless":false,"potions_floor_spawned":[3,4,6,7,13,14,18,21,24,28,33,36,37,38,39,40,41,42,44,45,46,47,48],"ascension_level":20}}