{"host":"x205naxbihvu3p76","time":1612445544,"event":{"mods":["AchievementEnabler","BaseMod","Minty Spire (QoL Compilation)","StSLib","SuperFastMode"],"gold_per_floor":[112,37,37,56,56,91,91,91,91,91,109,129,142,158,158,247,247,265,265,265],"floor_reached":19,"language":"KOR","playtime":300,"items_purged":[],"score":369,"play_id":"3c424e27-702d-4f2a-b9aa-b9f5dd85d82d","local_time":"20210204223224","is_ascension_mode":true,"campfire_choices":[{"data":"Shockwave","floor":7,"key":"SMITH"},{"data":"Bash","floor":10,"key":"SMITH"},{"data":"Fire Breathing","floor":15,"key":"SMITH"}],"circlet_count":0,"master_deck":["AscendersBane","Strike_R","Strike_R","Strike_R","Defend_R","Defend_R","Defend_R","Bash+1","Shockwave+1","Fire Breathing+1","Cleave","Shrug It Off","Pommel Strike","Impervious"],"relics":["Burning Blood","NeowsBlessing","Ornamental Fan","Turnip","Golden Idol","InkBottle","Empty Cage"],"acts_visited":["Exordium","TheCity"],"potions_floor_usage":[16,16],"damage_taken":[{"damage":0,"enemies":"Jaw Worm","floor":1,"turns":1},{"damage":0,"enemies":"Small Slimes","floor":4,"turns":1},{"damage":0,"enemies":"Gremlin Nob","floor":6,"turns":1},{"damage":0,"enemies":"Cultist","floor":11,"turns":3},{"damage":25,"enemies":"Gremlin Gang","floor":12,"turns":6},{"damage":13,"enemies":"Large Slime","floor":13,"turns":4},{"damage":10,"enemies":"Red Slaver","floor":14,"turns":5},{"damage":14,"enemies":"Slime Boss","floor":16,"turns":7},{"damage":34,"enemies":"Shell Parasite","floor":18,"turns":8},{"damage":0,"enemies":"Chosen","floor":19,"turns":1}],"seed_played":"7934482090136109225","potions_obtained":[{"floor":6,"key":"Regen Potion"},{"floor":12,"key":"GamblersBrew"},{"floor":13,"key":"AttackPotion"},{"floor":16,"key":"Weak Potion"}],"is_trial":false,"path_per_floor":["M","?","$","M","T","E","R","?","T","R","M","M","M","M","R","B",null,"M","M"],"character_chosen":"IRONCLAD","items_purchased":[],"campfire_rested":0,"item_purchase_floors":[],"current_hp_per_floor":[74,74,74,75,75,75,75,49,49,49,55,36,29,25,25,32,64,36,36,36],"gold":265,"neow_bonus":"THREE_ENEMY_KILL","is_daily":false,"chose_seed":false,"campfire_upgraded":3,"win_rate":0.0,"timestamp":1612445544,"path_taken":["M","?","$","M","?","E","R","?","T","R","M","M","M","M","R","BOSS","M","M"],"items_purchased_type":[],"build_version":"2020-12-22","purchased_purges":0,"victory":false,"max_hp_per_floor":[75,75,75,75,75,75,75,75,75,75,75,75,75,75,75,75,75,75,75,75],"card_choices":[{"not_picked":["Perfected Strike","Dark Embrace"],"picked":"Shockwave","floor":1},{"not_picked":["Second Wind","Armaments","Rage"],"picked":"SKIP","floor":4},{"not_picked":["Feel No Pain","Headbutt","Clash"],"picked":"SKIP","floor":6},{"not_picked":["Havoc","Twin Strike"],"picked":"Fire Breathing","floor":11},{"not_picked":["Perfected Strike","Bloodletting"],"picked":"Cleave","floor":12},{"not_picked":["Whirlwind","Thunderclap"],"picked":"Shrug It Off","floor":13},{"not_picked":["Cleave","Clash"],"picked":"Pommel Strike","floor":14},{"not_picked":["Demon Form","Brutality"],"picked":"Impervious","floor":16},{"not_picked":["Twin Strike","Perfected Strike","Shrug It Off"],"picked":"SKIP","floor":18}],"player_experience":1021507,"relics_obtained":[{"floor":5,"key":"Ornamental Fan"},{"floor":6,"key":"Turnip"},{"floor":9,"key":"InkBottle"}],"event_choices":[{"cards_removed":["Defend_R"],"damage_healed":0,"gold_gain":0,"player_choice":"Card Removal","damage_taken":0,"max_hp_gain":0,"max_hp_loss":0,"event_name":"The Cleric","floor":2,"gold_loss":75},{"damage_healed":0,"gold_gain":0,"player_choice":"Take Damage","damage_taken":26,"relics_obtained":["Golden Idol"],"max_hp_gain":0,"max_hp_loss":0,"event_name":"Golden Idol","floor":8,"gold_loss":0}],"is_beta":false,"boss_relics":[{"not_picked":["Runic Pyramid","Tiny House"],"picked":"Empty Cage"}],"items_purged_floors":[],"is_endless":false,"potions_floor_spawned":[6,12,13,16],"killed_by":"Chosen","ascension_level":18}}