{"host":"yuwyc1esdalgjt4e","time":1612447097,"event":{"mods":["Astrologer","BaseMod","Hermit","KomeijiMod","Marisa????????","Minty Spire (QoL Compilation)","Railgun Mod","Reimu??????","StSLib","The Bug Knight","The Dragon Tamer","The Hierophant","The Marked","The Servant 0.9.4","Yuri Mod"],"gold_per_floor":[120,120,135,135,135,135,150,184,184,184,217,217,256,280,280,399,399,415,436,436,455,455,787,787,807,861,892,912,872,892,892,892,994,994,1013,1062,222,222,241,270,270,289,314,344,38,38,48,78,78,78],"floor_reached":51,"language":"ENG","playtime":1835,"items_purged":["yuri:ReloadGame"],"score":893,"play_id":"361848a6-f8f6-4bee-8cd1-e6161cb259bf","local_time":"20210204145817","is_ascension_mode":false,"campfire_choices":[{"data":"yuri:ThrowingKnives","floor":6.0,"key":"SMITH"},{"floor":10.0,"key":"REST"},{"data":"yuri:yuriStab","floor":12.0,"key":"SMITH"},{"floor":15.0,"key":"REST"},{"floor":24.0,"key":"REST"},{"data":"yuri:SeeingDouble","floor":32.0,"key":"SMITH"},{"floor":41.0,"key":"REST"},{"floor":49,"key":"REST"}],"circlet_count":0,"master_deck":["yuri:yuriStrike","yuri:yuriStrike","yuri:yuriStrike","yuri:yuriStrike","yuri:yuriStrike","yuri:yuriDefend","yuri:yuriDefend","yuri:yuriDefend","yuri:yuriDefend","yuri:yuriDefend","yuri:Oolong","yuri:yuriStab+1","yuri:ThrowingKnives+1","yuri:yuriHeavyStrike","yuri:MPose","yuri:HeavierStrike","yuri:GrowingInsanity","yuri:GrowingInsanity","yuri:SeeingDouble+1","yuri:MPose","yuri:BookPurple","yuri:BookPurple","yuri:DistillInsanity","yuri:WickedSlash","yuri:BookRed+1","yuri:SturdyUniform","yuri:DeepBreathing","yuri:MultiDip","yuri:Oolong","yuri:WickedSlash+1","yuri:InsanityDefense+1","yuri:CalmingAura","yuri:DragonForm","yuri:ChibiInvasion","yuri:Stalk","yuri:DeepBreathing+1"],"relics":["yuri:yuriKnife","Gremlin Horn","Bloody Idol","ShirouKen","RuthlessExorcism:ReiMu","Omamori","Ornamental Fan","Runic Dome","Old Coin","Pen Nib","Letter Opener","ZunR:ReiMu","Pantograph","SlaversCollar","Gambling Chip","TheAbacus","Lantern","Incense Burner","Bag of Preparation","Bronze Scales","Blood Vial","Chemical X","Oddly Smooth Stone"],"acts_visited":["Exordium","TheCity","TheBeyond"],"potions_floor_usage":[50,50],"damage_taken":[{"damage":2.0,"enemies":"Cultist","floor":1.0,"turns":4.0},{"damage":2.0,"enemies":"Jaw Worm","floor":3.0,"turns":4.0},{"damage":0.0,"enemies":"Small Slimes","floor":7.0,"turns":3.0},{"damage":19.0,"enemies":"Lagavulin","floor":8.0,"turns":4.0},{"damage":8.0,"enemies":"3 Sentries","floor":11.0,"turns":6.0},{"damage":20.0,"enemies":"Gremlin Nob","floor":13.0,"turns":4.0},{"damage":0.0,"enemies":"3 Louse","floor":14.0,"turns":1.0},{"damage":36.0,"enemies":"The Guardian","floor":16.0,"turns":7.0},{"damage":25.0,"enemies":"2 Thieves","floor":18.0,"turns":4.0},{"damage":2.0,"enemies":"Chosen","floor":19.0,"turns":2.0},{"damage":5.0,"enemies":"Sentry and Sphere","floor":21.0,"turns":3.0},{"damage":20.0,"enemies":"Gremlin Leader","floor":23.0,"turns":5.0},{"damage":19.0,"enemies":"Shelled Parasite and Fungi","floor":25.0,"turns":4.0},{"damage":33.0,"enemies":"Book of Stabbing","floor":27.0,"turns":6.0},{"damage":10.0,"enemies":"Cultist and Chosen","floor":28.0,"turns":5.0},{"damage":11.0,"enemies":"Snecko","floor":30.0,"turns":4.0},{"damage":38.0,"enemies":"Champ","floor":33.0,"turns":7.0},{"damage":30.0,"enemies":"3 Darklings","floor":35.0,"turns":5.0},{"damage":37.0,"enemies":"2 Orb Walkers","floor":36.0,"turns":4.0},{"damage":18.0,"enemies":"3 Shapes","floor":39.0,"turns":3.0},{"damage":30.0,"enemies":"Giant Head","floor":40.0,"turns":6.0},{"damage":0.0,"enemies":"3 Darklings","floor":42.0,"turns":2.0},{"damage":7.0,"enemies":"Nemesis","floor":44.0,"turns":3.0},{"damage":35,"enemies":"Transient","floor":47,"turns":5},{"damage":7,"enemies":"Reptomancer","floor":48,"turns":4},{"damage":22,"enemies":"Donu and Deca","floor":50,"turns":5}],"seed_played":"-8079814832237281134","potions_obtained":[{"floor":3.0,"key":"FairyPotion"},{"floor":7.0,"key":"PowerPotion"},{"floor":11.0,"key":"PowerPotion"},{"floor":16.0,"key":"SkillPotion"},{"floor":21.0,"key":"DistilledChaos"},{"floor":23.0,"key":"Ancient Potion"},{"floor":27.0,"key":"PowerPotion"},{"floor":33.0,"key":"Fruit Juice"},{"floor":36.0,"key":"FearPotion"},{"floor":39.0,"key":"Energy Potion"},{"floor":48,"key":"Swift Potion"}],"is_trial":false,"path_per_floor":["M","T","M","?","?","R","M","E","T","R","E","R","E","M","R","B",null,"M","M","?","M","?","E","R","M","T","E","M","?","M","T","R","B",null,"M","?","$","?","M","E","R","M","T","E","$","?","M","E","R","B",null],"character_chosen":"YURI","items_purchased":["yuri:SturdyUniform","yuri:DeepBreathing","TheAbacus","Lantern","Incense Burner","yuri:MultiDip","yuri:DragonForm","yuri:ChibiInvasion","Chemical X"],"campfire_rested":5,"item_purchase_floors":[37,37,37,37,37,37,45,45,45],"current_hp_per_floor":[58,58,60,60,40,40,44,29,29,53,49,49,33,37,61,29,80,59,57,57,61,61,55,79,69,74,50,49,49,47,47,47,48,85,64,36,36,36,29,15,40,53,58,64,64,64,44,51,76,71],"gold":78,"neow_bonus":"THREE_RARE_CARDS","is_daily":false,"chose_seed":false,"campfire_upgraded":3,"win_rate":0.0,"timestamp":1612447097,"path_taken":["M","?","M","?","?","R","M","E","T","R","E","R","E","M","R","BOSS","M","M","?","M","?","E","R","M","T","E","M","?","M","?","R","BOSS","M","?","$","?","?","E","R","M","T","E","$","?","M","E","R","BOSS"],"items_purchased_type":["Card","Card","Relic","Relic","Relic","Card","Card","Card","Relic"],"build_version":"2020-12-22","purchased_purges":1,"victory":true,"max_hp_per_floor":[80,80,80,80,80,80,80,80,80,80,80,80,80,80,80,80,80,80,80,80,80,80,80,80,80,80,80,80,80,80,80,80,85,85,85,85,85,85,85,85,85,85,85,85,85,85,85,85,85,85],"card_choices":[{"not_picked":["yuri:RelentlessStrikes","yuri:DistillInsanity"],"picked":"yuri:Virus","floor":0.0},{"not_picked":["yuri:RecklessStrike","yuri:HeavierStrike"],"picked":"yuri:ThrowingKnives","floor":1.0},{"not_picked":["yuri:DebugCard","yuri:CorruptHitbox"],"picked":"yuri:yuriHeavyStrike","floor":3.0},{"not_picked":["yuri:ThrowBook","yuri:Spin"],"picked":"yuri:MPose","floor":7.0},{"not_picked":["yuri:BookBlue","yuri:ChibiInvasion"],"picked":"yuri:ReloadGame","floor":8.0},{"not_picked":["yuri:AdaptiveAI","yuri:GlitchedStrike"],"picked":"yuri:HeavierStrike","floor":11.0},{"not_picked":["yuri:ChibiInvasion","yuri:MagneticKnives","yuri:RecklessStrike"],"picked":"SKIP","floor":13.0},{"not_picked":["yuri:CalmingAura","yuri:SelfHarm"],"picked":"yuri:GrowingInsanity","floor":14.0},{"not_picked":["yuri:CalmingAura","yuri:HeavierStrike+1"],"picked":"yuri:GrowingInsanity","floor":18.0},{"not_picked":["yuri:GlitchedStrike","yuri:CorruptHitbox+1","yuri:Stare+1"],"picked":"SKIP","floor":19.0},{"not_picked":["yuri:AdaptiveAI","yuri:CorruptHitbox","yuri:DebugCard"],"picked":"SKIP","floor":21.0},{"not_picked":["yuri:ArmBrace","yuri:ReloadGame"],"picked":"yuri:SeeingDouble","floor":23.0},{"not_picked":["yuri:Virus","yuri:DejaVu","yuri:Skip"],"picked":"SKIP","floor":25.0},{"not_picked":["yuri:yuriQuickStrike","yuri:GlitchedStrike"],"picked":"yuri:MPose","floor":27.0},{"not_picked":["yuri:InsanityDefense","yuri:RecklessStrike+1"],"picked":"yuri:BookPurple","floor":28.0},{"not_picked":["yuri:InsanityDefense","yuri:Stalk"],"picked":"yuri:BookPurple","floor":30.0},{"not_picked":["yuri:Suicide","yuri:MagneticKnives"],"picked":"yuri:DistillInsanity","floor":33.0},{"not_picked":["yuri:BrokenCode","yuri:Skip"],"picked":"yuri:WickedSlash","floor":35.0},{"not_picked":["yuri:ThrowingKnives","yuri:BlackTea"],"picked":"yuri:BookRed+1","floor":36.0},{"not_picked":["yuri:ThrowingKnives","yuri:yuriHeavyStrike+1"],"picked":"yuri:WickedSlash+1","floor":39.0},{"not_picked":["yuri:GrowingInsanity","yuri:yuriQuickStrike+1"],"picked":"yuri:InsanityDefense+1","floor":40.0},{"not_picked":["yuri:StealPen","yuri:RepairCode+1"],"picked":"yuri:CalmingAura","floor":42.0},{"not_picked":["yuri:DeepBreathing+1","yuri:Spin+1","yuri:UnstableStrike"],"picked":"SKIP","floor":44.0},{"not_picked":["yuri:TPose+1","yuri:yuriHeavyStrike+1"],"picked":"yuri:Stalk","floor":47},{"not_picked":["yuri:MPose","yuri:ChibiInvasion"],"picked":"yuri:DeepBreathing+1","floor":48}],"player_experience":93532,"relics_obtained":[{"floor":2.0,"key":"Gremlin Horn"},{"floor":8.0,"key":"ShirouKen"},{"floor":9.0,"key":"RuthlessExorcism:ReiMu"},{"floor":11.0,"key":"Omamori"},{"floor":13.0,"key":"Ornamental Fan"},{"floor":23.0,"key":"Old Coin"},{"floor":26.0,"key":"Pen Nib"},{"floor":27.0,"key":"Letter Opener"},{"floor":31.0,"key":"Pantograph"},{"floor":36.0,"key":"Gambling Chip"},{"floor":40.0,"key":"Bag of Preparation"},{"floor":43.0,"key":"Bronze Scales"},{"floor":44.0,"key":"Blood Vial"},{"floor":48,"key":"Oddly Smooth Stone"}],"event_choices":[{"damage_healed":0.0,"max_hp_gain":0.0,"max_hp_loss":0.0,"gold_gain":0.0,"event_name":"Living Wall","player_choice":"Grow","floor":4.0,"gold_loss":0.0,"damage_taken":0.0,"cards_upgraded":["yuri:Virus"]},{"damage_healed":0.0,"max_hp_gain":0.0,"max_hp_loss":0.0,"gold_gain":0.0,"event_name":"Golden Idol","player_choice":"Take Damage","floor":5.0,"gold_loss":0.0,"damage_taken":20.0,"relics_obtained":["Golden Idol"]},{"damage_healed":0.0,"max_hp_gain":0.0,"max_hp_loss":0.0,"gold_gain":0.0,"event_name":"Forgotten Altar","player_choice":"Gave Idol","floor":20.0,"relics_lost":["Golden Idol"],"gold_loss":0.0,"damage_taken":0.0,"relics_obtained":["Bloody Idol"]},{"damage_healed":0.0,"max_hp_gain":0.0,"max_hp_loss":0.0,"gold_gain":0.0,"event_name":"Ghosts","player_choice":"Ignored","floor":22.0,"gold_loss":0.0,"damage_taken":0.0},{"damage_healed":0.0,"max_hp_gain":0.0,"max_hp_loss":0.0,"gold_gain":0.0,"event_name":"ZunEvent","player_choice":"Keep O-miki","floor":29.0,"gold_loss":40.0,"damage_taken":0.0,"relics_obtained":["ZunR:ReiMu"]},{"damage_healed":0.0,"max_hp_gain":0.0,"max_hp_loss":0.0,"gold_gain":0.0,"event_name":"Mysterious Sphere","player_choice":"Fight","floor":36.0,"gold_loss":0.0,"damage_taken":0.0},{"damage_healed":0.0,"max_hp_gain":0.0,"max_hp_loss":0.0,"gold_gain":0.0,"event_name":"Duplicator","player_choice":"Copied","floor":38.0,"gold_loss":0.0,"damage_taken":0.0,"cards_obtained":["yuri:Oolong"]},{"cards_removed":["yuri:Virus"],"damage_healed":0,"gold_gain":0,"player_choice":"Card Removal","damage_taken":0,"max_hp_gain":0,"max_hp_loss":0,"event_name":"Wheel of Change","floor":46,"gold_loss":0}],"is_beta":false,"boss_relics":[{"not_picked":["Astrolabe","Black Star"],"picked":"Runic Dome"},{"not_picked":["RedLine:ReiMu","Snecko Eye"],"picked":"SlaversCollar"}],"items_purged_floors":[37],"is_endless":false,"potions_floor_spawned":[3,7,11,16,21,23,27,30,33,36,39,42,47,48],"ascension_level":0}}