{"host":"gc6vr5n3q8f0hswe","time":1612471438,"event":{"mods":["Act Like it!","Aspiration","BaseMod","Better Altar","Better Sensory Stone","Better Third Choice","Block Reminder","Conspire","Fox Events","Gensokyo","Hallownest","Highlight Path","Hubris","Infinite Spire","Jedi Mod","Lobotomy","LobotomyExtend","MarisaÅiñ∂âJÅ@ñÇóùçπÅj","Minty Spire (QoL Compilation)","Pale of the Ancients","Relic Stats","Reliquary","Replay The Spire","Somnambulant","StSLib","The Alterego","The Blue Laboratory","The Bug Knight","The Jungle","The Poker Player","The Wild Card","Uncapped","Wandering Minibosses"],"gold_per_floor":[110,110,110,20,50,50,70,103,103,120,120,120,139,11,11,112,112,112,112],"floor_reached":18,"language":"ENG","playtime":1029,"items_purged":[],"score":165,"play_id":"d071ce6b-a379-46b3-8dee-03c14ee4d4bd","local_time":"20210204204358","is_ascension_mode":true,"campfire_choices":[{"data":"Eruption","floor":6.0,"key":"SMITH"},{"floor":12.0,"key":"DIG"},{"floor":15.0,"key":"REST"}],"circlet_count":0,"master_deck":["Strike_P","Strike_P","Strike_P","Strike_P","Defend_P","Defend_P","Defend_P","Defend_P","Eruption+1","Vigilance","FlurryOfBlows","Clumsy","FlurryOfBlows","Fasting2","Replay:Battleflow","Replay:Hum","Replay:DivineShield","ClearTheMind","Fasting2","Gensokyo:Shovel","LessonLearned"],"relics":["PureWater","aspiration:Nostalgia","Sizzling Blood","LetterFromLob","Gensokyo:NagashiBinaDoll","aspiration:DSix","Darkstone Periapt","Shovel","Pear","hubris:PeanutButter","VioletLotus","Nunchaku"],"acts_visited":["Exordium","TheCity"],"potions_floor_usage":[16,16],"damage_taken":[{"damage":8.0,"enemies":"Gensokyo:3_Fairies","floor":1.0,"turns":3.0},{"damage":32.0,"enemies":"conspire:MimicChest","floor":5.0,"turns":4.0},{"damage":0.0,"enemies":"Gensokyo:2_Kodama","floor":7.0,"turns":3.0},{"damage":28.0,"enemies":"Gensokyo:Mamizou","floor":8.0,"turns":5.0},{"damage":0.0,"enemies":"Gensokyo:Python","floor":10.0,"turns":2.0},{"damage":0.0,"enemies":"Gensokyo:Kitsune","floor":13.0,"turns":3.0},{"damage":17,"enemies":"Gensokyo:Reimu","floor":16,"turns":11},{"damage":96,"enemies":"Chosen","floor":18,"turns":10}],"seed_played":"-77461970074038522","potions_obtained":[{"floor":5.0,"key":"Energy Potion"},{"floor":8.0,"key":"Ambrosia"},{"floor":10.0,"key":"jedi:holywater"}],"is_trial":false,"path_per_floor":["M","?","?","$","?","R","M","E","T","M","?","R","M","COS","R","B",null,"M"],"character_chosen":"WATCHER","items_purchased":["FlurryOfBlows","Fasting2"],"campfire_rested":1,"item_purchase_floors":[4,4],"current_hp_per_floor":[72,72,72,72,44,44,48,24,24,28,23,23,27,27,52,39,86,0,0],"gold":112,"neow_bonus":"NOSTALGIA","is_daily":false,"chose_seed":false,"campfire_upgraded":1,"win_rate":0.0,"timestamp":1612471438,"path_taken":["M","?","?","$","?","R","M","E","T","?","?","R","M","COS","R","BOSS","M"],"items_purchased_type":["Card","Card"],"build_version":"2020-12-22","purchased_purges":0,"victory":false,"max_hp_per_floor":[76,76,76,76,76,76,76,76,76,76,86,86,86,86,86,86,86,86,86],"relic_stats":{"Darkstone Periapt":0,"Nunchaku":[1],"Shovel":1,"counters":[8,41],"VioletLotus":[1],"obtain_stats":[{"Darkstone Periapt":8,"Nunchaku":18,"Shovel":9,"Pear":11,"aspiration:Nostalgia":0,"hubris:PeanutButter":12,"Gensokyo:NagashiBinaDoll":2,"VioletLotus":17,"Sizzling Blood":0,"LetterFromLob":1,"PureWater":0,"aspiration:DSix":5},{"Darkstone Periapt":4,"Nunchaku":8,"Shovel":4,"Pear":5,"aspiration:Nostalgia":0,"hubris:PeanutButter":5,"Gensokyo:NagashiBinaDoll":1,"VioletLotus":7,"Sizzling Blood":0,"LetterFromLob":1,"PureWater":0,"aspiration:DSix":2},{"Darkstone Periapt":15,"Nunchaku":32,"Shovel":15,"Pear":17,"aspiration:Nostalgia":0,"hubris:PeanutButter":17,"Gensokyo:NagashiBinaDoll":3,"VioletLotus":31,"Sizzling Blood":0,"LetterFromLob":3,"PureWater":0,"aspiration:DSix":7}]},"card_choices":[{"not_picked":["SashWhip","Replay:ManipulateFuture"],"picked":"FlurryOfBlows","floor":1.0},{"not_picked":["BattleHymn","Perseverance"],"picked":"Replay:Battleflow","floor":5.0},{"not_picked":["Replay:ManipulateFuture","LikeWater"],"picked":"Replay:Hum","floor":7.0},{"not_picked":["Nirvana","SashWhip"],"picked":"Replay:DivineShield","floor":8.0},{"not_picked":["SashWhip","Replay:AtTheReady"],"picked":"ClearTheMind","floor":10.0},{"not_picked":["SandsOfTime","EmptyMind"],"picked":"Fasting2","floor":13.0},{"not_picked":["jedi:nirvanicrebirth","Judgement"],"picked":"LessonLearned","floor":16}],"player_experience":475697,"relics_obtained":[{"floor":1.0,"key":"LetterFromLob"},{"floor":5.0,"key":"aspiration:DSix"},{"floor":8.0,"key":"Darkstone Periapt"},{"floor":9.0,"key":"Shovel"},{"floor":12.0,"key":"hubris:PeanutButter"}],"event_choices":[],"is_beta":false,"boss_relics":[{"not_picked":["hubris:BlackHole","hubris:ScarierMask"],"picked":"VioletLotus"}],"items_purged_floors":[],"is_endless":false,"potions_floor_spawned":[5,8,10],"killed_by":"Chosen","ascension_level":1}}