{"host":"w6ebodudjlk2jwu4","time":1612420408,"event":{"mods":["Act Like it!","Bard","BaseMod","Beaked The Cultist","Colored Map","Glutton Mod","Hermit","Highlight Path","Infinite Spire","Jorbs\u0027s Wanderer Trilogy","Koishi","Mad Scientist","Marisa????????","Minty Spire (QoL Compilation)","Relic Stats","Replay The Spire","Robot Space Explorer","StSLib","The Administrix","The Blue Laboratory","The Bug Knight","The Construct","The Cursed","The Marked","The Mystic","The Servant 0.9.4","The Witch","Wandering Minibosses"],"gold_per_floor":[118,135,147,147,97,97,132,157,209,209,237,254,254,254,254,359,359,377,467,487,498,74,74,106,106,106,194,194,226,226,241,241,345,345,380,422,422,468,509,568,624,624,671,671,748,814,159,188,188,188],"floor_reached":51,"language":"ENG","playtime":5097,"items_purged":["beaked:Strike_Y"],"score":1003,"play_id":"eb163c9a-46e5-421e-bd74-8e2aa710fdd3","local_time":"20210203223328","is_ascension_mode":false,"campfire_choices":[{"data":"beaked:FakeOut","floor":6,"key":"SMITH"},{"floor":10,"key":"REST"},{"data":"beaked:Insight","floor":13,"key":"SMITH"},{"data":"ReplayTheSpireMod:Wings of Steel","floor":15,"key":"SMITH"},{"data":"beaked:ScreechingChant","floor":25,"key":"SMITH"},{"floor":32,"key":"REST"}],"circlet_count":0,"master_deck":["beaked:Strike_Y+1","beaked:Strike_Y+1","beaked:Strike_Y+1","beaked:Defend_Y+1","beaked:Defend_Y+1","beaked:Defend_Y+1","beaked:Defend_Y+1","beaked:Ceremony","beaked:Ceremony","beaked:Ceremony","ReplayTheSpireMod:Wings of Steel+1","beaked:Flinch","beaked:FakeOut+1","beaked:WarriorSpirit","beaked:Brace","beaked:Insight+1","beaked:ScreechingChant+1","beaked:WindBringer","beaked:Hexing","beaked:Overpower+1","beaked:Insight+1","beaked:Overpower","beaked:Pecker","beaked:MimicHuntress","beaked:CursingBlood+1","beaked:Evade+1","infinitespire:Collect","beaked:Brace","beaked:AwakenedForm","beaked:MachineSpirit","beaked:Brace+1","infinitespire:Gouge","beaked:MaddeningMurmurs","beaked:Devastation+1","beaked:DigDeep","beaked:Cower+1","ReplayTheSpireMod:Owlgaze","beaked:Brace"],"relics":["beaked:MendingPlumage","Centennial Puzzle","Odd Mushroom","Bag of Preparation","infinitespire:Broken Mirror","beaked:SacredNecklace","Replay:WaspNest","Bag of Marbles","Pantograph","Juzu Bracelet","infinitespire:EvilPickle","beaked:SacrificeDoll","CatCart","Art of War","Ancient Tea Set","MealTicket","beaked:ThroatLozenge","Oddly Smooth Stone","Strange Spoon"],"acts_visited":["Exordium","TheCity","TheBeyond"],"potions_floor_usage":[12,31,33,48,50],"damage_taken":[{"damage":1,"enemies":"Jaw Worm","floor":1,"turns":5},{"damage":3,"enemies":"2 Louse","floor":2,"turns":4},{"damage":5,"enemies":"Small Slimes","floor":3,"turns":4},{"damage":30,"enemies":"HollowMod:MossKnight","floor":7,"turns":9},{"damage":30,"enemies":"The Mushroom Lair","floor":8,"turns":7},{"damage":48,"enemies":"Gremlin Nob","floor":11,"turns":6},{"damage":4,"enemies":"Red Slaver","floor":12,"turns":8},{"damage":23,"enemies":"The Guardian","floor":16,"turns":14},{"damage":26,"enemies":"Spheric Guardian","floor":18,"turns":6},{"damage":15,"enemies":"Snecko","floor":20,"turns":6},{"damage":20,"enemies":"Chosen and Byrds","floor":21,"turns":7},{"damage":2,"enemies":"Book of Stabbing","floor":24,"turns":5},{"damage":52,"enemies":"Nightmare","floor":29,"turns":7},{"damage":4,"enemies":"Centurion and Healer","floor":31,"turns":6},{"damage":20,"enemies":"Pondfish","floor":33,"turns":8},{"damage":8,"enemies":"3 Shapes","floor":35,"turns":4},{"damage":22,"enemies":"3 Darklings","floor":36,"turns":6},{"damage":29,"enemies":"Orin","floor":38,"turns":10},{"damage":41,"enemies":"4 Shapes","floor":39,"turns":9},{"damage":26,"enemies":"Giant Head","floor":40,"turns":7},{"damage":32,"enemies":"Sphere and 2 Shapes","floor":41,"turns":5},{"damage":0,"enemies":"Nemesis","floor":45,"turns":9},{"damage":13,"enemies":"Jaw Worm Horde","floor":46,"turns":5},{"damage":14,"enemies":"Transient","floor":48,"turns":5},{"damage":20,"enemies":"Time Eater","floor":50,"turns":11}],"seed_played":"5042111987066549560","potions_obtained":[{"floor":2,"key":"Regen Potion"},{"floor":11,"key":"Swift Potion"},{"floor":12,"key":"blueLaboratory:StoneskinPotion"},{"floor":16,"key":"SkillPotion"},{"floor":20,"key":"Ancient Potion"},{"floor":40,"key":"Venom Potion"},{"floor":41,"key":"SteroidPotion"},{"floor":48,"key":"blueLaboratory:EnragingPotion"}],"is_trial":false,"path_per_floor":["M","M","M","?","?","R","E","?","T","R","E","M","R","?","R","B",null,"M","?","M","M","$","R","E","R","T","?","?","NM","AVR","M","R","B",null,"M","M","AVR","?","M","E","M","R","T","?","E","M","$","M","R","B",null],"character_chosen":"BEAKED_THE_CULTIST","items_purchased":["Replay:WaspNest","beaked:Insight+1","beaked:Overpower","beaked:ThroatLozenge","Oddly Smooth Stone","ReplayTheSpireMod:Owlgaze","Strange Spoon","Dexterity Potion"],"campfire_rested":2,"item_purchase_floors":[22,22,22,47,47,47,47,47],"current_hp_per_floor":[50,50,47,52,52,52,33,25,25,41,8,43,43,55,55,55,55,42,30,39,42,42,42,55,55,55,42,42,11,11,34,50,55,55,55,55,55,52,46,55,44,44,44,44,55,55,55,55,55,55],"gold":188,"neow_bonus":"REMOVE_CARD","is_daily":false,"chose_seed":false,"campfire_upgraded":4,"win_rate":0.0,"timestamp":1612420408,"path_taken":["M","M","M","?","?","R","E","?","T","R","E","M","R","?","R","BOSS","M","?","?","M","$","R","E","R","T","?","?","NM","AVR","M","R","BOSS","M","M","AVR","?","M","E","M","R","T","?","E","M","$","M","R","BOSS"],"items_purchased_type":["Relic","Card","Card","Relic","Relic","Card","Relic","Potion"],"build_version":"2020-12-22","purchased_purges":1,"victory":true,"max_hp_per_floor":[50,50,50,55,55,55,55,55,55,55,55,55,55,55,55,55,55,55,55,55,55,55,55,55,55,55,55,55,55,55,55,55,55,55,55,55,55,55,55,55,55,55,55,55,55,55,55,55,55,55],"relic_stats":{"Strange Spoon":[8],"Centennial Puzzle":[60],"counters":[25,173],"Pantograph":5,"MealTicket":0,"Bag of Preparation":[40],"Juzu Bracelet":0,"Art of War":[6],"obtain_stats":[{"beaked:ThroatLozenge":47,"Oddly Smooth Stone":47,"Replay:WaspNest":22,"Bag of Preparation":9,"beaked:SacredNecklace":17,"Juzu Bracelet":29,"Odd Mushroom":8,"Ancient Tea Set":43,"infinitespire:EvilPickle":33,"Strange Spoon":47,"Centennial Puzzle":7,"beaked:SacrificeDoll":34,"infinitespire:Broken Mirror":11,"Pantograph":26,"MealTicket":45,"Bag of Marbles":24,"Art of War":40,"beaked:MendingPlumage":0,"CatCart":38},{"beaked:ThroatLozenge":23,"Oddly Smooth Stone":23,"Replay:WaspNest":11,"Bag of Preparation":5,"beaked:SacredNecklace":8,"Juzu Bracelet":13,"Odd Mushroom":5,"Ancient Tea Set":21,"infinitespire:EvilPickle":15,"Strange Spoon":23,"Centennial Puzzle":4,"beaked:SacrificeDoll":15,"infinitespire:Broken Mirror":6,"Pantograph":12,"MealTicket":22,"Bag of Marbles":12,"Art of War":20,"beaked:MendingPlumage":0,"CatCart":18},{"beaked:ThroatLozenge":157,"Oddly Smooth Stone":157,"Replay:WaspNest":76,"Bag of Preparation":29,"beaked:SacredNecklace":57,"Juzu Bracelet":88,"Odd Mushroom":29,"Ancient Tea Set":143,"infinitespire:EvilPickle":102,"Strange Spoon":157,"Centennial Puzzle":22,"beaked:SacrificeDoll":102,"infinitespire:Broken Mirror":35,"Pantograph":81,"MealTicket":152,"Bag of Marbles":81,"Art of War":138,"beaked:MendingPlumage":0,"CatCart":122}]},"card_choices":[{"not_picked":["beaked:Daydream","beaked:Flinch"],"picked":"ReplayTheSpireMod:Wings of Steel","floor":1},{"not_picked":["beaked:Daydream","beaked:Replenish"],"picked":"beaked:Flinch","floor":2},{"not_picked":["beaked:Poke","beaked:Tweet"],"picked":"beaked:FakeOut","floor":3},{"not_picked":["beaked:MimicHuntress","beaked:Pecker"],"picked":"beaked:WarriorSpirit","floor":7},{"not_picked":["beaked:Cower","beaked:SacrificialAttack"],"picked":"beaked:Brace","floor":8},{"not_picked":["ReplayTheSpireMod:Wings of Steel","beaked:Tweet"],"picked":"beaked:Insight","floor":11},{"not_picked":["beaked:TuckingFeathers","beaked:SacrificialScars"],"picked":"beaked:Molting","floor":12},{"not_picked":["beaked:Brainwash","beaked:LiftOff"],"picked":"beaked:ScreechingChant","floor":16},{"not_picked":["beaked:Molting","beaked:RuinSticks+1"],"picked":"beaked:WindBringer","floor":18},{"not_picked":["beaked:Evade","beaked:Tweet+1"],"picked":"beaked:Hexing","floor":20},{"not_picked":["beaked:BraceForImpact","beaked:Overexert"],"picked":"beaked:Overpower+1","floor":21},{"not_picked":["beaked:Tweet","beaked:VolatileMisfortune"],"picked":"beaked:Pecker","floor":24},{"not_picked":["beaked:BraceForImpact","beaked:Flinch"],"picked":"beaked:MimicHuntress","floor":27},{"not_picked":["beaked:Tweet","beaked:DesperateSwing"],"picked":"beaked:CursingBlood+1","floor":27},{"not_picked":["beaked:CursingBlood","beaked:Tweet+1"],"picked":"beaked:Evade+1","floor":27},{"not_picked":["beaked:SacrificialScars","beaked:LiftOff","beaked:DigDeeper"],"picked":"SKIP","floor":29},{"not_picked":["beaked:FeelMyPain","beaked:Poke"],"picked":"beaked:Brace","floor":31},{"not_picked":["beaked:DarkTribute","beaked:SacrificialScars"],"picked":"beaked:AwakenedForm","floor":33},{"not_picked":["beaked:Tradeoff+1","beaked:TuckingFeathers+1"],"picked":"beaked:MachineSpirit","floor":35},{"not_picked":["beaked:HuntressSpirit+1","beaked:MimicMachine"],"picked":"beaked:Brace+1","floor":36},{"not_picked":["beaked:Windmill+1","beaked:Pecker"],"picked":"beaked:MaddeningMurmurs","floor":39},{"not_picked":["beaked:DigDeep","beaked:Flinch"],"picked":"beaked:Devastation+1","floor":40},{"not_picked":["beaked:Foresight+1","beaked:Brace"],"picked":"beaked:DigDeep","floor":41},{"not_picked":["beaked:RitualOfBody+1","beaked:Resilience","beaked:MimicHuntress"],"picked":"SKIP","floor":45},{"not_picked":["beaked:Devastation","beaked:DigDeep+1"],"picked":"beaked:Cower+1","floor":46},{"not_picked":["beaked:Resilience+1","beaked:SurvivalInstinct+1"],"picked":"beaked:Brace","floor":48}],"player_experience":181003,"relics_obtained":[{"floor":7,"key":"Centennial Puzzle"},{"floor":8,"key":"Odd Mushroom"},{"floor":9,"key":"Bag of Preparation"},{"floor":11,"key":"infinitespire:Broken Mirror"},{"floor":24,"key":"Bag of Marbles"},{"floor":26,"key":"Pantograph"},{"floor":29,"key":"Juzu Bracelet"},{"floor":38,"key":"CatCart"},{"floor":40,"key":"Art of War"},{"floor":43,"key":"Ancient Tea Set"},{"floor":45,"key":"MealTicket"}],"event_choices":[{"damage_healed":0,"gold_gain":0,"player_choice":"Donut","damage_taken":0,"max_hp_gain":5,"max_hp_loss":0,"event_name":"Big Fish","floor":4,"gold_loss":0},{"cards_removed":["beaked:Strike_Y"],"damage_healed":0,"gold_gain":0,"player_choice":"Card Removal","damage_taken":0,"max_hp_gain":0,"max_hp_loss":0,"event_name":"The Cleric","floor":5,"gold_loss":50},{"damage_healed":0,"gold_gain":0,"player_choice":"Fought Mushrooms","damage_taken":0,"max_hp_gain":0,"max_hp_loss":0,"event_name":"Mushrooms","floor":8,"gold_loss":0},{"cards_removed":["beaked:Molting"],"damage_healed":12,"gold_gain":0,"player_choice":"Offered Uncommon","damage_taken":0,"max_hp_gain":0,"max_hp_loss":0,"event_name":"Bonfire Elementals","floor":14,"gold_loss":0},{"damage_healed":0,"gold_gain":90,"player_choice":"GOLD ","damage_taken":12,"max_hp_gain":0,"max_hp_loss":0,"event_name":"Knowing Skull","floor":19,"potions_obtained":[],"gold_loss":0,"cards_obtained":[]},{"damage_healed":0,"gold_gain":0,"player_choice":"Simplicity","damage_taken":0,"max_hp_gain":0,"max_hp_loss":0,"event_name":"Back to Basics","floor":28,"gold_loss":0,"cards_upgraded":["beaked:Strike_Y","beaked:Strike_Y","beaked:Strike_Y","beaked:Defend_Y","beaked:Defend_Y","beaked:Defend_Y","beaked:Defend_Y"]},{"damage_healed":0,"gold_gain":0,"player_choice":"Fight","damage_taken":0,"max_hp_gain":0,"max_hp_loss":0,"event_name":"OrinTheCat","floor":38,"gold_loss":0},{"damage_healed":0,"gold_gain":0,"player_choice":"Ignored","damage_taken":0,"max_hp_gain":0,"max_hp_loss":0,"event_name":"Mysterious Sphere","floor":44,"gold_loss":0}],"is_beta":false,"boss_relics":[{"not_picked":["Empty Cage","ReplayTheSpireMod:DimensionalGlitch"],"picked":"beaked:SacredNecklace"},{"not_picked":["Runic Dome","Honey Jar"],"picked":"beaked:SacrificeDoll"}],"items_purged_floors":[22],"is_endless":false,"potions_floor_spawned":[2,11,12,16,18,20,21,24,40,41,45,48],"ascension_level":0}}