{"host":"00f1p9ihhzi7hxfk","time":1612439497,"event":{"mods":["AchievementEnabler","BaseMod","Colored Map","Colored Powertips","Minty Spire (QoL Compilation)","Rare Cards Sparkle","Relic Stats"],"gold_per_floor":[113,128,139,139,22,22,53,73,73,73,27,95,270,288,288,288,288],"floor_reached":16,"language":"DEU","playtime":871,"items_purged":[],"score":100,"play_id":"dfd38f84-8ae5-4ff4-84c3-8baafa661bb9","local_time":"20210204125137","is_ascension_mode":false,"campfire_choices":[{"data":"Catalyst","floor":6,"key":"SMITH"},{"floor":10,"key":"REST"},{"floor":15,"key":"REST"}],"circlet_count":0,"master_deck":["Strike_G","Strike_G","Strike_G","Strike_G","Strike_G","Defend_G","Defend_G","Defend_G","Defend_G","Defend_G","Survivor","Neutralize","Die Die Die","Skewer","Riddle With Holes","Iron Wave","Bane","Catalyst+1","Tools of the Trade","Dodge and Roll","Prepared","Poisoned Stab","Doubt","Dash","PiercingWail"],"relics":["Ring of the Snake","Dream Catcher","Regal Pillow"],"acts_visited":["Exordium"],"potions_floor_usage":[],"damage_taken":[{"damage":0,"enemies":"Cultist","floor":1,"turns":3},{"damage":1,"enemies":"Jaw Worm","floor":2,"turns":3},{"damage":3,"enemies":"Small Slimes","floor":3,"turns":2},{"damage":43,"enemies":"3 Sentries","floor":7,"turns":8},{"damage":0,"enemies":"3 Louse","floor":8,"turns":2},{"damage":5,"enemies":"Looter","floor":14,"turns":3},{"damage":69,"enemies":"Slime Boss","floor":16,"turns":12}],"seed_played":"-6322643865501675191","potions_obtained":[{"floor":3,"key":"Strength Potion"},{"floor":7,"key":"DuplicationPotion"},{"floor":14,"key":"Poison Potion"}],"is_trial":false,"path_per_floor":["M","M","M","?","$","R","E","M","T","R","$","?","?","M","R","B"],"character_chosen":"THE_SILENT","items_purchased":["Bane","Catalyst","Poisoned Stab"],"campfire_rested":2,"item_purchase_floors":[5,5,11],"current_hp_per_floor":[63,62,59,59,59,59,16,16,16,49,49,49,49,44,63,0,0],"gold":288,"neow_bonus":"THREE_RARE_CARDS","is_daily":false,"chose_seed":false,"campfire_upgraded":1,"win_rate":0.0,"timestamp":1612439497,"path_taken":["M","M","M","?","$","R","E","?","T","R","?","?","?","M","R","BOSS"],"items_purchased_type":["Card","Card","Card"],"build_version":"2020-12-22","purchased_purges":0,"victory":false,"max_hp_per_floor":[63,63,63,63,63,63,63,63,63,63,63,63,63,63,63,63,63],"relic_stats":{"Dream Catcher":2,"Regal Pillow":16,"counters":[7,33],"obtain_stats":[{"Dream Catcher":7,"Regal Pillow":9,"Ring of the Snake":0},{"Dream Catcher":4,"Regal Pillow":5,"Ring of the Snake":0},{"Dream Catcher":16,"Regal Pillow":18,"Ring of the Snake":0}],"Ring of the Snake":[14]},"card_choices":[{"not_picked":["A Thousand Cuts","After Image"],"picked":"Die Die Die","floor":0},{"not_picked":["Infinite Blades","Flechettes"],"picked":"Dagger Spray","floor":1},{"not_picked":["Backstab","Accuracy"],"picked":"Skewer","floor":2},{"not_picked":["Flying Knee","All Out Attack"],"picked":"Riddle With Holes","floor":3},{"not_picked":["Sucker Punch","Finisher"],"picked":"Tools of the Trade","floor":7},{"not_picked":["Acrobatics","Predator"],"picked":"Dodge and Roll","floor":8},{"not_picked":["Quick Slash","Blur"],"picked":"Prepared","floor":10},{"not_picked":["Bane","Quick Slash"],"picked":"Dash","floor":14},{"not_picked":["Skewer","Burst"],"picked":"PiercingWail","floor":15}],"player_experience":95213,"relics_obtained":[{"floor":7,"key":"Dream Catcher"},{"floor":9,"key":"Regal Pillow"}],"event_choices":[{"cards_removed":["Dagger Spray"],"damage_healed":0,"gold_gain":0,"player_choice":"Took Card","damage_taken":0,"max_hp_gain":0,"max_hp_loss":0,"event_name":"NoteForYourself","floor":4,"gold_loss":0,"cards_obtained":["Iron Wave"]},{"damage_healed":0,"gold_gain":68,"player_choice":"Gained Gold","damage_taken":0,"max_hp_gain":0,"max_hp_loss":0,"event_name":"Golden Wing","floor":12,"gold_loss":0},{"damage_healed":0,"gold_gain":175,"player_choice":"AGREE","damage_taken":0,"max_hp_gain":0,"max_hp_loss":0,"event_name":"Liars Game","floor":13,"gold_loss":0,"cards_obtained":["Doubt"]}],"is_beta":false,"boss_relics":[],"items_purged_floors":[],"is_endless":false,"potions_floor_spawned":[3,7,14],"killed_by":"Slime Boss","ascension_level":0}}