{"host":"2haferq23ht5nrlk","time":1612445753,"event":{"mods":["ATMod(°¢èªMod)","BaseMod","Colored Powertips","Conspire","KomeijiMod","Minty Spire (QoL Compilation)","Permanent Neow","Quick Restart","Relic Stats","Reliquary","Replay The Spire","Spicy Shops","StSLib","¡¾ÒÅÎï¿¨ÅÆ¡¿REMEMod"],"gold_per_floor":[118,168,179,179,179,179,212,19,68,68,68],"floor_reached":10,"language":"ZHS","playtime":402,"items_purged":[],"score":128,"play_id":"4f09d300-3f5d-42ad-9cdb-bd5e12622d92","local_time":"20210204213553","is_ascension_mode":true,"campfire_choices":[{"data":"AT_ChampionKick","floor":6,"key":"SMITH"}],"circlet_count":0,"master_deck":["AscendersBane","Strike_P","Strike_P","Strike_P","Strike_P","Defend_P+1","Defend_P+1","Defend_P","Eruption","Vigilance","AT_GerminateFire","Judgement","Nirvana","SashWhip","AT_ChampionKick+1","Consecrate","LessonLearned","MentalFortress"],"relics":["PureWater","AT_ATBox","REME_ComplimentaryCards","Simple Rune","Replay:Mystery Machine"],"acts_visited":["Exordium"],"potions_floor_usage":[10],"damage_taken":[{"damage":6,"enemies":"conspire:RoseBush","floor":1,"turns":1},{"damage":19,"enemies":"Cultist","floor":3,"turns":4},{"damage":33,"enemies":"Gremlin Nob","floor":7,"turns":4},{"damage":7,"enemies":"Replay:BlueRogue","floor":10,"turns":3}],"seed_played":"-8358061246477262053","potions_obtained":[{"floor":1,"key":"Regen Potion"},{"floor":3,"key":"LiquidMemories"}],"is_trial":false,"path_per_floor":["M","?","M","?","?","R","E","$","T","E"],"character_chosen":"WATCHER","items_purchased":["LessonLearned","MentalFortress"],"campfire_rested":0,"item_purchase_floors":[8,8],"current_hp_per_floor":[55,55,36,36,36,36,3,3,3,0,0],"gold":68,"neow_bonus":"ONE_RANDOM_RARE_CARD","is_daily":false,"chose_seed":false,"campfire_upgraded":1,"win_rate":0.0,"timestamp":1612445753,"path_taken":["M","?","?","?","?","R","E","$","T","E"],"items_purchased_type":["Card","Card"],"build_version":"2020-12-22","purchased_purges":0,"victory":false,"max_hp_per_floor":[68,68,68,68,68,68,68,68,68,68,68],"relic_stats":{"counters":[4,12],"obtain_stats":[{"AT_ATBox":0,"Simple Rune":7,"PureWater":0,"Replay:Mystery Machine":9,"REME_ComplimentaryCards":0},{"AT_ATBox":0,"Simple Rune":3,"PureWater":0,"Replay:Mystery Machine":3,"REME_ComplimentaryCards":0},{"AT_ATBox":0,"Simple Rune":9,"PureWater":0,"Replay:Mystery Machine":9,"REME_ComplimentaryCards":0}]},"card_choices":[{"not_picked":["CutThroughFate","Fasting2"],"picked":"Nirvana","floor":1},{"not_picked":["REME_Repentance","WheelKick"],"picked":"SashWhip","floor":3},{"not_picked":["Prostrate","WreathOfFlame"],"picked":"Consecrate","floor":7}],"player_experience":11312,"relics_obtained":[{"floor":7,"key":"Simple Rune"},{"floor":9,"key":"Replay:Mystery Machine"}],"event_choices":[{"damage_healed":0,"gold_gain":50,"player_choice":"Pray","damage_taken":0,"max_hp_gain":0,"max_hp_loss":0,"event_name":"Golden Shrine","floor":2,"gold_loss":0},{"damage_healed":0,"gold_gain":0,"cards_transformed":["FateCollect"],"player_choice":"Change","damage_taken":0,"max_hp_gain":0,"max_hp_loss":0,"event_name":"Living Wall","floor":5,"gold_loss":0,"cards_obtained":["AT_ChampionKick"]}],"is_beta":false,"boss_relics":[],"items_purged_floors":[],"is_endless":false,"potions_floor_spawned":[1,3],"killed_by":"Replay:BlueRogue","ascension_level":20}}