{"host":"za9ilm1uiwmpmin1","time":1612463147,"event":{"mods":["AchievementEnabler","Act Like it!","Arknights","BaseMod","Dota2Spire","Downfall","Friendly Minions","Lobotomy","LobotomyExtend","Minty Spire (QoL Compilation)","MostiFishMod","Reorder Act Four","RumiaBox-露米娅的神秘盒子","StSLib","TestMod","Waifu the Spire","[IsaacMod]以撒尖塔","【功能Mod】混沌之环修复补丁"],"gold_per_floor":[118,118,140,154,180,214,214,230,230,290,332,343,359,388,388,464,464,483,483,495,510,525,560,578,613,613,651,651,697,697,737,737,830,605,625,675,698,713,728,763,763,792,792,832,832,850,887,916,916,922,922,922,674,674,712,720],"floor_reached":57,"language":"ZHS","playtime":2483,"items_purged":["ats:Strike G","ats:Strike V","ats:Defend","ats:Strike C","ats:Strike S"],"score":3224,"play_id":"7343f87f-b926-41e1-b8d5-3a231d2d2b3e","local_time":"20210205022547","is_ascension_mode":true,"campfire_choices":[{"data":"ats:Emotion Absorption","floor":7.0,"key":"SMITH"},{"data":"ats:Closed Bolt Burst Fire","floor":15.0,"key":"SMITH"},{"data":"ats:Soul Absorption","floor":32.0,"key":"SMITH"},{"data":"ats:Sashimi Platter","floor":41,"key":"SMITH"},{"floor":49,"key":"RECALL"},{"data":"ats:Demon Strength","floor":54,"key":"SMITH"}],"circlet_count":0,"master_deck":["AscendersBane","ats:Armor Crushing Shot+1","ats:Defend","ats:Defend","ats:Defend+1","ats:Emotion Absorption+1","ats:Closed Bolt Burst Fire+1","ats:Disruption Kick+1","ats:Soul Absorption+1","ats:Hook Shot+1","ats:Demon Strength+1","ats:Sashimi Platter+1"],"relics":["DaveBox","HushsDoor","testmod-TestBox","testmod-TheFather","SteamSale","DianPoetry","Black Star","SynthV:TestCard","LetterFromLob","ats:Originium","Centennial Puzzle","PlanX","GnawedLeaf","Calipers","Pantograph","Nunchaku","testmod-Fortitude","Transparent","Lantern","Dota2Spire:PowerTreads","Omamori","testmod-InjuryResistance","Smiling Mask","Bottled Flame","UnicornStump","GodSword6","Pocketwatch","Oddly Smooth Stone","MealTicket","Strawberry","Calling Bell","Juzu Bracelet","MagicDraw1","testmod-Nyarlathotep","Dota2Spire:MaskOfMadness","MostiFishMod:Haymaker","ats:Hidden Killer","testmod-Justice","Regal Pillow","Ancient Tea Set","Ginger","Dota2Spire:BattleFury","Ccalipers","testmod-LifeArmor","Shuriken","Blue Candle"],"acts_visited":["Exordium","TheCity","TheBeyond","TheEnding"],"potions_floor_usage":[56,56,56,56,56,56],"damage_taken":[{"damage":6.0,"enemies":"Small Slimes","floor":1.0,"turns":3.0},{"damage":0.0,"enemies":"2 Louse","floor":3.0,"turns":2.0},{"damage":0.0,"enemies":"Cultist","floor":4.0,"turns":2.0},{"damage":10.0,"enemies":"Gremlin Gang","floor":5.0,"turns":3.0},{"damage":15.0,"enemies":"Lagavulin","floor":6.0,"turns":5.0},{"damage":0.0,"enemies":"2 Fungi Beasts","floor":8.0,"turns":3.0},{"damage":32.0,"enemies":"Lagavulin Event","floor":10.0,"turns":5.0},{"damage":0.0,"enemies":"3 Sentries","floor":11.0,"turns":3.0},{"damage":0.0,"enemies":"Red Slaver","floor":12.0,"turns":2.0},{"damage":0.0,"enemies":"Exordium Wildlife","floor":13.0,"turns":1.0},{"damage":0.0,"enemies":"Gremlin Nob","floor":14.0,"turns":2.0},{"damage":19.0,"enemies":"Hexaghost","floor":16.0,"turns":5.0},{"damage":30.0,"enemies":"Chosen","floor":18.0,"turns":2.0},{"damage":30.0,"enemies":"Shell Parasite","floor":20.0,"turns":2.0},{"damage":30.0,"enemies":"Snecko","floor":21.0,"turns":2.0},{"damage":30.0,"enemies":"Sentry and Sphere","floor":22.0,"turns":2.0},{"damage":49.0,"enemies":"Book of Stabbing","floor":23.0,"turns":3.0},{"damage":30.0,"enemies":"3 Cultists","floor":24.0,"turns":2.0},{"damage":30.0,"enemies":"Gremlin Leader","floor":25.0,"turns":2.0},{"damage":30.0,"enemies":"Slavers","floor":27.0,"turns":2.0},{"damage":39.0,"enemies":"Gremlin Leader","floor":29.0,"turns":3.0},{"damage":21.0,"enemies":"Slavers","floor":31.0,"turns":2.0},{"damage":34.0,"enemies":"Automaton","floor":33.0,"turns":4.0},{"damage":11,"enemies":"3 Shapes","floor":35,"turns":2},{"damage":9,"enemies":"2 Orb Walkers","floor":36,"turns":3},{"damage":1,"enemies":"3 Darklings","floor":37,"turns":2},{"damage":31,"enemies":"Jaw Worm Horde","floor":38,"turns":2},{"damage":27,"enemies":"Sphere and 2 Shapes","floor":39,"turns":2},{"damage":23,"enemies":"Reptomancer","floor":40,"turns":2},{"damage":27,"enemies":"Nemesis","floor":42,"turns":3},{"damage":13,"enemies":"Reptomancer","floor":44,"turns":2},{"damage":9,"enemies":"Writhing Mass","floor":46,"turns":2},{"damage":0,"enemies":"Giant Head","floor":47,"turns":2},{"damage":46,"enemies":"Transient","floor":48,"turns":5},{"damage":25,"enemies":"Time Eater","floor":50,"turns":2},{"damage":11,"enemies":"Shield and Spear","floor":55,"turns":1},{"damage":55,"enemies":"The Heart","floor":56,"turns":4}],"seed_played":"-1737359488965598281","potions_obtained":[{"floor":3.0,"key":"Fire Potion"},{"floor":5.0,"key":"ats:Emergency Sanity Potion"},{"floor":8.0,"key":"CultistPotion"},{"floor":12.0,"key":"testmod-SpacePotion"},{"floor":13.0,"key":"Explosive Potion"},{"floor":20.0,"key":"FearPotion"},{"floor":23.0,"key":"Fire Potion"},{"floor":24.0,"key":"LiquidMemories"},{"floor":29.0,"key":"SpeedPotion"},{"floor":42,"key":"ColorlessPotion"}],"is_trial":false,"path_per_floor":["M","?","M","M","M","E","R","M","T","?","E","M","M","E","R","B",null,"M","?","M","M","M","E","M","E","T","E","?","E","?","E","R","B",null,"M","?","M","M","M","E","R","E","T","E","?","M","E","M","R","B",null,null,"$","R","E","B",null],"character_chosen":"DOCTOR_CLASS","items_purchased":["Ccalipers","testmod-LifeArmor","EntropicBrew"],"campfire_rested":0,"item_purchase_floors":[53,53,53],"current_hp_per_floor":[58,63,63,63,53,38,38,38,38,6,6,6,6,6,6,12,60,75,60,75,76,76,72,76,76,76,76,76,76,76,83,83,83,83,83,83,83,83,83,83,83,83,83,83,83,83,83,83,83,83,83,83,83,83,83,83],"gold":720,"neow_bonus":"BOSS_RELIC","is_daily":false,"chose_seed":false,"campfire_upgraded":5,"win_rate":0.0,"timestamp":1612463147,"path_taken":["M","?","M","M","M","E","R","M","T","?","E","M","M","E","R","BOSS","M","?","M","M","M","E","M","E","T","E","?","E","?","E","R","BOSS","M","?","M","M","M","E","R","E","T","E","?","M","E","M","R","BOSS","$","R","E","BOSS"],"items_purchased_type":["Relic","Relic","Potion"],"build_version":"2020-12-22","purchased_purges":5,"victory":true,"max_hp_per_floor":[71,76,76,76,76,76,76,76,76,76,76,76,76,76,76,76,76,76,76,76,76,76,76,76,76,76,76,76,76,76,83,83,83,83,83,83,83,83,83,83,83,83,83,83,83,83,83,83,83,83,83,83,83,83,83,83],"card_choices":[{"not_picked":["ats:Flexible Camouflage","ats:Apocalypse","ats:Assault Order"],"picked":"SKIP","floor":1.0},{"not_picked":["ats:Serious Mode","ats:Blood Oath","ats:Powerful Strike","ats:Encircling Forest","ats:Guard Mode"],"picked":"SKIP","floor":3.0},{"not_picked":["ats:Sunburst","ats:Steam Pump","ats:Flame Of Heaven","ats:Overload"],"picked":"ats:Closed Bolt Burst Fire","floor":4.0},{"not_picked":["ats:True Silver Slash","ats:Spore Proliferation","ats:Neurotoxin","ats:Assault Order","ats:Part Time Job"],"picked":"SKIP","floor":5.0},{"not_picked":["ats:Guardian Obelisk","ats:Burning Ground","ats:Blood Oath","ats:Shadow Raid","ats:Powerful Strike"],"picked":"SKIP","floor":6.0},{"not_picked":["ats:Charging Defense","ats:Absolute Focus","ats:Revitalization","ats:Burning Ground","ats:Hammer On"],"picked":"SKIP","floor":8.0},{"not_picked":["ats:Wolf Pack","ats:Soul Rend","ats:Consecutive Shot Auto","ats:Magnetic Hammer","ats:Ignite"],"picked":"SKIP","floor":11.0},{"not_picked":["ats:Wolf Pack","ats:Soul Rend","ats:Consecutive Shot Auto","ats:Magnetic Hammer","ats:Ignite"],"picked":"SKIP","floor":11.0},{"not_picked":["ats:Guard Mode","ats:Burning Ground","ats:Revitalization","ats:Shell Defense"],"picked":"Bomb","floor":12.0},{"not_picked":["ats:Curse Doll","ats:Part Time Job","ats:Overload","ats:Red Shift","ats:Powerful Strike"],"picked":"SKIP","floor":13.0},{"not_picked":["ats:Flame Of Heaven","ats:Steam Pump","ats:Leaping Hammer","ats:Red Shift","ats:Curse Doll"],"picked":"SKIP","floor":14.0},{"not_picked":["ats:Shadow Assault","ats:Nebulous Foxfire","ats:Volcano","ats:Wolf Pack"],"picked":"ats:Disruption Kick","floor":16.0},{"not_picked":["ats:Closed Bolt Burst Fire","ats:Revitalization","ats:Explosion Area Strengthen","ats:Leaping Hammer","ats:Shell Defense+1"],"picked":"SKIP","floor":18.0},{"not_picked":["ats:Neurotoxin","ats:Flame Of Heaven","ats:Composite Medical Shells+1","ats:Hook Shot","ats:Curse Doll"],"picked":"SKIP","floor":20.0},{"not_picked":["ats:Neurotoxin","ats:Flame Of Heaven","ats:Composite Medical Shells+1","ats:Hook Shot","ats:Curse Doll"],"picked":"SKIP","floor":20.0},{"not_picked":["ats:Cat Scratch","ats:Guard Mode","ats:Apocalypse","ats:Song Of Battle","ats:Leaping Hammer"],"picked":"SKIP","floor":21.0},{"not_picked":["ats:Part Time Job","ats:Ambush","ats:Explosion Area Strengthen","ats:Guard Mode","ats:Poison Spread+1"],"picked":"SKIP","floor":22.0},{"not_picked":["ats:Shell Defense+1","ats:Absolute Focus","ats:Poison Spread+1","ats:LN2 Cannon+1","ats:Leaping Hammer"],"picked":"SKIP","floor":23.0},{"not_picked":["ats:Assault Order","ats:Very Hot Blade","ats:Defend Order","ats:Literary Storm","ats:Phantom+1"],"picked":"SKIP","floor":24.0},{"not_picked":["ats:Explosion Area Strengthen","ats:Literary Storm","ats:Guard Mode","ats:LN2 Cannon","ats:Shadow Raid+1"],"picked":"SKIP","floor":25.0},{"not_picked":["ats:Sunburst","ats:True Silver Slash","ats:Cat Scratch","ats:Blood Oath","ats:Consecutive Shot Auto+1"],"picked":"SKIP","floor":27.0},{"not_picked":["ats:Encircling Forest","ats:Defend Order","ats:Leaping Hammer","ats:Steam Pump"],"picked":"ats:Soul Absorption","floor":29.0},{"not_picked":["ats:Red Shift+1","ats:Guardian Obelisk","ats:Fractured Body","ats:Leaping Hammer"],"picked":"ats:Hook Shot+1","floor":31.0},{"not_picked":["ats:Very Hot Blade","ats:Ignite","ats:Collapsing Strike","ats:Revitalization","ats:Closed Bolt Burst Fire"],"picked":"SKIP","floor":35},{"not_picked":["ats:Hammer On+1","ats:Ignite","ats:Blood Oath+1","ats:Rat Pack","ats:Neurotoxin"],"picked":"SKIP","floor":37},{"not_picked":["ats:Composite Medical Shells","ats:Blood Oath","ats:Hammer On","ats:Flexible Camouflage","ats:Curse Doll"],"picked":"SKIP","floor":38},{"not_picked":["ats:Neurotoxin","ats:Defend Order","ats:Healing Strengthening","ats:LN2 Cannon"],"picked":"ats:Demon Strength","floor":39},{"not_picked":["ats:Explosion Area Strengthen","ats:Sashimi Platter","ats:Volcano","ats:Defend Order","ats:Flexible Camouflage"],"picked":"SKIP","floor":40},{"not_picked":["ats:Explosion Area Strengthen","ats:Volcano","ats:Defend Order","ats:Flexible Camouflage"],"picked":"ats:Sashimi Platter","floor":40},{"not_picked":["ats:Chain Hook","ats:Collapsing Strike+1","ats:Echo Reverb","ats:Charging Defense+1","ats:Flexible Camouflage"],"picked":"SKIP","floor":42},{"not_picked":["ats:Apocalypse","ats:Song Of Battle+1","ats:Revitalization+1","ats:Very Hot Blade","ats:Explosion Area Strengthen"],"picked":"SKIP","floor":44},{"not_picked":["ats:Powerful Strike","ats:Defend Order","ats:Sunburst+1","ats:Assault Order","ats:Very Hot Blade+1"],"picked":"SKIP","floor":46},{"not_picked":["ats:Sashimi Platter","ats:Defend Order","ats:Chain Hook","ats:Powerful Strike","ats:Phantom"],"picked":"SKIP","floor":47},{"not_picked":["ats:Directed Diagnosis","ats:Very Hot Blade","ats:Part Time Job","ats:Demon Strength+1","ats:Explosion Area Strengthen"],"picked":"SKIP","floor":48},{"not_picked":["ats:Hammer On","ats:Powerful Strike","ats:Magnetic Hammer","ats:Soul Rend","ats:Overload+1"],"picked":"SKIP","floor":55}],"player_experience":946881,"relics_obtained":[{"floor":1.0,"key":"SynthV:TestCard"},{"floor":1.0,"key":"LetterFromLob"},{"floor":6.0,"key":"ats:Originium"},{"floor":6.0,"key":"Centennial Puzzle"},{"floor":6.0,"key":"PlanX"},{"floor":10.0,"key":"GnawedLeaf"},{"floor":11.0,"key":"ats:Originium"},{"floor":11.0,"key":"Calipers"},{"floor":11.0,"key":"Pantograph"},{"floor":14.0,"key":"ats:Originium"},{"floor":14.0,"key":"Nunchaku"},{"floor":14.0,"key":"testmod-Fortitude"},{"floor":23.0,"key":"ats:Originium"},{"floor":23.0,"key":"Dota2Spire:PowerTreads"},{"floor":23.0,"key":"Omamori"},{"floor":25.0,"key":"testmod-InjuryResistance"},{"floor":25.0,"key":"Smiling Mask"},{"floor":26.0,"key":"Bottled Flame"},{"floor":27.0,"key":"UnicornStump"},{"floor":27.0,"key":"GodSword6"},{"floor":29.0,"key":"Pocketwatch"},{"floor":29.0,"key":"Oddly Smooth Stone"},{"floor":31.0,"key":"MealTicket"},{"floor":31.0,"key":"Strawberry"},{"floor":34,"key":"Juzu Bracelet"},{"floor":34,"key":"MagicDraw1"},{"floor":36,"key":"testmod-Nyarlathotep"},{"floor":40,"key":"Dota2Spire:MaskOfMadness"},{"floor":40,"key":"MostiFishMod:Haymaker"},{"floor":42,"key":"ats:Hidden Killer"},{"floor":42,"key":"testmod-Justice"},{"floor":43,"key":"Regal Pillow"},{"floor":44,"key":"Ancient Tea Set"},{"floor":44,"key":"Ginger"},{"floor":47,"key":"Dota2Spire:BattleFury"},{"floor":55,"key":"Shuriken"},{"floor":55,"key":"Blue Candle"}],"event_choices":[{"damage_healed":0.0,"max_hp_gain":5.0,"max_hp_loss":0.0,"gold_gain":0.0,"event_name":"Big Fish","player_choice":"Donut","floor":2.0,"gold_loss":0.0,"damage_taken":0.0},{"damage_healed":0.0,"max_hp_gain":0.0,"max_hp_loss":0.0,"gold_gain":30.0,"event_name":"Dead Adventurer","player_choice":"Searched \u00272\u0027 times","floor":10.0,"gold_loss":0.0,"damage_taken":0.0},{"damage_healed":0.0,"max_hp_gain":0.0,"max_hp_loss":0.0,"gold_gain":0.0,"event_name":"Accursed Blacksmith","player_choice":"Forge","floor":28.0,"gold_loss":0.0,"damage_taken":0.0,"cards_upgraded":["ats:Disruption Kick"]},{"damage_healed":0.0,"max_hp_gain":0.0,"max_hp_loss":0.0,"gold_gain":0.0,"event_name":"Vampires","player_choice":"Ignored","floor":30.0,"gold_loss":0.0,"damage_taken":0.0},{"damage_healed":0,"gold_gain":0,"player_choice":"Fight","damage_taken":0,"max_hp_gain":0,"max_hp_loss":0,"event_name":"Mysterious Sphere","floor":36,"gold_loss":0},{"damage_healed":0,"gold_gain":0,"player_choice":"Swap Relic","damage_taken":0,"relics_obtained":["Technique"],"max_hp_gain":0,"max_hp_loss":0,"event_name":"给自己的盒子","floor":45,"relics_lost":["Technique"],"gold_loss":0}],"is_beta":false,"boss_relics":[{"not_picked":["testmod-Nine","testmod-CardMagician"],"picked":"Transparent"},{"not_picked":[]},{"not_picked":["testmod-KeyOfTheVoid","RhineFirstAidKit"],"picked":"Calling Bell"},{"not_picked":[]}],"items_purged_floors":[34,34,34,34,53],"is_endless":false,"potions_floor_spawned":[3,5,8,12,13,20,21,23,24,27,29,33,36,42,44,46,48],"ascension_level":15}}