{"host":"csv4uk4hw8wax4p9","time":1612434253,"event":{"mods":["Act Like it!","BaseMod","Challenge The Spire","Gensokyo","HololiveMod","Minty Spire (QoL Compilation)","Quick Restart","Reliquary","StSLib","¡¾ÒÅÎï¿¨ÅÆ¡¿REMEMod"],"gold_per_floor":[76,25,39,39,39,65,381,600,624,624,659,659,696,712,712,802,802,822,253,133,123,195,195,224,243,243,560,810,844,862,1080,1080,1158,1158,1174,1174,1192,1204,766,800,379,453,465,532,544,586,598,959,971,1188,1208,1208],"floor_reached":51,"language":"ZHS","playtime":4077,"items_purged":["Injury","Hololive_Defend"],"score":2005,"play_id":"4e57dd6a-294d-48ee-a870-a3525ab76681","local_time":"20210204182413","is_ascension_mode":true,"campfire_choices":[{"data":"Hololive_CallSpadeEcho","floor":10.0,"key":"SMITH"},{"data":"Hololive_CallAZKi","floor":15.0,"key":"SMITH"},{"data":"Gensokyo:SlitMouthedWoman","floor":23.0,"key":"SMITH"},{"data":"Hololive_CallYukihanaLamy","floor":32.0,"key":"SMITH"},{"data":"Hololive_DDD","floor":45,"key":"SMITH"},{"floor":49,"key":"RECALL"}],"circlet_count":0,"master_deck":["AscendersBane","Hololive_Defend","Hololive_DevilCharm","Hololive_CallInugamiKorone","Hololive_CallYuzukiChoco","Hololive_CallSpadeEcho+1","Hololive_CallCivia","Hololive_CallUruhaRushia","Hololive_CallShirakamiFubuki","Hololive_CallMoonaHoshinova","Hololive_CallAkaiHaato","Hololive_CallYukihanaLamy+1","Hololive_CallAiraniIofifteen","Hololive_CallTokoyamiTowa","Hololive_CallMurasakiShion+1","Hololive_CallAZKi+1","Hololive_CallYozoraMel","Hololive_Rebirth","Gensokyo:SlitMouthedWoman+1","Hololive_CallHoshimachiSuisei","Hololive_IdolExercise+1","Hololive_CallRoboco","Hololive_CallDoris","Hololive_CallFriendA","Hololive_CallNatsuiroMatsuri","Hololive_DDD+1","Hololive_CallTsunomakiWatame","Hololive_CallAkiRosenthal+1","Hololive_Recruit","Gensokyo:ManorOfTheDishes","Hololive_CallSakuraMiko","Hololive_CallMinatoAqua","Hololive_CallAkaiHaato+1","Hololive_CallYukihanaLamy+1","Hololive_CallUsadaPekora","Hololive_CallYogiri+1","Hololive_CallHimemoriLuna","Hololive_CallOmaruPolka","Gensokyo:PrivateSquare","Hololive_CallNekomataOkayu"],"relics":["Hololive_TheStar","REME_ComplimentaryCards","NeowsBlessing","PreservedInsect","Oddly Smooth Stone","reliquary:PartyBalloon","Black Star","Medical Kit","ClockworkSouvenir","Gensokyo:FoxMask","reliquary:Sideboard","Dream Catcher","Potion Belt","Orichalcum","Ice Cream","reliquary:RosewoodLute","reliquary:Ember","Membership Card","REME_HandOfSuture","Question Card","MawBank","Strawberry","Orrery","Centennial Puzzle","FossilizedHelix","Omamori","reliquary:Stiletto","Shuriken"],"acts_visited":["Gensokyo:Gensokyo","Gensokyo:Gensokyoer","Gensokyo:Gensokyoest"],"potions_floor_usage":[],"damage_taken":[{"damage":0.0,"enemies":"Gensokyo:Gryphon","floor":1.0,"turns":1.0},{"damage":0.0,"enemies":"Gensokyo:Python","floor":3.0,"turns":1.0},{"damage":0.0,"enemies":"Gensokyo:Mamizou","floor":6.0,"turns":3.0},{"damage":0.0,"enemies":"Gensokyo:2_Kodama","floor":7.0,"turns":5.0},{"damage":0.0,"enemies":"Gensokyo:CorruptedTreant","floor":8.0,"turns":3.0},{"damage":0.0,"enemies":"Gensokyo:Aya","floor":11.0,"turns":4.0},{"damage":0.0,"enemies":"Gensokyo:Mamizou","floor":13.0,"turns":5.0},{"damage":0.0,"enemies":"Gensokyo:3_Kodama","floor":14.0,"turns":3.0},{"damage":0.0,"enemies":"Gensokyo:Kokoro","floor":16.0,"turns":10.0},{"damage":0.0,"enemies":"Gensokyo:Chomper","floor":18.0,"turns":3.0},{"damage":6.0,"enemies":"Gensokyo:Tenshi","floor":24.0,"turns":5.0},{"damage":0.0,"enemies":"Gensokyo:CosmicMonolith","floor":25.0,"turns":4.0},{"damage":0.0,"enemies":"Gensokyo:Mirror_and_Dog","floor":27.0,"turns":5.0},{"damage":0.0,"enemies":"Gensokyo:Koishi","floor":29.0,"turns":3.0},{"damage":0.0,"enemies":"Gensokyo:Slime_Group","floor":30.0,"turns":3.0},{"damage":0.0,"enemies":"Gensokyo:Chomper_and_Gloop","floor":31.0,"turns":6.0},{"damage":0.0,"enemies":"Gensokyo:Eiki","floor":33.0,"turns":9.0},{"damage":0.0,"enemies":"Gensokyo:3_Boulders","floor":35.0,"turns":5.0},{"damage":0.0,"enemies":"Gensokyo:AncientGuardian","floor":37.0,"turns":2.0},{"damage":0.0,"enemies":"Gensokyo:AtlasGolem","floor":38.0,"turns":4.0},{"damage":0,"enemies":"Gensokyo:Doremy","floor":40,"turns":4},{"damage":0,"enemies":"Gensokyo:Kasen","floor":42,"turns":10},{"damage":0,"enemies":"Gensokyo:Marisa","floor":44,"turns":5},{"damage":0,"enemies":"Gensokyo:SeedOfUnknown","floor":46,"turns":6},{"damage":0,"enemies":"Gensokyo:Rafflesia","floor":48,"turns":8},{"damage":162,"enemies":"Gensokyo:Scarlet_Devils","floor":50,"turns":13},{"damage":0,"enemies":"Gensokyo:Yuyuko","floor":51,"turns":5}],"seed_played":"3316074559518847601","potions_obtained":[{"floor":1.0,"key":"EssenceOfSteel"},{"floor":3.0,"key":"PowerPotion"},{"floor":7.0,"key":"FairyPotion"},{"floor":30.0,"key":"Swift Potion"},{"floor":31.0,"key":"LiquidMemories"},{"floor":40,"key":"Regen Potion"},{"floor":44,"key":"FairyPotion"}],"is_trial":false,"path_per_floor":["M","COS","M","?","?","E","M","M","T","R","E","?","E","M","R","B",null,"M","COS","?","$","T","R","E","M","T","M","?","E","M","M","R","B",null,"M","?","M","M","$","E","COS","E","T","E","R","M","?","M","R","B","B"],"character_chosen":"Hololive_HololiveCharacter","items_purchased":["Hololive_CallHoshimachiSuisei","SkillPotion","Membership Card","REME_HandOfSuture","Question Card"],"campfire_rested":0,"item_purchase_floors":[21,21,39,39,39],"current_hp_per_floor":[27,27,27,27,27,27,27,27,27,27,27,27,27,27,27,27,29,29,29,29,29,29,29,23,23,23,23,23,23,23,23,23,23,28,28,28,28,28,28,35,35,35,35,35,35,35,35,35,35,11,0,0],"gold":1208,"neow_bonus":"THREE_ENEMY_KILL","is_daily":false,"chose_seed":false,"campfire_upgraded":5,"win_rate":0.0,"timestamp":1612434253,"path_taken":["M","COS","M","?","?","E","M","M","T","R","E","?","E","M","R","BOSS","M","COS","?","?","?","R","E","M","T","M","?","E","M","M","R","BOSS","M","?","M","M","$","E","COS","E","T","E","R","M","?","M","R","BOSS","BOSS"],"items_purchased_type":["Card","Potion","Relic","Relic","Relic"],"build_version":"2020-12-22","purchased_purges":2,"victory":false,"max_hp_per_floor":[30,30,30,30,30,30,30,30,30,30,30,30,30,30,30,30,30,30,30,30,30,30,30,30,30,30,30,30,30,30,30,30,30,30,30,30,30,30,30,37,37,37,37,37,37,37,37,37,37,37,1,1],"card_choices":[{"not_picked":["Hololive_CallSpadeEcho","Hololive_FlyingPonyTail","Hololive_Trident"],"picked":"Hololive_CallShirakamiFubuki","floor":1.0},{"not_picked":["Hololive_Breathe","Hololive_CocoNews","Hololive_FlyingPonyTail"],"picked":"Hololive_CallMoonaHoshinova","floor":3.0},{"not_picked":["Hololive_Sequa","Hololive_CallHoushouMarine","Hololive_CocoNews"],"picked":"Hololive_CallAkaiHaato","floor":6.0},{"not_picked":["Hololive_Rebound","Hololive_Trident","Hololive_StrengthChampion"],"picked":"Hololive_CallYukihanaLamy","floor":7.0},{"not_picked":["Hololive_LuckPotion","Hololive_Teleport","Hololive_Sequa"],"picked":"Hololive_CallAiraniIofifteen","floor":8.0},{"not_picked":["Hololive_Trident","Hololive_StrengthChampion","Hololive_AWSL"],"picked":"Hololive_CallTokoyamiTowa","floor":11.0},{"not_picked":["Hololive_CallMomosuzuNene","Hololive_LuckPotion","Hololive_RevenueBasedLive"],"picked":"Hololive_CallAZKi","floor":13.0},{"not_picked":["Hololive_Sequa","Hololive_FlyingPonyTail","Hololive_OvertimeWork"],"picked":"Hololive_CallYozoraMel","floor":14.0},{"not_picked":["Hololive_BeCareful","Hololive_DurableLive","Hololive_FlareMind"],"picked":"Hololive_Rebirth","floor":16.0},{"not_picked":["Hololive_Psychosis","Hololive_Trident","Hololive_LuckPotion","Hololive_Rebound"],"picked":"SKIP","floor":18.0},{"not_picked":["Hololive_Rebound+1","Hololive_Teleport+1","Hololive_Drill+1"],"picked":"Hololive_IdolExercise+1","floor":24.0},{"not_picked":["Hololive_BeCareful","Hololive_Recruit","Hololive_Trident"],"picked":"Hololive_CallRoboco","floor":24.0},{"not_picked":["Hololive_ILoveYou","Hololive_HuntDinosaur","Hololive_CocoNews","Hololive_CallMurasakiShion"],"picked":"SKIP","floor":25.0},{"not_picked":["Hololive_Rebound","Hololive_RevenueBasedLive","Hololive_LuckPotion","Hololive_Sequa"],"picked":"SKIP","floor":27.0},{"not_picked":["Hololive_Trident","Hololive_ASMR","Hololive_LuckPotion"],"picked":"Hololive_CallDoris","floor":29.0},{"not_picked":["Hololive_FlyingPonyTail","Hololive_Teleport","Hololive_CocoNews"],"picked":"Hololive_CallFriendA","floor":30.0},{"not_picked":["Hololive_LuckPotion","Hololive_OvertimeWork","Hololive_StrengthChampion"],"picked":"Hololive_CallNatsuiroMatsuri","floor":31.0},{"not_picked":["Hololive_IdolExercise","Hololive_ScarfAndHalo","Hololive_Thief"],"picked":"Hololive_DDD","floor":33.0},{"not_picked":["Hololive_CocoNews+1","Hololive_CallMurasakiShion","Hololive_CallTokinoSora"],"picked":"Hololive_CallTsunomakiWatame","floor":35.0},{"not_picked":["Hololive_FlyingPonyTail","Hololive_RevenueBasedLive+1","Hololive_StrengthChampion+1","Hololive_Psychosis"],"picked":"SKIP","floor":37.0},{"not_picked":["Hololive_RevenueBasedLive","Hololive_Rebound","Hololive_BeCareful"],"picked":"Hololive_CallAkiRosenthal+1","floor":38.0},{"not_picked":["Hololive_OvertimeWork","Hololive_StarCraft","Hololive_Breathe","Hololive_CocoNews"],"picked":"Hololive_Recruit","floor":40},{"not_picked":["Hololive_Rebound","Hololive_FlyingPonyTail","Hololive_HuntDinosaur+1","Hololive_Psychosis"],"picked":"Hololive_CallSakuraMiko","floor":41},{"not_picked":["Hololive_CocoNews","Hololive_Breathe","Hololive_RevenueBasedLive+1","Hololive_FlyingPonyTail"],"picked":"Hololive_CallMinatoAqua","floor":41},{"not_picked":["Hololive_HuntDinosaur","Hololive_Drill","Hololive_Teleport","Hololive_FlyingPonyTail+1"],"picked":"Hololive_CallAkaiHaato+1","floor":41},{"not_picked":["Hololive_CocoNews+1","Hololive_SummonFox+1","Hololive_Rebirth+1","Hololive_RevenueBasedLive+1","Hololive_Drill+1"],"picked":"Hololive_CallYukihanaLamy+1","floor":42},{"not_picked":["Hololive_CocoNews","Hololive_FlyingPonyTail+1","Hololive_CallMurasakiShion","Hololive_Trident+1","Hololive_LuckPotion"],"picked":"Hololive_CallUsadaPekora","floor":42},{"not_picked":["Hololive_Psychosis","Hololive_Thief","Hololive_CandyCastle+1","Hololive_Drill","Hololive_BringToTrial"],"picked":"Hololive_CallYogiri+1","floor":42},{"not_picked":["Hololive_Psychosis+1","Hololive_CallAiraniIofifteen","Hololive_Trident","Hololive_StarCraft","Hololive_StrengthChampion","Hololive_SoulCatcher+1"],"picked":"SKIP","floor":44},{"not_picked":["Hololive_OvertimeWork+1","Hololive_Rebound","Hololive_FlyingPonyTail","Hololive_CallUsadaPekora+1","Hololive_DiamondStrike","Hololive_Psychosis+1"],"picked":"SKIP","floor":44},{"not_picked":["Hololive_Drill","Hololive_CallMinatoAqua","Hololive_RevenueBasedLive","Hololive_CallMurasakiShion","Hololive_Sequa"],"picked":"Hololive_CallOmaruPolka","floor":46},{"not_picked":["Hololive_OvertimeWork","Hololive_CallRoboco","Hololive_HuntDinosaur","Hololive_IdolExercise","Hololive_CallHoshimachiSuisei","Hololive_LuckPotion+1"],"picked":"SKIP","floor":46},{"not_picked":["Hololive_OvertimeWork","Hololive_CallRoboco","Hololive_HuntDinosaur","Hololive_IdolExercise","Hololive_CallHoshimachiSuisei","Hololive_LuckPotion+1"],"picked":"SKIP","floor":46},{"not_picked":["Hololive_CallNakiriAyame+1","Hololive_FlyingPonyTail","Hololive_HuntDinosaur+1","Hololive_Rebound+1","Hololive_Trident"],"picked":"Hololive_CallNekomataOkayu","floor":48},{"not_picked":["Hololive_Trident","Hololive_CallHimemoriLuna","Hololive_Sequa+1","Hololive_CallMinatoAqua","Hololive_Drill","Hololive_Rebound+1"],"picked":"SKIP","floor":48}],"player_experience":578637,"relics_obtained":[{"floor":6.0,"key":"reliquary:TatteredRug"},{"floor":11.0,"key":"Oddly Smooth Stone"},{"floor":13.0,"key":"reliquary:PartyBalloon"},{"floor":22.0,"key":"reliquary:Sideboard"},{"floor":24.0,"key":"Dream Catcher"},{"floor":24.0,"key":"Potion Belt"},{"floor":26.0,"key":"Orichalcum"},{"floor":29.0,"key":"Ice Cream"},{"floor":29.0,"key":"reliquary:RosewoodLute"},{"floor":40,"key":"MawBank"},{"floor":40,"key":"Strawberry"},{"floor":42,"key":"Centennial Puzzle"},{"floor":42,"key":"FossilizedHelix"},{"floor":43,"key":"Omamori"},{"floor":44,"key":"reliquary:Stiletto"},{"floor":44,"key":"Shuriken"}],"event_choices":[],"is_beta":false,"boss_relics":[{"not_picked":["Calling Bell","SlaversCollar"],"picked":"Black Star"},{"not_picked":["REME_LowDesire","Velvet Choker"],"picked":"reliquary:Ember"}],"items_purged_floors":[21,39],"is_endless":false,"potions_floor_spawned":[1,3,7,13,18,30,31,40,44,46],"killed_by":"Gensokyo:Yuyuko","ascension_level":20}}