{"host":"39hztz5hia41w0n0","time":1612466810,"event":{"mods":["2.2 Compatiblity","AchievementEnabler","Act Like it!","AlwaysNeverKeys","Ascension Reborn","Aspiration","BaseMod","Better Altar","Better Note","Better Sensory Stone","Better Skull","Better Third Choice","BetterRewards","Block Reminder","Colored Map","Colored Powertips","Conspire","Curses Come First","DeckTracker","Defuse TimeMaze Blight","Downfall","Energized Spire","GifTheSpireLib","Googly Eyes","Halation","Highlight Path","Hubris","Infinite Spire","Minty Spire (QoL Compilation)","Permanent Neow","Potion Indicator Mod","Quick Restart","RatMod","Relic Filter","Relic Sorter","Relic Stats","Replay The Spire","Reworked Bosses","Shop Mod","Spicy Shops","Spikes Relics","StSLib","Stuff the Spire","SuperFastMode","Uncapped","Unceasing Turn Reminder","UnlockEverythingMod","Username Fix","egg"],"gold_per_floor":[110,129,54,54,67,67,67,77,77,152,152,0,33,53,53,152,152,162,499,513,513,229,229,258,6,6,17,17,48,48,48,48,146,146,160,160,177,177,197,197,211,211,211,237,267,217,157,182,182,182],"floor_reached":51,"language":"ENG","playtime":1802,"items_purged":["Defend_G","Strike_G","Defend_G","Strike_G"],"score":714,"play_id":"c91dee47-c7c1-4b97-9a7d-a5bba9dfbae1","local_time":"20210204142650","is_ascension_mode":true,"campfire_choices":[{"floor":6,"key":"REST"},{"floor":11,"key":"REST"},{"data":"hubris:Fate","floor":15,"key":"SMITH"},{"floor":23,"key":"REST"},{"data":"BootSequence","floor":28,"key":"SMITH"},{"data":"Backstab","floor":32,"key":"SMITH"},{"data":"Phantasmal Killer","floor":40,"key":"SMITH"},{"data":"rat:FanOfKnives","floor":49,"key":"SMITH"}],"circlet_count":0,"master_deck":["hubris:Fate+1","Defend_G","Defend_G","Survivor","Neutralize","Slice","Quick Slash","BootSequence+1","Backstab","Backstab+1","Backstab+1","Escape Plan","Backstab+1","Phantasmal Killer+1","Slice+1","Acrobatics","Secret Weapon","rat:FanOfKnives+1","rat:VenomousWounds","StuffTheSpire:Incantation"],"relics":["Ring of the Snake","Snake Skull","ReplayTheSpireMod:Ninjato","StuffTheSpire:Gunfinga","Pocketwatch","Smiling Mask","halation:MonkeysPaw","halation:LostSnail","StuffTheSpire:BottledEssence","LugNut","hubris:Teleporter","rat:KircheisShard","StuffTheSpire:Experiment12","WristBlade","PreservedInsect","rat:RedSneckoSkull","SpikesRelics:DaevaFist","Bag of Preparation"],"acts_visited":["Exordium","TheCity","TheBeyond"],"potions_floor_usage":[24,45,50,50,50],"damage_taken":[{"damage":1,"enemies":"Jaw Worm","floor":1,"turns":3},{"damage":0,"enemies":"Small Slimes","floor":2,"turns":4},{"damage":0,"enemies":"2 Louse","floor":5,"turns":2},{"damage":0,"enemies":"Lots of Slimes","floor":8,"turns":3},{"damage":0,"enemies":"Lagavulin","floor":13,"turns":2},{"damage":0,"enemies":"Blue Slaver","floor":14,"turns":1},{"damage":0,"enemies":"Slime Boss","floor":16,"turns":2},{"damage":0,"enemies":"2 Thieves","floor":18,"turns":1},{"damage":0,"enemies":"Spheric Guardian","floor":20,"turns":1},{"damage":0,"enemies":"conspire:Head Lice","floor":24,"turns":2},{"damage":0,"enemies":"Snake Plant","floor":27,"turns":2},{"damage":0,"enemies":"conspire:SneckoGhost","floor":29,"turns":1},{"damage":0,"enemies":"bossMod:newCollector","floor":33,"turns":1},{"damage":0,"enemies":"Orb Walker","floor":35,"turns":1},{"damage":4,"enemies":"3 Shapes","floor":37,"turns":2},{"damage":0,"enemies":"Transient","floor":39,"turns":5},{"damage":0,"enemies":"Jaw Worm Horde","floor":41,"turns":3},{"damage":0,"enemies":"Reptomancer","floor":45,"turns":1},{"damage":0,"enemies":"Nemesis","floor":48,"turns":1},{"damage":56,"enemies":"conspire:OrnateMirror","floor":50,"turns":4}],"seed_played":"5431684592671938723","potions_obtained":[{"floor":13,"key":"Milkshake"},{"floor":18,"key":"FearPotion"},{"floor":33,"key":"DistilledChaos"},{"floor":41,"key":"Swift Potion"},{"floor":45,"key":"Block Potion"},{"floor":48,"key":"Strength Potion"}],"is_trial":false,"path_per_floor":["M","M","$","?","M","R","?","M","T","?","R","$","E","M","R","B",null,"M","?","M","?","$","R","E","$","T","M","R","E","$","T","R","B",null,"M","?","M","?","M","R","M","?","T","T","E","$","?","E","R","B",null],"character_chosen":"THE_SILENT","items_purchased":["Backstab","halation:LostSnail","StuffTheSpire:BottledEssence","LugNut"],"campfire_rested":3,"item_purchase_floors":[12,22,22,25],"current_hp_per_floor":[69,69,69,34,34,55,55,55,55,48,69,69,69,69,69,69,70,70,45,45,45,45,66,66,66,66,66,66,66,66,66,66,66,70,70,70,66,66,66,66,70,70,70,70,70,70,70,70,70,14],"gold":182,"neow_bonus":"TRANSFORM_CARD","is_daily":false,"chose_seed":false,"campfire_upgraded":5,"win_rate":0.0,"timestamp":1612466810,"path_taken":["M","M","$","?","M","R","?","M","T","?","R","$","E","?","R","BOSS","M","?","?","?","$","R","E","?","T","M","R","E","$","?","R","BOSS","M","?","?","?","M","R","M","?","T","?","E","$","?","E","R","BOSS"],"items_purchased_type":["Card","Relic","Relic","Relic"],"build_version":"2020-12-22","purchased_purges":4,"victory":true,"max_hp_per_floor":[70,70,70,70,70,70,70,70,70,70,70,70,70,70,70,70,70,70,70,70,70,70,70,70,70,70,70,70,70,70,70,70,70,70,70,70,70,70,70,70,70,70,70,70,70,70,70,70,70,70],"relic_stats":{"counters":[20,42],"Snake Skull":[0],"PreservedInsect":105,"Bag of Preparation":[2],"Smiling Mask":175,"obtain_stats":[{"ReplayTheSpireMod:Ninjato":4,"halation:MonkeysPaw":17,"hubris:Teleporter":26,"StuffTheSpire:BottledEssence":22,"Snake Skull":24,"PreservedInsect":43,"Bag of Preparation":48,"Smiling Mask":13,"rat:RedSneckoSkull":44,"StuffTheSpire:Experiment12":31,"StuffTheSpire:Gunfinga":7,"WristBlade":34,"rat:KircheisShard":29,"SpikesRelics:DaevaFist":45,"halation:LostSnail":22,"LugNut":25,"Ring of the Snake":0,"Pocketwatch":9},{"ReplayTheSpireMod:Ninjato":2,"halation:MonkeysPaw":7,"hubris:Teleporter":10,"StuffTheSpire:BottledEssence":9,"Snake Skull":10,"PreservedInsect":17,"Bag of Preparation":19,"Smiling Mask":5,"rat:RedSneckoSkull":17,"StuffTheSpire:Experiment12":12,"StuffTheSpire:Gunfinga":3,"WristBlade":13,"rat:KircheisShard":12,"SpikesRelics:DaevaFist":18,"halation:LostSnail":9,"LugNut":10,"Ring of the Snake":0,"Pocketwatch":4},{"ReplayTheSpireMod:Ninjato":7,"halation:MonkeysPaw":17,"hubris:Teleporter":21,"StuffTheSpire:BottledEssence":19,"Snake Skull":21,"PreservedInsect":36,"Bag of Preparation":38,"Smiling Mask":14,"rat:RedSneckoSkull":36,"StuffTheSpire:Experiment12":24,"StuffTheSpire:Gunfinga":9,"WristBlade":25,"rat:KircheisShard":24,"SpikesRelics:DaevaFist":37,"halation:LostSnail":19,"LugNut":21,"Ring of the Snake":0,"Pocketwatch":12}],"Ring of the Snake":[40],"Pocketwatch":[3]},"card_choices":[{"not_picked":["PiercingWail","Cloak And Dagger","Choke"],"picked":"SKIP","floor":1},{"not_picked":["Flying Knee","Escape Plan"],"picked":"Quick Slash","floor":2},{"not_picked":["Slice","StuffTheSpire:ClusterCrunch","Hidden Blade"],"picked":"SKIP","floor":5},{"not_picked":["Hidden Blade","rat:Garrote","rat:Shadowstep"],"picked":"SKIP","floor":8},{"not_picked":["Fluid Movement","Deflect","Calculated Gamble"],"picked":"SKIP","floor":13},{"not_picked":["Sucker Punch","Leg Sweep","StuffTheSpire:Fury"],"picked":"SKIP","floor":14},{"not_picked":["rat:Garrote","rat:EchoingStrikes+1","Dagger Throw"],"picked":"SKIP","floor":18},{"not_picked":["Footwork","Deadly Poison+1"],"picked":"Backstab+1","floor":20},{"not_picked":["rat:EchoingStrikes","StuffTheSpire:BumpUp","Replay:Poison Smokescreen"],"picked":"SKIP","floor":24},{"not_picked":["StuffTheSpire:ReptileScales","Quick Slash+1"],"picked":"Escape Plan","floor":27},{"not_picked":["Bouncing Flask","Accuracy"],"picked":"Backstab+1","floor":29},{"not_picked":["Doppelganger","Poison Darts"],"picked":"Phantasmal Killer","floor":33},{"not_picked":["Masterful Stab+1","Pace+1"],"picked":"Slice+1","floor":35},{"not_picked":["Bane","rat:EchoingStrikes+1","StuffTheSpire:Python"],"picked":"SKIP","floor":37},{"not_picked":["Flying Knee+1","Cloak And Dagger","rat:EchoingStrikes"],"picked":"SKIP","floor":39},{"not_picked":["Flying Knee+1","Cloak And Dagger","rat:EchoingStrikes"],"picked":"SKIP","floor":39},{"not_picked":["Pace","Flechettes+1"],"picked":"Acrobatics","floor":41},{"not_picked":["Mayhem","PanicButton"],"picked":"Secret Weapon","floor":42},{"not_picked":["rat:SilveredBlade+1","Dagger Throw+1"],"picked":"rat:FanOfKnives","floor":45},{"not_picked":["ShadowRift+1","Setup+1","Bullet Time"],"picked":"SKIP","floor":48}],"player_experience":78092,"relics_obtained":[{"floor":7,"key":"StuffTheSpire:Gunfinga"},{"floor":9,"key":"Pocketwatch"},{"floor":13,"key":"Smiling Mask"},{"floor":24,"key":"Snake Skull"},{"floor":26,"key":"hubris:Teleporter"},{"floor":29,"key":"rat:KircheisShard"},{"floor":31,"key":"StuffTheSpire:Experiment12"},{"floor":43,"key":"PreservedInsect"},{"floor":44,"key":"rat:RedSneckoSkull"},{"floor":45,"key":"SpikesRelics:DaevaFist"},{"floor":48,"key":"Bag of Preparation"}],"event_choices":[{"damage_healed":0,"gold_gain":75,"player_choice":"Touch","damage_taken":7,"max_hp_gain":0,"max_hp_loss":0,"event_name":"FaceTrader","floor":10,"gold_loss":0},{"damage_healed":0,"gold_gain":337,"player_choice":"GO GO GO ","damage_taken":28,"relics_obtained":[],"max_hp_gain":0,"max_hp_loss":0,"event_name":"betterSkull:BetterSkull","floor":19,"gold_loss":0,"cards_upgraded":[]},{"damage_healed":0,"gold_gain":0,"player_choice":"Ignored","damage_taken":0,"max_hp_gain":0,"max_hp_loss":0,"event_name":"betterNote:BetterNote","floor":21,"gold_loss":0,"cards_obtained":["Neutralize"]},{"cards_removed":["Strike_G"],"damage_healed":0,"gold_gain":0,"player_choice":"Purged","damage_taken":0,"max_hp_gain":0,"max_hp_loss":0,"event_name":"Purifier","floor":36,"gold_loss":0},{"damage_healed":0,"gold_gain":0,"player_choice":"Leave","damage_taken":0,"max_hp_gain":0,"max_hp_loss":0,"event_name":"conspire:Investor","floor":38,"gold_loss":0},{"damage_healed":0,"gold_gain":3,"player_choice":"1","damage_taken":0,"max_hp_gain":0,"max_hp_loss":0,"event_name":"betterStone:BetterStone","floor":42,"gold_loss":0},{"damage_healed":0,"gold_gain":0,"cards_transformed":["Strike_G","Defend_G"],"player_choice":"Transformed Cards","damage_taken":0,"max_hp_gain":0,"max_hp_loss":0,"event_name":"Designer","floor":47,"gold_loss":60,"cards_obtained":["rat:VenomousWounds","StuffTheSpire:Incantation"]}],"is_beta":false,"boss_relics":[{"not_picked":["halation:Yufonium","halation:HeavySnake"],"picked":"halation:MonkeysPaw"},{"not_picked":["Tiny House","halation:CatFaceCupcake"],"picked":"WristBlade"}],"items_purged_floors":[3,12,22,46],"is_endless":false,"potions_floor_spawned":[13,18,33,41,45,48],"ascension_level":0}}