{"host":"8pvw2tcf9wctlvur","time":1612403857,"event":{"mods":["BaseMod","Better Third Choice","Colored Powertips","Curses Come First","Minty Spire (QoL Compilation)","Rare Cards Sparkle","Relic Stats","StSLib","SuperFastMode"],"gold_per_floor":[115,64,64,85,109,109,148,148,195,239,239,253,253,293,293,416,416,436,436,68,68,84,84,84,84],"floor_reached":24,"language":"ENG","playtime":848,"items_purged":[],"score":223,"play_id":"0ded02e0-551c-4bff-926d-e4c3d3e44635","local_time":"20210203185737","is_ascension_mode":true,"campfire_choices":[{"floor":6,"key":"REST"},{"floor":8,"key":"REST"},{"floor":11,"key":"REST"},{"floor":15,"key":"REST"},{"floor":23,"key":"REST"}],"circlet_count":0,"master_deck":["Strike_G","Strike_G","Strike_G","Strike_G","Strike_G","Defend_G","Defend_G","Defend_G","Defend_G","Defend_G","Survivor","Neutralize","Poisoned Stab","Poisoned Stab","Well Laid Plans","Infinite Blades","Caltrops","Concentrate","Regret","Slice","Envenom","Cloak And Dagger","RitualDagger","Noxious Fumes","Unload","Masterful Stab"],"relics":["WristBlade","Golden Idol","Happy Flower","Bag of Marbles","Darkstone Periapt","Omamori","Tiny Chest","Runic Pyramid","Sling"],"acts_visited":["Exordium","TheCity"],"potions_floor_usage":[10,14,18,22],"damage_taken":[{"damage":5,"enemies":"Cultist","floor":1,"turns":5},{"damage":0,"enemies":"2 Louse","floor":4,"turns":2},{"damage":7,"enemies":"Small Slimes","floor":5,"turns":3},{"damage":40,"enemies":"3 Sentries","floor":7,"turns":8},{"damage":8,"enemies":"Lagavulin","floor":10,"turns":5},{"damage":9,"enemies":"Exordium Wildlife","floor":12,"turns":3},{"damage":25,"enemies":"Gremlin Nob","floor":14,"turns":5},{"damage":28,"enemies":"Hexaghost","floor":16,"turns":9},{"damage":45,"enemies":"2 Thieves","floor":18,"turns":5},{"damage":16,"enemies":"Spheric Guardian","floor":22,"turns":4},{"damage":34,"enemies":"Snake Plant","floor":24,"turns":2}],"seed_played":"-8766428732694655873","potions_obtained":[{"floor":1,"key":"SpeedPotion"},{"floor":10,"key":"Ancient Potion"},{"floor":12,"key":"Dexterity Potion"},{"floor":16,"key":"Poison Potion"},{"floor":18,"key":"Poison Potion"}],"is_trial":false,"path_per_floor":["M","$","?","M","M","R","E","R","T","E","R","M","?","E","R","B",null,"M","?","$","?","M","R","M"],"character_chosen":"THE_SILENT","items_purchased":["Poisoned Stab","Noxious Fumes","Sling","Unload"],"campfire_rested":5,"item_purchase_floors":[2,20,20,20],"current_hp_per_floor":[65,65,48,48,41,62,22,43,43,35,56,47,53,28,50,22,76,31,25,25,25,9,31,0,0],"gold":84,"neow_bonus":"BOSS_RELIC","is_daily":false,"chose_seed":false,"campfire_upgraded":0,"win_rate":0.0,"timestamp":1612403857,"path_taken":["M","?","?","M","M","R","E","R","T","E","R","M","?","E","R","BOSS","M","?","$","?","M","R","M"],"items_purchased_type":["Card","Card","Relic","Card"],"build_version":"2020-12-22","purchased_purges":0,"victory":false,"max_hp_per_floor":[70,70,70,70,70,70,70,70,70,70,70,70,76,76,76,76,76,76,76,76,76,76,76,76,76],"relic_stats":{"Darkstone Periapt":6,"Happy Flower":[11],"counters":[11,51],"Golden Idol":69,"Tiny Chest":0,"obtain_stats":[{"Darkstone Periapt":10,"WristBlade":0,"Happy Flower":7,"Golden Idol":3,"Tiny Chest":14,"Bag of Marbles":9,"Omamori":13,"Sling":20,"Ring of the Snake":0,"Runic Pyramid":17},{"Darkstone Periapt":5,"WristBlade":0,"Happy Flower":4,"Golden Idol":1,"Tiny Chest":7,"Bag of Marbles":4,"Omamori":6,"Sling":9,"Ring of the Snake":0,"Runic Pyramid":8},{"Darkstone Periapt":23,"WristBlade":0,"Happy Flower":18,"Golden Idol":5,"Tiny Chest":31,"Bag of Marbles":18,"Omamori":26,"Sling":45,"Ring of the Snake":0,"Runic Pyramid":40}]},"card_choices":[{"not_picked":["Blur","Heel Hook"],"picked":"Poisoned Stab","floor":1},{"not_picked":["Prepared","Backflip"],"picked":"Well Laid Plans","floor":4},{"not_picked":["Dagger Throw","Backflip"],"picked":"Infinite Blades","floor":5},{"not_picked":["Tactician","Predator"],"picked":"Caltrops","floor":7},{"not_picked":["Reflex","Underhanded Strike","Tactician"],"picked":"SKIP","floor":10},{"not_picked":["Riddle With Holes","Dagger Spray"],"picked":"Concentrate","floor":12},{"not_picked":["PiercingWail","Expertise"],"picked":"Slice","floor":14},{"not_picked":["Burst","Venomology"],"picked":"Envenom","floor":16},{"not_picked":["Flying Knee+1","Underhanded Strike"],"picked":"Cloak And Dagger","floor":18},{"not_picked":["Dodge and Roll","Crippling Poison"],"picked":"Masterful Stab","floor":22}],"player_experience":266189,"relics_obtained":[{"floor":7,"key":"Happy Flower"},{"floor":9,"key":"Bag of Marbles"},{"floor":10,"key":"Darkstone Periapt"},{"floor":14,"key":"Tiny Chest"}],"event_choices":[{"damage_healed":0,"gold_gain":0,"player_choice":"Take Damage","damage_taken":17,"relics_obtained":["Golden Idol"],"max_hp_gain":0,"max_hp_loss":0,"event_name":"Golden Idol","floor":3,"gold_loss":0},{"damage_healed":0,"gold_gain":0,"player_choice":"Box","damage_taken":0,"relics_obtained":["Omamori"],"max_hp_gain":0,"max_hp_loss":0,"event_name":"Big Fish","floor":13,"gold_loss":0,"cards_obtained":["Regret"]},{"damage_healed":0,"gold_gain":0,"player_choice":"Dagger","damage_taken":6,"max_hp_gain":0,"max_hp_loss":0,"event_name":"betterThird:BetterNest","floor":19,"gold_loss":0,"cards_obtained":["RitualDagger"]},{"damage_healed":0,"gold_gain":0,"player_choice":"Ignored","damage_taken":0,"max_hp_gain":0,"max_hp_loss":0,"event_name":"Vampires","floor":21,"gold_loss":0}],"is_beta":false,"boss_relics":[{"not_picked":["Velvet Choker","Coffee Dripper"],"picked":"Runic Pyramid"}],"items_purged_floors":[],"is_endless":false,"potions_floor_spawned":[1,10,12,16,18],"killed_by":"Snake Plant","ascension_level":1}}