{"host":"9oshzrjkbi608dco","time":1612410316,"event":{"mods":["AchievementEnabler","BaseMod","Colored Powertips","Minty Spire (QoL Compilation)"],"gold_per_floor":[112,131,306,256,268,268,280,280,332,367,382,413,430,430,430],"floor_reached":14,"language":"ENG","playtime":939,"items_purged":[],"score":127,"play_id":"677c8cec-b9d1-4294-b7b1-15c1e5862c78","local_time":"20210204144516","is_ascension_mode":false,"campfire_choices":[{"data":"Bouncing Flask","floor":6,"key":"SMITH"},{"data":"Infinite Blades","floor":8,"key":"SMITH"}],"circlet_count":0,"master_deck":["Strike_G","Strike_G","Strike_G","Defend_G","Defend_G","Defend_G","Defend_G","Defend_G","Survivor","Neutralize","Outmaneuver","Bouncing Flask+1","Blade Dance","Crippling Poison","Infinite Blades+1","Distraction","Crippling Poison","Bane","Dodge and Roll"],"relics":["Ring of the Snake","PreservedInsect","Vajra","Bag of Preparation"],"acts_visited":["Exordium"],"potions_floor_usage":[11,12,12,13],"damage_taken":[{"damage":0,"enemies":"Cultist","floor":1,"turns":3},{"damage":0,"enemies":"Small Slimes","floor":2,"turns":3},{"damage":7,"enemies":"2 Louse","floor":5,"turns":2},{"damage":9,"enemies":"Looter","floor":7,"turns":3},{"damage":21,"enemies":"Lagavulin","floor":10,"turns":4},{"damage":5,"enemies":"Large Slime","floor":11,"turns":5},{"damage":0,"enemies":"Gremlin Nob","floor":12,"turns":2},{"damage":4,"enemies":"Blue Slaver","floor":13,"turns":2},{"damage":22,"enemies":"3 Sentries","floor":14,"turns":8}],"seed_played":"8160414309044962069","potions_obtained":[{"floor":5,"key":"LiquidBronze"},{"floor":7,"key":"BlessingOfTheForge"},{"floor":10,"key":"Poison Potion"},{"floor":11,"key":"CunningPotion"}],"is_trial":false,"path_per_floor":["M","M","?","?","M","R","M","R","T","E","M","E","M","E"],"character_chosen":"THE_SILENT","items_purchased":[],"campfire_rested":0,"item_purchase_floors":[],"current_hp_per_floor":[63,63,63,63,56,56,47,47,47,26,21,21,17,0,0],"gold":430,"neow_bonus":"TRANSFORM_TWO_CARDS","is_daily":false,"chose_seed":false,"campfire_upgraded":2,"win_rate":0.0,"timestamp":1612410316,"path_taken":["M","M","?","?","M","R","M","R","T","E","M","E","M","E"],"items_purchased_type":[],"build_version":"2020-12-22","purchased_purges":0,"victory":false,"max_hp_per_floor":[63,63,63,63,63,63,63,63,63,63,63,63,63,63,63],"card_choices":[{"not_picked":["Prepared","Escape Plan"],"picked":"Blade Dance","floor":1},{"not_picked":["Outmaneuver","Well Laid Plans"],"picked":"Crippling Poison","floor":2},{"not_picked":["Blade Dance","Underhanded Strike"],"picked":"Infinite Blades","floor":5},{"not_picked":["Prepared","Masterful Stab"],"picked":"Distraction","floor":7},{"not_picked":["Reflex","Dagger Spray"],"picked":"Crippling Poison","floor":10},{"not_picked":["Reflex","Dash"],"picked":"Bane","floor":11},{"not_picked":["Predator","Underhanded Strike","Flechettes"],"picked":"SKIP","floor":12},{"not_picked":["Infinite Blades","Choke"],"picked":"Dodge and Roll","floor":13}],"player_experience":104806,"relics_obtained":[{"floor":9,"key":"PreservedInsect"},{"floor":10,"key":"Vajra"},{"floor":12,"key":"Bag of Preparation"}],"event_choices":[{"damage_healed":0,"gold_gain":175,"player_choice":"AGREE","damage_taken":0,"max_hp_gain":0,"max_hp_loss":0,"event_name":"Liars Game","floor":3,"gold_loss":0,"cards_obtained":["Doubt"]},{"cards_removed":["Doubt"],"damage_healed":0,"gold_gain":0,"player_choice":"Card Removal","damage_taken":0,"max_hp_gain":0,"max_hp_loss":0,"event_name":"The Cleric","floor":4,"gold_loss":50}],"is_beta":false,"boss_relics":[],"items_purged_floors":[],"is_endless":false,"potions_floor_spawned":[5,7,10,11],"killed_by":"3 Sentries","ascension_level":0}}