{"host":"o9lehcdjc4u6j9un","time":1612473767,"event":{"mods":["BaseMod","Colored Map","Hermit","Minty Spire (QoL Compilation)","StSLib","The Senshi"],"gold_per_floor":[116,116,135,135,25,25,25],"floor_reached":6,"language":"ZHS","playtime":634,"items_purged":["theSenshi:SailorKick"],"score":34,"play_id":"0c3a6100-ea26-4b10-832f-3ff2fc547209","local_time":"20210205052247","is_ascension_mode":false,"campfire_choices":[],"circlet_count":0,"master_deck":["theSenshi:SailorKick","theSenshi:SailorKick","theSenshi:SailorKick","theSenshi:SailorBlock","theSenshi:SailorBlock","theSenshi:SailorBlock","theSenshi:SailorBlock","theSenshi:RoseThrow","theSenshi:MoonPrismPowerMakeUp","theSenshi:LateForSchool","theSenshi:MoonlightKnight","theSenshi:MoonHealingEscalation"],"relics":["theSenshi:TransformationBroochRelic","Golden Idol"],"acts_visited":["Exordium"],"potions_floor_usage":[],"damage_taken":[{"damage":0,"enemies":"Small Slimes","floor":1,"turns":5},{"damage":4,"enemies":"2 Louse","floor":3,"turns":4},{"damage":49,"enemies":"3 Sentries","floor":6,"turns":7}],"seed_played":"-70139405007023267","potions_obtained":[],"is_trial":false,"path_per_floor":["M","?","M","?","$","E"],"character_chosen":"THE_SENSHI","items_purchased":["theSenshi:MoonHealingEscalation"],"campfire_rested":0,"item_purchase_floors":[5],"current_hp_per_floor":[82,62,58,58,58,9,9],"gold":25,"neow_bonus":"TEN_PERCENT_HP_BONUS","is_daily":false,"chose_seed":false,"campfire_upgraded":0,"win_rate":0.0,"timestamp":1612473767,"path_taken":["M","?","M","?","$","E"],"items_purchased_type":["Card"],"build_version":"2020-12-22","purchased_purges":1,"victory":false,"max_hp_per_floor":[82,82,82,82,82,82,82],"card_choices":[{"not_picked":["theSenshi:SailorChibiMoonAssists","theSenshi:TallSilhouette"],"picked":"theSenshi:LateForSchool","floor":1},{"not_picked":["theSenshi:TallSilhouette","theSenshi:TuxedoSmokingBomber"],"picked":"theSenshi:MoonlightKnight","floor":3}],"player_experience":110529,"relics_obtained":[],"event_choices":[{"damage_healed":0,"gold_gain":0,"player_choice":"Take Damage","damage_taken":20,"relics_obtained":["Golden Idol"],"max_hp_gain":0,"max_hp_loss":0,"event_name":"Golden Idol","floor":2,"gold_loss":0},{"damage_healed":0,"gold_gain":0,"player_choice":"Ignored","damage_taken":0,"max_hp_gain":0,"max_hp_loss":0,"event_name":"Liars Game","floor":4,"gold_loss":0}],"is_beta":false,"boss_relics":[],"items_purged_floors":[5],"is_endless":false,"potions_floor_spawned":[],"killed_by":"3 Sentries","ascension_level":0}}