{"host":"ucgrft0m53zzt06v","time":1612407737,"event":{"mods":["BaseMod","Colored Map","Colored Powertips","Conspire","HololiveMod","KinomotoSakuraMod(木之本樱)","Lobotomy","Minty Spire (QoL Compilation)","Quick Restart","Replay The Spire","Shop Mod","Spicy Shops","StSLib","Td1madao Mod","The Senshi","Waifu the Spire","WarShipGirlsR/战舰少女R mod","【遗物卡牌】REMEMod"],"gold_per_floor":[116,136,153,103,138,138,110,110,110,35,64,64,94,94,94],"floor_reached":14,"language":"ZHS","playtime":673,"items_purged":[],"score":86,"play_id":"97e2d40a-a97a-47df-ab47-3858cbab422c","local_time":"20210204110217","is_ascension_mode":true,"campfire_choices":[{"data":"Im Angry","floor":6,"key":"SMITH"},{"data":"Preparedness","floor":8,"key":"SMITH"}],"circlet_count":0,"master_deck":["Strike_C","Strike_C","Strike_C","Defend_C","Defend_C","Defend_C","Defend_C","Knight Kick","Chip","REME_CRH","Im Angry+1","Preparedness+1","Lunge","conspire:SpireCoStock","Sub Weapons","Here Defend Chip","Here Defend Chip"],"relics":["Apod","REME_ComplimentaryCards","conspire:DeflatedDodgeball"],"acts_visited":["Exordium"],"potions_floor_usage":[11,13],"damage_taken":[{"damage":0,"enemies":"Cultist","floor":1,"turns":4},{"damage":5,"enemies":"Small Slimes","floor":2,"turns":3},{"damage":6,"enemies":"Jaw Worm","floor":3,"turns":7},{"damage":13,"enemies":"Blue Slaver","floor":5,"turns":5},{"damage":0,"enemies":"Looter","floor":7,"turns":4},{"damage":0,"enemies":"3 Louse","floor":11,"turns":6},{"damage":0,"enemies":"2 Fungi Beasts","floor":13,"turns":6},{"damage":0,"enemies":"Gremlin Nob","floor":14,"turns":2}],"seed_played":"-7205359644679930242","potions_obtained":[{"floor":1,"key":"SkillPotion"},{"floor":11,"key":"DistilledChaos"},{"floor":13,"key":"SpeedPotion"}],"is_trial":false,"path_per_floor":["M","M","M","?","M","R","M","R","T","$","M","?","M","E"],"character_chosen":"TD1MADAO_CLASS","items_purchased":["Here Defend Chip"],"campfire_rested":0,"item_purchase_floors":[10],"current_hp_per_floor":[49,44,38,38,25,25,25,25,25,25,25,18,18,18,18],"gold":94,"neow_bonus":"THREE_RARE_CARDS","is_daily":false,"chose_seed":false,"campfire_upgraded":2,"win_rate":0.0,"timestamp":1612407737,"path_taken":["M","M","M","?","M","R","M","R","T","$","M","?","M","E"],"items_purchased_type":["Card"],"build_version":"2020-12-22","purchased_purges":0,"victory":false,"max_hp_per_floor":[70,70,70,70,70,70,70,70,70,70,70,70,70,70,70],"card_choices":[{"not_picked":["Format All Data","Bursts"],"picked":"Im Angry","floor":0},{"not_picked":["Black Execution","Awareness"],"picked":"Preparedness","floor":1},{"not_picked":["De Ware Chip","Energy Supply","Provocative"],"picked":"SKIP","floor":2},{"not_picked":["Light Attack","Gravity Defend"],"picked":"Lunge","floor":3},{"not_picked":["E MP","Pod Laser"],"picked":"Sub Weapons","floor":5},{"not_picked":["Resistance","Judgment","Coercion"],"picked":"SKIP","floor":7},{"not_picked":["Recovery Mechanism","De Ware Chip"],"picked":"Here Defend Chip","floor":11},{"not_picked":["Paralysis","Rupture","Cursed Blade"],"picked":"SKIP","floor":13}],"player_experience":177810,"relics_obtained":[{"floor":9,"key":"conspire:DeflatedDodgeball"}],"event_choices":[{"damage_healed":0,"gold_gain":0,"player_choice":"Invest 1","damage_taken":0,"max_hp_gain":0,"max_hp_loss":0,"event_name":"conspire:Investor","floor":4,"gold_loss":0},{"cards_removed":["Strike_C"],"damage_healed":0,"gold_gain":0,"player_choice":"Card Removal","damage_taken":7,"max_hp_gain":0,"max_hp_loss":0,"event_name":"Golden Wing","floor":12,"gold_loss":0}],"is_beta":false,"boss_relics":[],"items_purged_floors":[],"is_endless":false,"potions_floor_spawned":[1,11,13],"killed_by":"Gremlin Nob","ascension_level":1}}