{"host":"et0ypqa1uh5c1j5j","time":1612437899,"event":{"mods":["BaseMod","Colored Map","Colored Powertips","Minty Spire (QoL Compilation)","Relic Stats","StSLib"],"gold_per_floor":[215,235,18,18,18,18,35,63,116,130,130,130,165,165,165,237,237,251,251,251,29,49,49,82,82,82,110,110,110,127,137,137,213,213,224,240,265,265,265,265,295,295,375,391,411,443,455,455,455,455,455,455],"floor_reached":51,"language":"ENG","playtime":3584,"items_purged":["Strike_G"],"score":1502,"play_id":"30fbb553-aaf4-4b59-a768-de0dc857b430","local_time":"20210204112459","is_ascension_mode":true,"campfire_choices":[{"floor":6,"key":"REST"},{"data":"Crippling Poison","floor":11,"key":"SMITH"},{"floor":15,"key":"REST"},{"floor":23,"key":"REST"},{"data":"Deflect","floor":25,"key":"SMITH"},{"floor":29,"key":"REST"},{"floor":32,"key":"REST"},{"data":"After Image","floor":40,"key":"SMITH"},{"floor":42,"key":"REST"},{"floor":49,"key":"RECALL"}],"circlet_count":0,"master_deck":["AscendersBane","Survivor","Neutralize","Sucker Punch","Deadly Poison","Crippling Poison+1","Noxious Fumes","Poisoned Stab","Bouncing Flask","Dagger Spray","Flying Knee","Finisher","A Thousand Cuts","Deflect+1","Skewer","Predator","Catalyst","PiercingWail","Dash","Catalyst","Footwork","PiercingWail","Footwork+1","After Image+1","Blade Dance+1","Backflip","Dodge and Roll","Dark Shackles","Backflip","Dash+1","Prepared"],"relics":["Ring of the Snake","Regal Pillow","Happy Flower","Letter Opener","Dead Branch","Pandora\u0027s Box","Snake Skull","Bird Faced Urn","StoneCalendar","Toy Ornithopter","WarpedTongs","Cursed Key","Mango","Darkstone Periapt","Frozen Egg 2"],"acts_visited":["Exordium","TheCity","TheBeyond"],"potions_floor_usage":[8,8,13,15,16,24,27,36,50,50],"damage_taken":[{"damage":0,"enemies":"Jaw Worm","floor":1,"turns":6},{"damage":1,"enemies":"2 Louse","floor":2,"turns":4},{"damage":0,"enemies":"Cultist","floor":7,"turns":4},{"damage":13,"enemies":"3 Sentries","floor":8,"turns":12},{"damage":4,"enemies":"Large Slime","floor":10,"turns":6},{"damage":24,"enemies":"Gremlin Nob","floor":13,"turns":4},{"damage":13,"enemies":"Hexaghost","floor":16,"turns":8},{"damage":5,"enemies":"Chosen","floor":18,"turns":3},{"damage":24,"enemies":"Shell Parasite","floor":22,"turns":4},{"damage":21,"enemies":"Book of Stabbing","floor":24,"turns":5},{"damage":0,"enemies":"Gremlin Leader","floor":27,"turns":4},{"damage":10,"enemies":"Snecko","floor":30,"turns":4},{"damage":25,"enemies":"Chosen and Byrds","floor":31,"turns":5},{"damage":46,"enemies":"Automaton","floor":33,"turns":8},{"damage":5,"enemies":"3 Shapes","floor":35,"turns":5},{"damage":16,"enemies":"3 Darklings","floor":36,"turns":5},{"damage":1,"enemies":"Mind Bloom Boss Battle","floor":37,"turns":5},{"damage":34,"enemies":"Reptomancer","floor":41,"turns":6},{"damage":25,"enemies":"Transient","floor":44,"turns":6},{"damage":11,"enemies":"Sphere and 2 Shapes","floor":45,"turns":5},{"damage":24,"enemies":"Nemesis","floor":46,"turns":7},{"damage":18,"enemies":"Maw","floor":47,"turns":8},{"damage":53,"enemies":"Time Eater","floor":50,"turns":14},{"damage":18,"enemies":"Awakened One","floor":51,"turns":7}],"seed_played":"1826618091764777874","potions_obtained":[{"floor":2,"key":"DistilledChaos"},{"floor":10,"key":"AttackPotion"},{"floor":13,"key":"EntropicBrew"},{"floor":16,"key":"Strength Potion"},{"floor":22,"key":"GamblersBrew"},{"floor":35,"key":"Swift Potion"},{"floor":41,"key":"CultistPotion"},{"floor":44,"key":"GhostInAJar"}],"is_trial":false,"path_per_floor":["M","M","$","?","?","R","M","E","T","M","R","?","E","?","R","B",null,"M","?","?","$","M","R","E","R","T","E","?","R","M","M","R","B",null,"M","M","?","?","?","R","E","R","T","M","M","E","M","?","R","B","B"],"character_chosen":"THE_SILENT","items_purchased":["Crippling Poison","Fire Potion","Snake Skull","PiercingWail"],"campfire_rested":6,"item_purchase_floors":[3,3,21,21],"current_hp_per_floor":[59,58,58,38,38,57,57,44,44,40,40,29,5,5,39,26,56,51,51,51,51,27,61,40,40,40,44,44,66,59,38,66,22,55,60,55,78,78,76,76,48,76,82,61,60,44,36,36,36,1,0,0],"gold":455,"neow_bonus":"HUNDRED_GOLD","is_daily":false,"chose_seed":false,"campfire_upgraded":3,"win_rate":0.0,"timestamp":1612437899,"path_taken":["M","M","$","?","?","R","?","E","T","M","R","?","E","?","R","BOSS","M","?","?","$","M","R","E","R","T","E","?","R","M","M","R","BOSS","M","M","?","?","?","R","E","R","T","M","M","E","M","?","R","BOSS","BOSS"],"items_purchased_type":["Card","Potion","Relic","Card"],"build_version":"2020-12-22","purchased_purges":1,"victory":false,"max_hp_per_floor":[66,66,66,66,66,66,66,66,66,66,66,66,66,66,66,66,66,66,66,66,66,66,66,66,66,66,66,66,66,66,66,66,66,66,66,66,80,80,76,76,76,76,82,82,82,82,82,79,79,79,79,79],"relic_stats":{"Darkstone Periapt":6,"Regal Pillow":48,"Happy Flower":[39],"counters":[24,145],"Dead Branch":[150],"StoneCalendar":[222],"Snake Skull":[185],"Letter Opener":[222],"Cursed Key":1,"WarpedTongs":[85],"Bird Faced Urn":[89],"Pandora\u0027s Box":["Flying Knee","Finisher","A Thousand Cuts","Deflect","Skewer","Predator","Catalyst"],"obtain_stats":[{"Darkstone Periapt":41,"Regal Pillow":8,"Happy Flower":9,"Dead Branch":13,"StoneCalendar":26,"Mango":37,"Snake Skull":21,"Letter Opener":12,"Frozen Egg 2":46,"Cursed Key":34,"WarpedTongs":28,"Bird Faced Urn":24,"Pandora\u0027s Box":17,"Toy Ornithopter":27,"Ring of the Snake":0},{"Darkstone Periapt":18,"Regal Pillow":4,"Happy Flower":4,"Dead Branch":6,"StoneCalendar":10,"Mango":17,"Snake Skull":8,"Letter Opener":5,"Frozen Egg 2":21,"Cursed Key":14,"WarpedTongs":11,"Bird Faced Urn":10,"Pandora\u0027s Box":7,"Toy Ornithopter":11,"Ring of the Snake":0},{"Darkstone Periapt":98,"Regal Pillow":26,"Happy Flower":26,"Dead Branch":36,"StoneCalendar":56,"Mango":92,"Snake Skull":47,"Letter Opener":32,"Frozen Egg 2":116,"Cursed Key":77,"WarpedTongs":60,"Bird Faced Urn":56,"Pandora\u0027s Box":44,"Toy Ornithopter":60,"Ring of the Snake":0}],"Toy Ornithopter":15,"Ring of the Snake":[48]},"card_choices":[{"not_picked":["Acrobatics","Deadly Poison"],"picked":"Sucker Punch","floor":1},{"not_picked":["Riddle With Holes","Bane"],"picked":"Deadly Poison","floor":2},{"not_picked":["Escape Plan","Backflip","PiercingWail"],"picked":"SKIP","floor":7},{"not_picked":["Deflect","Acrobatics"],"picked":"Noxious Fumes","floor":8},{"not_picked":["Prepared","Flying Knee"],"picked":"Poisoned Stab","floor":10},{"not_picked":["Endless Agony","Bane"],"picked":"Bouncing Flask","floor":13},{"not_picked":["Choke","Prepared","Reflex"],"picked":"SKIP","floor":18},{"not_picked":["Heel Hook","Deadly Poison"],"picked":"Dash","floor":22},{"not_picked":["Quick Slash","Finisher"],"picked":"Catalyst","floor":24},{"not_picked":["Backflip","Sucker Punch"],"picked":"Footwork","floor":27},{"not_picked":["Dagger Throw","Blade Dance"],"picked":"PiercingWail","floor":30},{"not_picked":["Acrobatics","Catalyst"],"picked":"Footwork+1","floor":31},{"not_picked":["Glass Knife","Phantasmal Killer"],"picked":"After Image","floor":33},{"not_picked":["Finisher+1","Blade Dance+1","Deadly Poison"],"picked":"SKIP","floor":35},{"not_picked":["Finisher+1","Deadly Poison"],"picked":"Blade Dance+1","floor":35},{"not_picked":["Deadly Poison","Blade Dance"],"picked":"Backflip","floor":36},{"not_picked":["Poisoned Stab","Underhanded Strike"],"picked":"Dodge and Roll","floor":37},{"not_picked":["Secret Technique","Panacea"],"picked":"Dark Shackles","floor":38},{"not_picked":["Bane","Skewer","Tactician+1"],"picked":"SKIP","floor":41},{"not_picked":["Blade Dance","Dagger Throw"],"picked":"Backflip","floor":44},{"not_picked":["Deadly Poison+1","Quick Slash","Outmaneuver+1"],"picked":"SKIP","floor":45},{"not_picked":["Flechettes","Deflect"],"picked":"Dash+1","floor":46},{"not_picked":["Dagger Throw+1","Finisher"],"picked":"Prepared","floor":47}],"player_experience":347631,"relics_obtained":[{"floor":8,"key":"Regal Pillow"},{"floor":9,"key":"Happy Flower"},{"floor":13,"key":"Dead Branch"},{"floor":24,"key":"Bird Faced Urn"},{"floor":26,"key":"StoneCalendar"},{"floor":27,"key":"Toy Ornithopter"},{"floor":37,"key":"Mango"},{"floor":41,"key":"Darkstone Periapt"},{"floor":46,"key":"Frozen Egg 2"}],"event_choices":[{"damage_healed":0,"gold_gain":0,"player_choice":"Entered Light","damage_taken":20,"max_hp_gain":0,"max_hp_loss":0,"event_name":"Shining Light","floor":4,"gold_loss":0,"cards_upgraded":["Strike_G","Defend_G"]},{"cards_removed":["Strike_G"],"damage_healed":0,"gold_gain":0,"player_choice":"Purged","damage_taken":0,"max_hp_gain":0,"max_hp_loss":0,"event_name":"Purifier","floor":5,"gold_loss":0},{"damage_healed":0,"gold_gain":0,"player_choice":"Success","damage_taken":11,"relics_obtained":["Letter Opener"],"max_hp_gain":0,"max_hp_loss":0,"event_name":"Scrap Ooze","floor":12,"gold_loss":0},{"damage_healed":0,"gold_gain":0,"cards_transformed":["Strike_G"],"player_choice":"Change","damage_taken":0,"max_hp_gain":0,"max_hp_loss":0,"event_name":"Living Wall","floor":14,"gold_loss":0,"cards_obtained":["Dagger Spray"]},{"damage_healed":0,"gold_gain":0,"player_choice":"Ignored","damage_taken":0,"max_hp_gain":0,"max_hp_loss":0,"event_name":"Vampires","floor":19,"gold_loss":0},{"damage_healed":0,"gold_gain":0,"player_choice":"Ignored","damage_taken":0,"max_hp_gain":0,"max_hp_loss":0,"event_name":"The Mausoleum","floor":20,"gold_loss":0},{"damage_healed":0,"gold_gain":0,"player_choice":"Rummage","damage_taken":0,"relics_obtained":["WarpedTongs"],"max_hp_gain":0,"max_hp_loss":0,"event_name":"Accursed Blacksmith","floor":28,"gold_loss":0,"cards_obtained":["Pain"]},{"damage_healed":0,"gold_gain":0,"player_choice":"Fight","damage_taken":0,"max_hp_gain":0,"max_hp_loss":0,"event_name":"MindBloom","floor":37,"gold_loss":0},{"damage_healed":0,"gold_gain":0,"player_choice":"Memory 1","damage_taken":0,"max_hp_gain":0,"max_hp_loss":0,"event_name":"SensoryStone","floor":38,"gold_loss":0},{"damage_healed":0,"gold_gain":0,"player_choice":"Max HP","damage_taken":0,"max_hp_gain":0,"max_hp_loss":4,"event_name":"Winding Halls","floor":39,"gold_loss":0},{"cards_removed":["Parasite","Pain"],"damage_healed":0,"gold_gain":0,"player_choice":"Removed Curses","damage_taken":0,"max_hp_gain":0,"max_hp_loss":0,"event_name":"Fountain of Cleansing","floor":48,"gold_loss":0}],"is_beta":false,"boss_relics":[{"not_picked":["WristBlade","Fusion Hammer"],"picked":"Pandora\u0027s Box"},{"not_picked":["Coffee Dripper","Runic Pyramid"],"picked":"Cursed Key"}],"items_purged_floors":[3],"is_endless":false,"potions_floor_spawned":[2,10,13,16,22,35,41,44,45],"killed_by":"Awakened One","ascension_level":20}}