{"host":"7gewg82ormp6yt4e","time":1612440765,"event":{"mods":["BaseMod","Block Reminder","Colored Map","DeckTracker","Highlight Path","Minty Spire (QoL Compilation)","Relic Stats","StSLib","ojb\u0027s Info Mod"],"gold_per_floor":[113,128,128,128,148,183,183,226,273,26,41,72,72,96,96,189,189,207,207,231,57,57,93,3,3,3,3,39,39,54,54,54,150,150,169,169,189,189,210,246,261,261,261,261,83,83,123,135,147,159,159],"floor_reached":50,"language":"JPN","playtime":4303,"items_purged":["Strike_P"],"score":1408,"play_id":"164eef4d-f198-4420-a828-6601316eeb4c","local_time":"20210204211245","is_ascension_mode":true,"campfire_choices":[{"data":"SignatureMove","floor":7,"key":"SMITH"},{"data":"TalkToTheHand","floor":13,"key":"SMITH"},{"data":"TalkToTheHand","floor":15,"key":"SMITH"},{"data":"Tantrum","floor":25,"key":"SMITH"},{"data":"Scrawl","floor":27,"key":"SMITH"},{"floor":29,"key":"REST"},{"floor":32,"key":"DIG"},{"floor":42,"key":"RECALL"},{"data":"MentalFortress","floor":46,"key":"SMITH"},{"data":"Scrawl","floor":49,"key":"SMITH"}],"circlet_count":0,"master_deck":["AscendersBane","Strike_P","Defend_P","Defend_P","Defend_P","Defend_P","Eruption","Vigilance","SignatureMove+1","Crescendo","CrushJoints","TalkToTheHand+1","DevaForm","InnerPeace","Sanctity","TalkToTheHand+1","Scrawl+1","FlurryOfBlows","TalkToTheHand+1","ThirdEye+1","Indignation","InnerPeace","DeceiveReality","Scrawl","EmptyFist","Tantrum+1","MentalFortress+1","Ragnarok","FlyingSleeves+1","Conclude+1","EmptyBody+1","Wireheading","Trip","Scrawl+1"],"relics":["HolyWater","Golden Idol","InkBottle","Blood Vial","Gremlin Horn","Happy Flower","Medical Kit","Bottled Lightning","VioletLotus","Shovel","PreservedInsect","Darkstone Periapt","GremlinMask","Omamori","Sundial","MawBank"],"acts_visited":["Exordium","TheCity","TheBeyond"],"potions_floor_usage":[2,6,6,20,23,28,33,33,50,50,50,50],"damage_taken":[{"damage":5,"enemies":"2 Louse","floor":1,"turns":4},{"damage":0,"enemies":"Jaw Worm","floor":2,"turns":1},{"damage":0,"enemies":"Cultist","floor":5,"turns":1},{"damage":0,"enemies":"Lagavulin","floor":6,"turns":2},{"damage":14,"enemies":"Gremlin Nob","floor":8,"turns":3},{"damage":2,"enemies":"3 Louse","floor":11,"turns":4},{"damage":12,"enemies":"3 Sentries","floor":12,"turns":4},{"damage":0,"enemies":"Exordium Wildlife","floor":14,"turns":2},{"damage":0,"enemies":"Hexaghost","floor":16,"turns":7},{"damage":4,"enemies":"Chosen","floor":18,"turns":3},{"damage":3,"enemies":"3 Byrds","floor":20,"turns":5},{"damage":0,"enemies":"Book of Stabbing","floor":23,"turns":4},{"damage":36,"enemies":"Gremlin Leader","floor":28,"turns":3},{"damage":0,"enemies":"Cultist and Chosen","floor":30,"turns":3},{"damage":21,"enemies":"Automaton","floor":33,"turns":10},{"damage":13,"enemies":"3 Darklings","floor":35,"turns":4},{"damage":0,"enemies":"3 Shapes","floor":37,"turns":6},{"damage":2,"enemies":"Maw","floor":39,"turns":6},{"damage":19,"enemies":"Nemesis","floor":40,"turns":5},{"damage":0,"enemies":"Transient","floor":41,"turns":6},{"damage":0,"enemies":"Giant Head","floor":47,"turns":4},{"damage":80,"enemies":"Time Eater","floor":50,"turns":11}],"seed_played":"8146057339743164109","potions_obtained":[{"floor":0,"key":"LiquidMemories"},{"floor":0,"key":"Energy Potion"},{"floor":2,"key":"PowerPotion"},{"floor":11,"key":"DuplicationPotion"},{"floor":14,"key":"Fire Potion"},{"floor":20,"key":"DuplicationPotion"},{"floor":23,"key":"SkillPotion"},{"floor":30,"key":"LiquidBronze"},{"floor":35,"key":"SpeedPotion"},{"floor":37,"key":"EntropicBrew"},{"floor":40,"key":"EssenceOfSteel"},{"floor":41,"key":"Block Potion"}],"is_trial":false,"path_per_floor":["M","M","?","?","M","E","R","E","T","$","M","E","R","M","R","B",null,"M","?","M","$","?","E","$","R","T","R","E","R","M","?","R","B",null,"M","?","M","?","M","E","M","R","T","?","$","R","E","$","R","B"],"character_chosen":"WATCHER","items_purchased":["Medical Kit","Indignation","InnerPeace","Tantrum","Wireheading","Trip"],"campfire_rested":1,"item_purchase_floors":[10,21,21,24,45,45],"current_hp_per_floor":[56,56,56,51,51,51,51,39,39,39,39,29,29,31,31,33,55,53,53,52,52,52,54,54,54,54,54,20,38,40,40,40,21,52,41,41,43,43,43,26,28,28,28,59,59,59,59,59,59,0,0],"gold":159,"neow_bonus":"THREE_SMALL_POTIONS","is_daily":false,"chose_seed":false,"campfire_upgraded":7,"win_rate":0.0,"timestamp":1612440765,"path_taken":["M","M","?","?","M","E","R","E","T","$","M","E","R","M","R","BOSS","M","?","?","$","?","E","?","R","T","R","E","R","M","?","R","BOSS","M","?","M","?","M","E","M","R","T","?","$","R","E","$","R","BOSS"],"items_purchased_type":["Relic","Card","Card","Card","Card","Card"],"build_version":"2020-12-22","purchased_purges":1,"victory":false,"max_hp_per_floor":[68,68,62,62,62,62,62,62,62,62,62,62,62,62,62,62,62,62,62,62,62,62,62,62,62,62,62,62,62,62,62,62,62,62,62,62,62,59,59,59,59,59,59,59,59,59,59,59,59,59,59],"relic_stats":{"Darkstone Periapt":0,"Gremlin Horn":[17,17],"Happy Flower":[29],"counters":[22,98],"Golden Idol":128,"PreservedInsect":260,"Medical Kit":[9],"MawBank":36,"Blood Vial":32,"Shovel":1,"Sundial":[2],"VioletLotus":[38],"obtain_stats":[{"Darkstone Periapt":28,"Gremlin Horn":8,"Happy Flower":9,"Golden Idol":3,"GremlinMask":31,"PreservedInsect":26,"Omamori":32,"Medical Kit":10,"MawBank":47,"Blood Vial":6,"Shovel":23,"Sundial":40,"HolyWater":34,"VioletLotus":17,"Bottled Lightning":12,"PureWater":0,"InkBottle":4},{"Darkstone Periapt":13,"Gremlin Horn":5,"Happy Flower":5,"Golden Idol":2,"GremlinMask":14,"PreservedInsect":12,"Omamori":14,"Medical Kit":5,"MawBank":21,"Blood Vial":4,"Shovel":12,"Sundial":19,"HolyWater":15,"VioletLotus":9,"Bottled Lightning":7,"PureWater":0,"InkBottle":2},{"Darkstone Periapt":43,"Gremlin Horn":11,"Happy Flower":11,"Golden Idol":5,"GremlinMask":46,"PreservedInsect":40,"Omamori":46,"Medical Kit":11,"MawBank":87,"Blood Vial":8,"Shovel":40,"Sundial":77,"HolyWater":56,"VioletLotus":28,"Bottled Lightning":19,"PureWater":0,"InkBottle":5}],"InkBottle":[50]},"card_choices":[{"not_picked":["CrushJoints","Vengeance"],"picked":"SignatureMove","floor":1},{"not_picked":["WreathOfFlame","Meditate"],"picked":"Crescendo","floor":2},{"not_picked":["Crescendo","Protect"],"picked":"CrushJoints","floor":5},{"not_picked":["EmptyBody","Evaluate"],"picked":"TalkToTheHand","floor":6},{"not_picked":["EmptyFist","Pray"],"picked":"DevaForm","floor":8},{"not_picked":["WreathOfFlame","Study"],"picked":"InnerPeace","floor":11},{"not_picked":["Protect","FlyingSleeves"],"picked":"Sanctity","floor":12},{"not_picked":["WindmillStrike","PathToVictory"],"picked":"TalkToTheHand","floor":14},{"not_picked":["Establishment","Brilliance"],"picked":"Scrawl","floor":16},{"not_picked":["Evaluate","CrushJoints"],"picked":"FlurryOfBlows","floor":18},{"not_picked":["Brilliance","EmptyBody"],"picked":"ThirdEye+1","floor":20},{"not_picked":["BowlingBash","CarveReality"],"picked":"EmptyFist","floor":23},{"not_picked":["FlurryOfBlows+1","Prostrate"],"picked":"MentalFortress","floor":28},{"not_picked":["Pray","JustLucky","Collect"],"picked":"SKIP","floor":30},{"not_picked":["Vault","Alpha"],"picked":"Ragnarok","floor":33},{"not_picked":["Worship","SashWhip"],"picked":"FlyingSleeves+1","floor":35},{"not_picked":["BowlingBash","Protect+1","Fasting2"],"picked":"SKIP","floor":37},{"not_picked":["FollowUp+1","BowlingBash","SashWhip"],"picked":"SKIP","floor":39},{"not_picked":["EmptyFist","BowlingBash"],"picked":"Conclude+1","floor":40},{"not_picked":["Swivel","FlurryOfBlows+1"],"picked":"EmptyBody+1","floor":41},{"not_picked":["SashWhip","DeceiveReality+1"],"picked":"Scrawl","floor":47}],"player_experience":2769882,"relics_obtained":[{"floor":6,"key":"Blood Vial"},{"floor":8,"key":"Gremlin Horn"},{"floor":9,"key":"Happy Flower"},{"floor":12,"key":"Bottled Lightning"},{"floor":23,"key":"Shovel"},{"floor":26,"key":"PreservedInsect"},{"floor":28,"key":"Darkstone Periapt"},{"floor":32,"key":"Omamori"},{"floor":40,"key":"Sundial"},{"floor":47,"key":"MawBank"}],"event_choices":[{"damage_healed":0,"gold_gain":0,"player_choice":"Lose Max HP","damage_taken":0,"relics_obtained":["Golden Idol"],"max_hp_gain":0,"max_hp_loss":6,"event_name":"Golden Idol","floor":3,"gold_loss":0},{"damage_healed":0,"gold_gain":0,"player_choice":"Success","damage_taken":5,"relics_obtained":["InkBottle"],"max_hp_gain":0,"max_hp_loss":0,"event_name":"Scrap Ooze","floor":4,"gold_loss":0},{"damage_healed":0,"gold_gain":0,"player_choice":"Copied","damage_taken":0,"max_hp_gain":0,"max_hp_loss":0,"event_name":"Duplicator","floor":19,"gold_loss":0,"cards_obtained":["TalkToTheHand"]},{"damage_healed":0,"gold_gain":0,"cards_transformed":["Strike_P","Strike_P"],"player_choice":"Became Test Subject","damage_taken":0,"max_hp_gain":0,"max_hp_loss":0,"event_name":"Drug Dealer","floor":22,"gold_loss":0,"cards_obtained":["DeceiveReality","Scrawl"]},{"damage_healed":0,"gold_gain":0,"player_choice":"Trade","damage_taken":0,"relics_obtained":["GremlinMask"],"max_hp_gain":0,"max_hp_loss":0,"event_name":"FaceTrader","floor":31,"gold_loss":0},{"damage_healed":0,"gold_gain":0,"player_choice":"Ignored","damage_taken":0,"max_hp_gain":0,"max_hp_loss":0,"event_name":"Tomb of Lord Red Mask","floor":36,"gold_loss":0},{"damage_healed":0,"gold_gain":0,"player_choice":"Max HP","damage_taken":0,"max_hp_gain":0,"max_hp_loss":3,"event_name":"Winding Halls","floor":38,"gold_loss":0},{"damage_healed":31,"gold_gain":0,"player_choice":"Heal","damage_taken":0,"max_hp_gain":0,"max_hp_loss":0,"event_name":"MindBloom","floor":44,"gold_loss":0,"cards_obtained":["Doubt"]}],"is_beta":false,"boss_relics":[{"not_picked":["Tiny House","Busted Crown"],"picked":"VioletLotus"},{"not_picked":["Sozu","Runic Dome"],"picked":"HolyWater"}],"items_purged_floors":[10],"is_endless":false,"potions_floor_spawned":[2,11,14,16,20,23,30,35,37,40,41],"killed_by":"Time Eater","ascension_level":20}}