{"host":"5p9hybygolzp0efr","time":1612406832,"event":{"mods":["AchievementEnabler","BaseMod","Bestiary","Colored Map","Minty Spire (QoL Compilation)","Permanent Neow","Relic Stats","StSLib"],"gold_per_floor":[119,129,79,98,108,108,126,126,126],"floor_reached":8,"language":"ENG","playtime":386,"items_purged":[],"score":78,"play_id":"ac31e6ae-71b7-432c-a348-9626e8abbb01","local_time":"20210204104712","is_ascension_mode":true,"campfire_choices":[{"data":"Bash","floor":6,"key":"SMITH"}],"circlet_count":0,"master_deck":["AscendersBane","Strike_R","Strike_R","Strike_R","Strike_R","Defend_R","Defend_R","Defend_R","Defend_R","Bash+1","Exhume","Twin Strike","Pommel Strike"],"relics":["Burning Blood"],"acts_visited":["Exordium"],"potions_floor_usage":[8],"damage_taken":[{"damage":0,"enemies":"Small Slimes","floor":1,"turns":3},{"damage":8,"enemies":"2 Louse","floor":2,"turns":2},{"damage":13,"enemies":"Jaw Worm","floor":4,"turns":5},{"damage":17,"enemies":"Red Slaver","floor":5,"turns":6},{"damage":7,"enemies":"Looter","floor":7,"turns":4},{"damage":60,"enemies":"3 Sentries","floor":8,"turns":10}],"seed_played":"-6491328193626462967","potions_obtained":[{"floor":5,"key":"Energy Potion"},{"floor":7,"key":"ColorlessPotion"}],"is_trial":false,"path_per_floor":["M","M","?","M","M","R","M","E"],"character_chosen":"IRONCLAD","items_purchased":[],"campfire_rested":0,"item_purchase_floors":[],"current_hp_per_floor":[78,76,76,69,58,58,57,0,0],"gold":126,"neow_bonus":"ONE_RANDOM_RARE_CARD","is_daily":false,"chose_seed":false,"campfire_upgraded":1,"win_rate":0.0,"timestamp":1612406832,"path_taken":["M","M","?","M","M","R","M","E"],"items_purchased_type":[],"build_version":"2020-12-22","purchased_purges":0,"victory":false,"max_hp_per_floor":[80,80,80,80,80,80,80,80,80],"relic_stats":{"counters":[6,30],"obtain_stats":[{"Burning Blood":0},{"Burning Blood":0},{"Burning Blood":0}],"Burning Blood":30},"card_choices":[{"not_picked":["Clash","Perfected Strike","Havoc"],"picked":"SKIP","floor":1},{"not_picked":["Warcry","Flex"],"picked":"Twin Strike","floor":2},{"not_picked":["Anger","Clash"],"picked":"Pommel Strike","floor":4},{"not_picked":["Headbutt","Wild Strike","Armaments"],"picked":"SKIP","floor":5},{"not_picked":["Dark Embrace","Second Wind","Headbutt"],"picked":"SKIP","floor":7}],"player_experience":583676,"relics_obtained":[],"event_choices":[{"cards_removed":["Strike_R"],"damage_healed":0,"gold_gain":0,"player_choice":"Card Removal","damage_taken":0,"max_hp_gain":0,"max_hp_loss":0,"event_name":"The Cleric","floor":3,"gold_loss":50}],"is_beta":false,"boss_relics":[],"items_purged_floors":[],"is_endless":false,"potions_floor_spawned":[5,7],"killed_by":"3 Sentries","ascension_level":11}}