{"host":"sc0o2qwpf9j16a4i","time":1612436922,"event":{"mods":["AchievementEnabler","BaseMod","BetterRewards","Block Reminder","Colored Map","Colored Powertips","Custom Start","Highlight Path","Minty Spire (QoL Compilation)","Relic Stats"],"gold_per_floor":[113,113,288,300,318,318,1,1,1,18,38,48,76,87,87,192,192,204,204,216,141,159,159,186,101,101,119,134,148,148,148,148,247,247,261,277,277,293,156,156,156],"floor_reached":40,"language":"ENG","playtime":1551,"items_purged":["Doubt"],"score":510,"play_id":"e1f97211-8e46-4916-896e-d1987f7c1598","local_time":"20210204130842","daily_mods":["Draft","Uncertain Future","Night Terrors"],"is_ascension_mode":false,"campfire_choices":[{"data":"Beam Cell","floor":6,"key":"SMITH"},{"data":"Go for the Eyes","floor":8,"key":"SMITH"},{"data":"Buffer","floor":15,"key":"SMITH"},{"data":"Hologram","floor":23,"key":"SMITH"},{"data":"Go for the Eyes","floor":30,"key":"SMITH"},{"data":"Coolheaded","floor":32,"key":"SMITH"}],"circlet_count":0,"master_deck":["Gash","Go for the Eyes+1","Doom and Gloom","Gash","Coolheaded+1","Undo","Conserve Battery","Beam Cell+1","Go for the Eyes+1","Sweeping Beam","Streamline","Rebound","Steam","Leap","Hologram+1","Gash","Chill","Compile Driver","Trip","Capacitor","Genetic Algorithm","Buffer+1","Machine Learning","Glacier","Hologram+1","Defragment+1","Stack","Glacier","Echo Form","CurseOfTheBell","Hologram+1","Coolheaded+1","Reboot"],"relics":["Cracked Core","Akabeko","Orichalcum","Odd Mushroom","Blood Vial","Inserter","Bag of Preparation","Toy Ornithopter","Strawberry","Molten Egg 2","Calling Bell","Dream Catcher","Mummified Hand","Turnip"],"acts_visited":["Exordium","TheCity","TheBeyond"],"potions_floor_usage":[24],"damage_taken":[{"damage":0,"enemies":"Cultist","floor":1,"turns":2},{"damage":0,"enemies":"Jaw Worm","floor":4,"turns":3},{"damage":0,"enemies":"2 Louse","floor":5,"turns":3},{"damage":0,"enemies":"Lots of Slimes","floor":10,"turns":3},{"damage":2,"enemies":"The Mushroom Lair","floor":11,"turns":3},{"damage":0,"enemies":"Exordium Thugs","floor":12,"turns":3},{"damage":2,"enemies":"Gremlin Nob","floor":13,"turns":3},{"damage":2,"enemies":"Looter","floor":14,"turns":2},{"damage":0,"enemies":"Slime Boss","floor":16,"turns":7},{"damage":0,"enemies":"Shell Parasite","floor":18,"turns":5},{"damage":0,"enemies":"3 Byrds","floor":20,"turns":5},{"damage":5,"enemies":"Centurion and Healer","floor":22,"turns":6},{"damage":8,"enemies":"Slavers","floor":24,"turns":4},{"damage":0,"enemies":"Snecko","floor":27,"turns":8},{"damage":0,"enemies":"3 Cultists","floor":28,"turns":5},{"damage":0,"enemies":"Centurion and Healer","floor":29,"turns":7},{"damage":0,"enemies":"Champ","floor":33,"turns":15},{"damage":7,"enemies":"3 Shapes","floor":35,"turns":5},{"damage":3,"enemies":"3 Darklings","floor":36,"turns":7},{"damage":2,"enemies":"Transient","floor":38,"turns":5},{"damage":0,"enemies":"Writhing Mass","floor":40,"turns":1}],"seed_played":"-708480728099214394","potions_obtained":[{"floor":10,"key":"SpeedPotion"},{"floor":12,"key":"FairyPotion"},{"floor":14,"key":"GamblersBrew"},{"floor":16,"key":"FearPotion"},{"floor":18,"key":"DuplicationPotion"},{"floor":28,"key":"Explosive Potion"}],"is_trial":true,"path_per_floor":["M","?","?","M","M","R","$","R","T","M","?","M","E","M","R","B",null,"M","?","M","?","M","R","E","?","T","M","M","M","R","$","R","B",null,"M","M","?","M","$","M"],"character_chosen":"DEFECT","items_purchased":["Akabeko","Trip","Reboot"],"campfire_rested":0,"item_purchase_floors":[7,7,39],"current_hp_per_floor":[75,75,75,75,75,75,75,75,75,75,73,73,71,71,71,73,75,75,75,75,75,70,70,64,71,71,73,75,77,77,77,77,79,82,75,74,74,74,74,76,76],"gold":156,"neow_bonus":"","is_daily":false,"chose_seed":false,"campfire_upgraded":6,"win_rate":0.0,"timestamp":1612436922,"path_taken":["M","?","?","M","M","R","$","R","T","M","?","M","E","M","R","BOSS","M","?","M","?","M","R","E","?","T","M","M","M","R","$","R","BOSS","M","M","?","M","$","M"],"items_purchased_type":["Relic","Card","Card"],"build_version":"2020-12-22","purchased_purges":1,"victory":false,"max_hp_per_floor":[75,75,75,75,75,75,75,75,75,75,75,75,75,75,75,75,75,75,75,75,75,75,75,75,82,82,82,82,82,82,82,82,82,82,82,82,78,78,78,78,78],"relic_stats":{"Blood Vial":20,"Dream Catcher":0,"Inserter":[34],"counters":[21,102],"Mummified Hand":[19],"Turnip":[0],"Bag of Preparation":[22],"Orichalcum":[126],"obtain_stats":[{"Inserter":17,"Bag of Preparation":19,"Orichalcum":9,"Odd Mushroom":11,"Akabeko":7,"Blood Vial":13,"Calling Bell":34,"Dream Catcher":34,"Mummified Hand":34,"Strawberry":25,"Molten Egg 2":26,"Turnip":34,"Cracked Core":0,"Toy Ornithopter":24},{"Inserter":9,"Bag of Preparation":10,"Orichalcum":3,"Odd Mushroom":5,"Akabeko":3,"Blood Vial":7,"Calling Bell":17,"Dream Catcher":17,"Mummified Hand":17,"Strawberry":13,"Molten Egg 2":13,"Turnip":17,"Cracked Core":0,"Toy Ornithopter":13},{"Inserter":29,"Bag of Preparation":34,"Orichalcum":8,"Odd Mushroom":14,"Akabeko":8,"Blood Vial":20,"Calling Bell":84,"Dream Catcher":84,"Mummified Hand":84,"Strawberry":49,"Molten Egg 2":49,"Turnip":84,"Cracked Core":0,"Toy Ornithopter":49}],"Toy Ornithopter":0},"card_choices":[{"not_picked":["Compile Driver","Steam"],"picked":"Gash","floor":0},{"not_picked":["Chill","Conserve Battery"],"picked":"Go for the Eyes","floor":0},{"not_picked":["Storm","Redo"],"picked":"Doom and Gloom","floor":0},{"not_picked":["Turbo","Steam"],"picked":"Gash","floor":0},{"not_picked":["Double Energy","Barrage"],"picked":"Coolheaded","floor":0},{"not_picked":["Stack","Recycle"],"picked":"Undo","floor":0},{"not_picked":["Lockon","Redo"],"picked":"Conserve Battery","floor":0},{"not_picked":["Ball Lightning","Sweeping Beam"],"picked":"Beam Cell","floor":0},{"not_picked":["Leap","Undo"],"picked":"Go for the Eyes","floor":0},{"not_picked":["Chill","Fusion"],"picked":"Sweeping Beam","floor":0},{"not_picked":["Leap","Melter"],"picked":"Streamline","floor":0},{"not_picked":["Compile Driver","Reprogram"],"picked":"Rebound","floor":0},{"not_picked":["Streamline","Conserve Battery"],"picked":"Steam","floor":0},{"not_picked":["Fusion","Barrage"],"picked":"Leap","floor":0},{"not_picked":["Steam","Coolheaded"],"picked":"Hologram","floor":0},{"not_picked":["Conserve Battery","Storm"],"picked":"Gash","floor":1},{"not_picked":["Heatsinks","Ball Lightning"],"picked":"Chill","floor":4},{"not_picked":["Ball Lightning","Turbo"],"picked":"Compile Driver","floor":5},{"not_picked":["Undo","Cold Snap"],"picked":"Capacitor","floor":10},{"not_picked":["Hello World","Go for the Eyes"],"picked":"Genetic Algorithm","floor":12},{"not_picked":["Blizzard","Storm","Skim"],"picked":"SKIP","floor":13},{"not_picked":["Go for the Eyes","Compile Driver"],"picked":"Buffer","floor":14},{"not_picked":["Multi-Cast","Thunder Strike"],"picked":"Machine Learning","floor":16},{"not_picked":["Ball Lightning","Go for the Eyes","Heatsinks"],"picked":"SKIP","floor":18},{"not_picked":["Reinforced Body+1","Streamline+1"],"picked":"Glacier","floor":20},{"not_picked":["White Noise","Steam Power+1"],"picked":"Hologram","floor":22},{"not_picked":["Conserve Battery+1","Rebound"],"picked":"Defragment+1","floor":24},{"not_picked":["Melter+1","BootSequence+1"],"picked":"Stack","floor":27},{"not_picked":["Scrape+1","Hello World+1"],"picked":"Glacier","floor":28},{"not_picked":["Blizzard+1","Lockon+1","Redo"],"picked":"SKIP","floor":29},{"not_picked":["Reboot","Biased Cognition"],"picked":"Echo Form","floor":33},{"not_picked":["Turbo+1","Force Field"],"picked":"Hologram+1","floor":35},{"not_picked":["Lockon+1","Sweeping Beam+1","Blizzard+1"],"picked":"SKIP","floor":36},{"not_picked":["Rebound+1","Ball Lightning+1"],"picked":"Coolheaded+1","floor":38}],"player_experience":1173235,"relics_obtained":[{"floor":9,"key":"Orichalcum"},{"floor":11,"key":"Odd Mushroom"},{"floor":13,"key":"Blood Vial"},{"floor":24,"key":"Toy Ornithopter"},{"floor":26,"key":"Molten Egg 2"},{"floor":34,"key":"Dream Catcher"},{"floor":34,"key":"Mummified Hand"},{"floor":34,"key":"Turnip"}],"event_choices":[{"damage_healed":0,"gold_gain":0,"player_choice":"Grow","damage_taken":0,"max_hp_gain":0,"max_hp_loss":0,"event_name":"Living Wall","floor":2,"gold_loss":0,"cards_upgraded":["Hologram"]},{"damage_healed":0,"gold_gain":175,"player_choice":"AGREE","damage_taken":0,"max_hp_gain":0,"max_hp_loss":0,"event_name":"Liars Game","floor":3,"gold_loss":0,"cards_obtained":["Doubt"]},{"damage_healed":0,"gold_gain":0,"player_choice":"Fought Mushrooms","damage_taken":0,"max_hp_gain":0,"max_hp_loss":0,"event_name":"Mushrooms","floor":11,"gold_loss":0},{"damage_healed":0,"gold_gain":0,"player_choice":"Opened","damage_taken":0,"relics_obtained":["Bag of Preparation"],"max_hp_gain":0,"max_hp_loss":0,"event_name":"The Mausoleum","floor":19,"gold_loss":0,"cards_obtained":["Writhe"]},{"cards_removed":["Writhe"],"damage_healed":0,"gold_gain":0,"player_choice":"Gave Gold","damage_taken":0,"max_hp_gain":0,"max_hp_loss":0,"event_name":"Beggar","floor":21,"gold_loss":75},{"damage_healed":0,"gold_gain":0,"player_choice":"Obtained Relic","damage_taken":0,"relics_obtained":["Strawberry"],"max_hp_gain":0,"max_hp_loss":0,"event_name":"Addict","floor":25,"gold_loss":85},{"damage_healed":0,"gold_gain":0,"player_choice":"Max HP","damage_taken":0,"max_hp_gain":0,"max_hp_loss":4,"event_name":"Winding Halls","floor":37,"gold_loss":0}],"is_beta":false,"boss_relics":[{"not_picked":["SacredBark","Snecko Eye"],"picked":"Inserter"},{"not_picked":["Black Star","FrozenCore"],"picked":"Calling Bell"}],"items_purged_floors":[7],"is_endless":false,"potions_floor_spawned":[10,12,14,16,18,28,35],"killed_by":"Writhing Mass","ascension_level":0}}