{"host":"w01zow3jg16g8jdh","time":1612445997,"event":{"mods":["AchievementEnabler","BaseMod","DeckTracker","Keyboard Shortcuts","Minty Spire (QoL Compilation)","Permanent Neow","StSLib","SuperFastMode"],"gold_per_floor":[15,34,34,50,64,94,94,94,94,128,128,153,169,199,199,278,278,292,312,324,127,127,127],"floor_reached":22,"language":"KOR","playtime":493,"items_purged":["Defend_P"],"score":432,"play_id":"2a34f8d6-fc54-4ab1-9f0e-3899991f3f88","local_time":"20210204223957","is_ascension_mode":true,"campfire_choices":[{"data":"Eruption","floor":7.0,"key":"SMITH"},{"floor":11.0,"key":"REST"},{"data":"ConjureBlade","floor":15,"key":"SMITH"}],"circlet_count":0,"master_deck":["AscendersBane","Strike_P","Strike_P","Defend_P","Eruption+1","Vigilance","ConjureBlade+1","Wallop","EmptyBody","FearNoEvil","DeusExMachina"],"relics":["PureWater","Art of War","Akabeko","Mummified Hand","The Courier","Tiny Chest","Empty Cage","Strawberry"],"acts_visited":["Exordium","TheCity"],"potions_floor_usage":[13,18,20],"damage_taken":[{"damage":12.0,"enemies":"Jaw Worm","floor":1.0,"turns":3.0},{"damage":0.0,"enemies":"2 Louse","floor":2.0,"turns":3.0},{"damage":0.0,"enemies":"Cultist","floor":4.0,"turns":3.0},{"damage":8.0,"enemies":"Blue Slaver","floor":5.0,"turns":4.0},{"damage":45.0,"enemies":"Gremlin Nob","floor":6.0,"turns":6.0},{"damage":10.0,"enemies":"3 Sentries","floor":10.0,"turns":8.0},{"damage":3.0,"enemies":"Lagavulin","floor":12.0,"turns":5.0},{"damage":0,"enemies":"Exordium Wildlife","floor":13,"turns":3},{"damage":8,"enemies":"Gremlin Nob","floor":14,"turns":3},{"damage":7,"enemies":"Hexaghost","floor":16,"turns":7},{"damage":19,"enemies":"3 Byrds","floor":18,"turns":6},{"damage":22,"enemies":"2 Thieves","floor":19,"turns":4},{"damage":6,"enemies":"Snecko","floor":20,"turns":3},{"damage":0,"enemies":"Shelled Parasite and Fungi","floor":22,"turns":1}],"seed_played":"-2893810162693961401","potions_obtained":[{"floor":1.0,"key":"ColorlessPotion"},{"floor":4.0,"key":"Ancient Potion"},{"floor":5.0,"key":"FairyPotion"},{"floor":12.0,"key":"PowerPotion"},{"floor":14,"key":"Ancient Potion"},{"floor":16,"key":"GamblersBrew"},{"floor":19,"key":"Block Potion"}],"is_trial":false,"path_per_floor":["M","M","?","M","M","E","R","?","T","E","R","E","M","E","R","B",null,"M","M","M","$","M"],"character_chosen":"WATCHER","items_purchased":["Strawberry"],"campfire_rested":1,"item_purchase_floors":[21],"current_hp_per_floor":[49,49,49,49,41,18,18,18,18,8,28,25,25,17,17,10,54,35,13,7,14,14,14],"gold":127,"neow_bonus":"THREE_RARE_CARDS","is_daily":false,"chose_seed":false,"campfire_upgraded":2,"win_rate":0.0,"timestamp":1612445997,"path_taken":["M","M","?","M","M","E","R","?","T","E","R","E","M","E","R","BOSS","M","M","?","$","M"],"items_purchased_type":["Relic"],"build_version":"2020-12-22","purchased_purges":1,"victory":false,"max_hp_per_floor":[68,68,68,68,68,68,68,68,68,68,68,68,68,68,68,68,68,68,68,68,75,75,75],"card_choices":[{"not_picked":["Omniscience","Scrawl"],"picked":"ConjureBlade","floor":0.0},{"not_picked":["EmptyBody","BowlingBash"],"picked":"Wallop","floor":1.0},{"not_picked":["JustLucky","SashWhip"],"picked":"EmptyBody","floor":2.0},{"not_picked":["PathToVictory","Halt"],"picked":"FearNoEvil","floor":4.0},{"not_picked":["ReachHeaven","FollowUp","EmptyFist"],"picked":"SKIP","floor":5.0},{"not_picked":["Worship","EmptyFist"],"picked":"DeusExMachina","floor":6.0},{"not_picked":["Consecrate","Halt","DeceiveReality"],"picked":"SKIP","floor":10.0},{"not_picked":["EmptyBody","ClearTheMind","Perseverance"],"picked":"SKIP","floor":12.0},{"not_picked":["Weave","FlyingSleeves","BattleHymn"],"picked":"SKIP","floor":13},{"not_picked":["Conclude","Consecrate","ClearTheMind"],"picked":"SKIP","floor":14},{"not_picked":["ThirdEye","Evaluate","Sanctity"],"picked":"SKIP","floor":18},{"not_picked":["EmptyBody","LikeWater","CutThroughFate"],"picked":"SKIP","floor":19},{"not_picked":["Halt","ThirdEye","InnerPeace"],"picked":"SKIP","floor":20}],"player_experience":355892,"relics_obtained":[{"floor":6.0,"key":"Art of War"},{"floor":9.0,"key":"Akabeko"},{"floor":10.0,"key":"Mummified Hand"},{"floor":12.0,"key":"The Courier"},{"floor":14,"key":"Tiny Chest"}],"event_choices":[{"cards_removed":["Defend_P"],"damage_healed":0.0,"max_hp_gain":0.0,"max_hp_loss":0.0,"gold_gain":0.0,"event_name":"Living Wall","player_choice":"Forget","floor":3.0,"gold_loss":0.0,"damage_taken":0.0},{"cards_removed":["Strike_P"],"damage_healed":0.0,"max_hp_gain":0.0,"max_hp_loss":0.0,"gold_gain":0.0,"event_name":"Purifier","player_choice":"Purged","floor":8.0,"gold_loss":0.0,"damage_taken":0.0}],"is_beta":false,"boss_relics":[{"not_picked":["Runic Pyramid","Runic Dome"],"picked":"Empty Cage"}],"items_purged_floors":[21],"is_endless":false,"potions_floor_spawned":[1,4,5,12,14,16,19],"killed_by":"Shelled Parasite and Fungi","ascension_level":20}}