{"host":"y68pe20433riwua2","time":1612452348,"event":{"mods":["AchievementEnabler","Act Like it!","Aspiration","BaseMod","BetterRewards","Clawfect","Colored Map","Conspire","Dota2Spire","Downfall","Energized Spire","Friendly Minions","Gensokyo","GifTheSpireLib","Gold Saver","Halation","Hubris","Infinite Spire","Ironclad Rager","Minty Spire (QoL Compilation)","Pale of the Ancients","RRrroohrrRGHHhhh!!","Reliquary","Replay The Spire","Shop Mod","Spikes Relics","StS++","StSLib","Stuff the Spire","Trackpad","Waifu the Spire"],"gold_per_floor":[99,117,137,37,69,84,84,84,119,151,176,176,256,380,426,536,536,436,477,536,600,600,600,623,685,363,401,466,531,531,606,658,850,850,850,920,960,1026,1026,1026,1049,1170,1369,1381,1393,1232,1363,1493,1534,1741],"floor_reached":51,"language":"DEU","playtime":3257,"items_purged":[],"score":847,"play_id":"91e093a3-82db-4dbb-8d6d-a807086d4a7b","local_time":"20210204162548","is_ascension_mode":false,"campfire_choices":[{"data":"Slimebound:DuplicatedForm","floor":1,"key":"SMITH"},{"data":"Slimebound:Chomp","floor":8,"key":"SMITH"},{"data":"Slimebound:MassRepurpose","floor":18,"key":"SMITH"},{"floor":30,"key":"REST"},{"data":"Slimebound:Darklings","floor":35,"key":"SMITH"}],"circlet_count":0,"master_deck":["Slimebound:Strike_Slimebound","Slimebound:Strike_Slimebound","Slimebound:Strike_Slimebound","Slimebound:Defend_Slimebound","Slimebound:Defend_Slimebound","Slimebound:Defend_Slimebound","Slimebound:Defend_Slimebound","Slimebound:Split","Slimebound:CorrosiveSpit","Slimebound:DuplicatedForm+1","Slimebound:Prepare","Slimebound:RejuvenatingLick","Slimebound:SplitMire","Slimebound:TongueLash","Slimebound:Gluttony","Atom Bomb","ReplayTheSpireMod:From All Sides","conspire:DoublingDagger","Slimebound:LeadByExample","Slimebound:Schlurp","Slimebound:MassRepurpose+1","Slimebound:GrowthPunch+1","Slimebound:SlimeSpikes+1","Slimebound:Equalize","Slimebound:SplitMire","Slimebound:LeechEnergy","Slimebound:SamplingLick","PlatinumSkin","Slimebound:HauntingLick+1","Slimebound:LeechEnergy+1","Slimebound:Nibble","Slimebound:LeechEnergy","Slimebound:Darklings+1","Slimebound:SplitLeeching","Slimebound:Recollect","Slimebound:SplitSpecialist","Slimebound:ItLooksTasty+1","Slimebound:MegaLick+1","Gensokyo:LockedMedkit","Slimebound:RejuvenatingLick+1","Gensokyo:SummonYinYangFox","Slimebound:GoopSpray","Slimebound:LevelUp"],"relics":["Slimebound:AbsorbEndCombat","hubris:DeckOfHolding","Gremlin Horn","Counterbalance","Replay:Bandana","trackpad:SappingStone","Dota2Spire:RefresherOrb","downfall:HeartBlessingGreen","halation:PrussianBluePaint","rorgmod:The Boot","RollingBoulder","StSpp:Balance","halation:PinkSoulGem","MawBank","reliquary:SilkGlove","Gensokyo:DualWield","StSpp:SailingBoat","StuffTheSpire:SapphireSignet","Gensokyo:Companionship"],"acts_visited":["Gensokyo:Gensokyo","Gensokyo:Gensokyoer","Gensokyo:Gensokyoest"],"potions_floor_usage":[10,13,14,16,20,20,21,27,29,32,33,38,48,50,50],"damage_taken":[{"damage":5,"enemies":"Gensokyo:Gryphon","floor":2,"turns":5},{"damage":19,"enemies":"Gensokyo:Python","floor":3,"turns":3},{"damage":13,"enemies":"conspire:MimicChest","floor":5,"turns":8},{"damage":18,"enemies":"Gensokyo:3_Fairies","floor":6,"turns":3},{"damage":3,"enemies":"Gensokyo:Mamizou","floor":9,"turns":7},{"damage":20,"enemies":"Gensokyo:Kitsune","floor":10,"turns":3},{"damage":15,"enemies":"Gensokyo:LivingMonolith","floor":11,"turns":3},{"damage":12,"enemies":"Gensokyo:Gryphon_and_Rabbit","floor":13,"turns":5},{"damage":1,"enemies":"Gensokyo:Cirno","floor":14,"turns":6},{"damage":0,"enemies":"Gensokyo:VengefulSpirit","floor":15,"turns":3},{"damage":27,"enemies":"SI_SHIV_ARCHETYPE","floor":16,"turns":3},{"damage":0,"enemies":"Gensokyo:Chomper","floor":19,"turns":4},{"damage":15,"enemies":"Gensokyo:AngelMirror","floor":20,"turns":4},{"damage":54,"enemies":"Gensokyo:Slime_Group","floor":21,"turns":5},{"damage":1,"enemies":"Gensokyo:Swordslinger","floor":25,"turns":4},{"damage":0,"enemies":"downfall:FleeingMerchant","floor":26,"turns":4},{"damage":24,"enemies":"Gensokyo:Wraith","floor":27,"turns":4},{"damage":16,"enemies":"Gensokyo:Slime_Group","floor":28,"turns":4},{"damage":15,"enemies":"Gensokyo:Swordslinger","floor":29,"turns":4},{"damage":20,"enemies":"Gensokyo:Tenshi","floor":31,"turns":3},{"damage":10,"enemies":"Gensokyo:Mirror_and_Dog","floor":32,"turns":3},{"damage":20,"enemies":"WA_ARCHETYPE_CALM","floor":33,"turns":5},{"damage":31,"enemies":"Gensokyo:AncientGuardian","floor":36,"turns":5},{"damage":9,"enemies":"Gensokyo:3_Bats","floor":37,"turns":4},{"damage":4,"enemies":"Gensokyo:Sharpion","floor":38,"turns":4},{"damage":41,"enemies":"Gensokyo:Rafflesia","floor":42,"turns":6},{"damage":27,"enemies":"Gensokyo:Kasen","floor":43,"turns":7},{"damage":2,"enemies":"Gensokyo:3_Boulders","floor":47,"turns":4},{"damage":13,"enemies":"Nightmare","floor":48,"turns":6},{"damage":8,"enemies":"Gensokyo:Sharpion","floor":49,"turns":4},{"damage":46,"enemies":"IC_BLOCK_ARCHETYPE","floor":50,"turns":8}],"seed_played":"3737773209463812998","potions_obtained":[{"floor":5,"key":"EssenceOfSteel"},{"floor":9,"key":"Death Potion"},{"floor":10,"key":"Dexterity Potion"},{"floor":11,"key":"ColorlessPotion"},{"floor":13,"key":"Adrenaline Potion"},{"floor":14,"key":"Regen Potion"},{"floor":19,"key":"Adrenaline Potion"},{"floor":21,"key":"DuplicationPotion"},{"floor":25,"key":"SkillPotion"},{"floor":28,"key":"PowerPotion"},{"floor":37,"key":"ColorlessPotion"},{"floor":42,"key":"Guardian:BlockOnCardUsePotion"},{"floor":48,"key":"hexamod:SoulburnPotion"},{"floor":49,"key":"Explosive Potion"}],"is_trial":false,"path_per_floor":["R","M","M","?","?","M","T","R","E","M","M","?","M","E","M","B",null,"R","M","M","M","?","?","T","M","$","M","M","M","R","E","M","B",null,"R","M","M","M","?","?","T","M","E","?","T","COS","M","NM","M","B",null],"character_chosen":"SLIMEBOUND","items_purchased":["Slimebound:SamplingLick","PlatinumSkin","rorgmod:The Boot","Strength Potion"],"campfire_rested":1,"item_purchase_floors":[26,26,26,26],"current_hp_per_floor":[59,56,56,56,51,56,56,56,58,57,59,59,51,58,59,53,59,59,59,48,27,32,38,38,53,64,46,46,45,64,44,42,53,64,64,50,47,59,59,59,59,42,31,31,31,31,41,44,42,27],"gold":1753,"neow_bonus":"THREE_RARE_CARDS","is_daily":false,"chose_seed":false,"campfire_upgraded":4,"win_rate":0.0,"timestamp":1612452348,"path_taken":["R","M","M","?","?","?","T","R","E","M","M","?","?","E","M","BOSS","R","M","M","M","?","?","T","M","$","M","M","M","R","E","M","BOSS","R","M","M","?","?","?","T","M","E","?","?","COS","?","NM","M","BOSS"],"items_purchased_type":["Card","Card","Relic","Potion"],"build_version":"2020-12-22","purchased_purges":0,"victory":true,"max_hp_per_floor":[59,59,59,59,59,59,59,59,59,59,59,59,59,59,59,59,59,59,59,59,59,64,64,64,64,64,64,64,64,64,64,64,64,64,64,64,64,64,64,64,64,64,64,64,64,64,64,64,64,64],"card_choices":[{"not_picked":["Slimebound:TagTeam","Slimebound:Teamwork"],"picked":"Slimebound:DuplicatedForm","floor":0},{"not_picked":["Slimebound:ServeAndProtect","Slimebound:FlameTackle"],"picked":"Slimebound:Prepare","floor":2},{"not_picked":["Slimebound:SlimeTap","Slimebound:SlimeBarrage"],"picked":"Slimebound:RejuvenatingLick","floor":3},{"not_picked":["Slimebound:LivingWall","Slimebound:SplitBruiser"],"picked":"Slimebound:SplitMire","floor":5},{"not_picked":["Slimebound:HungryTackle","Slimebound:SplitAcid"],"picked":"Slimebound:Chomp","floor":6},{"not_picked":["Slimebound:FinishingTackle","Slimebound:ForwardTackle"],"picked":"Slimebound:TongueLash","floor":9},{"not_picked":["Slimebound:Grow","Slimebound:PressTheAttack"],"picked":"Slimebound:Gluttony","floor":10},{"not_picked":["Slimebound:SlimeBrawl","Slimebound:SplitAcid"],"picked":"Slimebound:SplitLeeching","floor":11},{"not_picked":["Slimebound:HungryTackle","Slimebound:ComboTackle"],"picked":"Slimebound:LeadByExample","floor":13},{"not_picked":["Slimebound:LivingWall","Slimebound:ViciousTackle","Slimebound:Replication"],"picked":"SKIP","floor":14},{"not_picked":["Slimebound:Teamwork","Slimebound:Prepare"],"picked":"Slimebound:Schlurp","floor":15},{"not_picked":["Slimebound:Recycling","Slimebound:Teamwork"],"picked":"Slimebound:MassRepurpose","floor":16},{"not_picked":["Slimebound:LeechingTouch","Slimebound:SamplingLick"],"picked":"Slimebound:GrowthPunch+1","floor":19},{"not_picked":["Slimebound:Grow","Slimebound:LivingWall"],"picked":"Slimebound:SlimeSpikes+1","floor":20},{"not_picked":["Slimebound:ProtectTheBoss","Slimebound:SlimeBarrage"],"picked":"Slimebound:Equalize","floor":21},{"not_picked":["Slimebound:PressTheAttack","Slimebound:Prepare"],"picked":"Slimebound:SplitMire","floor":25},{"not_picked":["Slimebound:FirmFortitude","Slimebound:SplitMire"],"picked":"Slimebound:LeechEnergy","floor":26},{"not_picked":["Slimebound:SplitLeeching+1","Slimebound:LeechingTouch"],"picked":"Slimebound:HauntingLick+1","floor":27},{"not_picked":["Slimebound:ServeAndProtect","Slimebound:TongueLash+1"],"picked":"Slimebound:LeechEnergy+1","floor":28},{"not_picked":["Slimebound:SplitBruiser+1","Slimebound:Prepare","Slimebound:Grow"],"picked":"SKIP","floor":29},{"not_picked":["Slimebound:SpikyOuterGoop","Slimebound:LeechingTouch"],"picked":"Slimebound:Nibble","floor":31},{"not_picked":["Slimebound:GoopTackle","Slimebound:BestDefense"],"picked":"Slimebound:LeechEnergy","floor":32},{"not_picked":["Slimebound:Teamwork","Slimebound:DouseInSlime"],"picked":"Slimebound:Darklings","floor":33},{"not_picked":["Slimebound:FinishingTackle","Slimebound:ComboTackle"],"picked":"Slimebound:SplitLeeching","floor":36},{"not_picked":["Slimebound:Prepare+1","Slimebound:SlimeSlap"],"picked":"Slimebound:Recollect","floor":37},{"not_picked":["Slimebound:SlimeTap","Slimebound:LeadByExample+1"],"picked":"Slimebound:SplitSpecialist","floor":38},{"not_picked":["Slimebound:SplitAcid","Slimebound:ComboTackle+1"],"picked":"Slimebound:ItLooksTasty+1","floor":42},{"not_picked":["Slimebound:Gluttony","Slimebound:BestDefense"],"picked":"Slimebound:MegaLick+1","floor":43},{"not_picked":["Slimebound:LeechEnergy","Slimebound:HauntingLick"],"picked":"Slimebound:RejuvenatingLick+1","floor":47},{"not_picked":["Slimebound:Schlurp","Slimebound:Chomp+1"],"picked":"Slimebound:GoopSpray","floor":48},{"not_picked":["Slimebound:ServeAndProtect","Slimebound:SplitAcid"],"picked":"Slimebound:LevelUp","floor":49}],"player_experience":592164,"relics_obtained":[{"floor":5,"key":"Gremlin Horn"},{"floor":7,"key":"Counterbalance"},{"floor":9,"key":"Replay:Bandana"},{"floor":14,"key":"trackpad:SappingStone"},{"floor":24,"key":"halation:PrussianBluePaint"},{"floor":31,"key":"RollingBoulder"},{"floor":41,"key":"MawBank"},{"floor":43,"key":"reliquary:SilkGlove"},{"floor":45,"key":"StSpp:SailingBoat"},{"floor":48,"key":"StuffTheSpire:SapphireSignet"}],"event_choices":[],"is_beta":false,"boss_relics":[{"not_picked":["Runic Dome","energizedSpire:HugeHouse"],"picked":"Dota2Spire:RefresherOrb"},{"not_picked":["Busted Crown","Cursed Key"],"picked":"StSpp:Balance"}],"items_purged_floors":[],"is_endless":false,"potions_floor_spawned":[5,9,10,11,13,14,19,21,25,28,37,42,48,49],"ascension_level":0}}