{"host":"4ih4fq53sefgqhvb","time":1612436588,"event":{"mods":["AchievementEnabler","Aspiration","Bard","BaseMod","BetterRewards","Colored Map","Colored Powertips","Conspire","Downfall","Googly Eyes","Hermit","Highlight Path","Hubris","Infinite Spire","Jedi Mod","Jorbs\u0027s Wanderer Trilogy","Marisa????????","Mimic Mod","Minty Spire (QoL Compilation)","Quick Restart","Relic Stats","Replay The Spire","Shop Mod","StSLib","The Animator","The Cursed","The Disciple","The Jungle","The Runesmith","The Servant 0.9.4"],"gold_per_floor":[99,119,119,135,147,167,190,201,234,34,66,85,105,116,129,228,228,228,330,346,356,372,372,372,372],"floor_reached":23,"language":"ENG","playtime":1895,"items_purged":[],"score":224,"play_id":"43b755ae-b0a1-40f8-ad07-3750e87414d5","local_time":"20210204030308","is_ascension_mode":false,"campfire_choices":[{"floor":1.0,"key":"RECALL"},{"floor":10,"key":"REST"},{"data":"bronze:AlphaBuild","floor":18,"key":"SMITH"}],"circlet_count":0,"master_deck":["bronze:Strike","bronze:Strike","bronze:Strike","bronze:Strike","bronze:Defend","bronze:Defend","bronze:Defend","bronze:Defend","bronze:Replicate","bronze:Goto","bronze:ClassDefault","bronze:Iterate","bronze:Frontload","bronze:Boost","bronze:WildBeam","bronze:Assembly","bronze:Shell","bronze:Optimize","bronze:FineTuning","bronze:AlphaBuild+1","bronze:WhirlingStrike","bronze:Mutator","bronze:DonuBeam","bronze:DecaBeam","bronze:ChosenStrike","bronze:BugBarrage","bronze:CloningBeam+1","bronze:Break"],"relics":["bronze:BronzeCore","aspiration:DSix","infinitespire:Satchel","downfall:HeartBlessingBlue","downfall:HeartBlessingRed","Dream Catcher","jedi:paperlyon"],"acts_visited":["Exordium","TheCity"],"potions_floor_usage":[8,13,19,20,21],"damage_taken":[{"damage":2.0,"enemies":"2 Louse","floor":2.0,"turns":3.0},{"damage":1.0,"enemies":"Jaw Worm","floor":4.0,"turns":4.0},{"damage":1.0,"enemies":"Cultist","floor":5.0,"turns":4.0},{"damage":0.0,"enemies":"Exordium Wildlife","floor":6.0,"turns":4.0},{"damage":7,"enemies":"Exordium Thugs","floor":8,"turns":7},{"damage":19,"enemies":"Lagavulin","floor":9,"turns":8},{"damage":0,"enemies":"3 Louse","floor":11,"turns":3},{"damage":0,"enemies":"3 Louse","floor":12,"turns":3},{"damage":8,"enemies":"Lots of Slimes","floor":13,"turns":4},{"damage":0,"enemies":"Exordium Wildlife","floor":14,"turns":1},{"damage":1,"enemies":"Red Slaver","floor":15,"turns":3},{"damage":7,"enemies":"SI_SHIV_ARCHETYPE","floor":16,"turns":11},{"damage":57,"enemies":"SI_SHIV_ARCHETYPE","floor":19,"turns":11},{"damage":0,"enemies":"3 Byrds","floor":20,"turns":4},{"damage":0,"enemies":"Snake Plant","floor":21,"turns":2},{"damage":13,"enemies":"Shelled Parasite and Fungi","floor":22,"turns":4},{"damage":18,"enemies":"Gremlin Leader","floor":23,"turns":2}],"seed_played":"8123901004954660892","potions_obtained":[{"floor":2.0,"key":"Elixir"},{"floor":5.0,"key":"SpeedPotion"},{"floor":6.0,"key":"SkillPotion"},{"floor":16,"key":"SpeedPotion"},{"floor":20,"key":"BlessingOfTheForge"}],"is_trial":false,"path_per_floor":["R","M","?","M","M","M","T","M","E","R","MIM","M","M","M","M","B",null,"R","?","M","M","M","E"],"character_chosen":"THE_AUTOMATON","items_purchased":[],"campfire_rested":1,"item_purchase_floors":[],"current_hp_per_floor":[77,75,75,74,73,73,73,66,47,83,83,83,75,75,74,67,87,87,30,30,30,17,0,0,0],"gold":372,"neow_bonus":"TEN_PERCENT_HP_BONUS","is_daily":false,"chose_seed":false,"campfire_upgraded":1,"win_rate":0.0,"timestamp":1612436588,"path_taken":["R","M","?","M","M","M","T","M","E","R","?","M","M","?","M","BOSS","R","?","M","M","M","E"],"items_purchased_type":[],"build_version":"2020-12-22","purchased_purges":0,"victory":false,"max_hp_per_floor":[77,77,77,77,77,77,77,77,77,87,87,87,87,87,87,87,87,87,87,87,87,87,87,87,87],"relic_stats":{"Dream Catcher":0,"counters":[17,78],"obtain_stats":[{"Dream Catcher":11,"bronze:BronzeCore":0,"downfall:HeartBlessingRed":10,"downfall:HeartBlessingBlue":10,"jedi:paperlyon":17,"infinitespire:Satchel":9,"aspiration:DSix":3},{"Dream Catcher":7,"bronze:BronzeCore":0,"downfall:HeartBlessingRed":6,"downfall:HeartBlessingBlue":6,"jedi:paperlyon":12,"infinitespire:Satchel":6,"aspiration:DSix":1},{"Dream Catcher":33,"bronze:BronzeCore":0,"downfall:HeartBlessingRed":30,"downfall:HeartBlessingBlue":30,"jedi:paperlyon":55,"infinitespire:Satchel":30,"aspiration:DSix":3}]},"card_choices":[{"not_picked":["bronze:DarkDash","bronze:ItsAFeature"],"picked":"bronze:ClassDefault","floor":2.0},{"not_picked":["bronze:Repulsor","bronze:BitShift"],"picked":"bronze:Iterate","floor":4.0},{"not_picked":["bronze:CutThrough","bronze:Repulsor"],"picked":"bronze:Frontload","floor":5.0},{"not_picked":["bronze:BuggyMess","bronze:OilSpill"],"picked":"bronze:Boost","floor":6.0},{"not_picked":["bronze:BuggyMess","bronze:Invalidate"],"picked":"bronze:WildBeam","floor":8},{"not_picked":["bronze:Turbo","bronze:Virus"],"picked":"bronze:Assembly","floor":9},{"not_picked":["bronze:Invalidate","bronze:DelayedSlice"],"picked":"bronze:Shell","floor":11},{"not_picked":["bronze:DelayedGuard","bronze:NullPointer"],"picked":"bronze:Optimize","floor":12},{"not_picked":["bronze:DelayedGuard","bronze:Iterate"],"picked":"bronze:FineTuning","floor":13},{"not_picked":["bronze:ChosenStrike","bronze:OilSpill"],"picked":"bronze:AlphaBuild","floor":14},{"not_picked":["bronze:BuggyMess","bronze:WildBeam"],"picked":"bronze:WhirlingStrike","floor":15},{"not_picked":["bronze:Virus","bronze:ShipIt"],"picked":"bronze:Mutator","floor":16},{"not_picked":[],"picked":"bronze:DonuBeam","floor":19},{"not_picked":[],"picked":"bronze:DecaBeam","floor":19},{"not_picked":["bronze:Optimize","bronze:BugBarrage"],"picked":"bronze:ChosenStrike","floor":19},{"not_picked":["bronze:FollowUp","bronze:MaxOutput"],"picked":"bronze:BugBarrage","floor":20},{"not_picked":["bronze:FollowUp","bronze:Deprecate"],"picked":"bronze:CloningBeam+1","floor":21},{"not_picked":["bronze:Flail","bronze:Shield"],"picked":"bronze:Break","floor":22}],"player_experience":991097,"relics_obtained":[{"floor":3.0,"key":"aspiration:DSix"},{"floor":9,"key":"infinitespire:Satchel"},{"floor":11,"key":"Dream Catcher"}],"event_choices":[],"is_beta":false,"boss_relics":[{"not_picked":["hubris:TerracottaHorce","jedi:hotpepper"],"picked":"jedi:paperlyon"}],"items_purged_floors":[],"is_endless":false,"potions_floor_spawned":[2,5,6,16,20],"killed_by":"Gremlin Leader","ascension_level":0}}