{"host":"l5zfpd2l2htson6l","time":1612430896,"event":{"mods":["AchievementEnabler","BaseMod","Colored Map","Colored Powertips","Minty Spire (QoL Compilation)","Permanent Neow","Quick Restart","Rare Cards Sparkle","Relic Stats","SuperFastMode"],"gold_per_floor":[112,112,37,55,68,68,102,102,102,129,141,153,179,230,242,344,356,393,421,433,370,382,394,440,452,488,500,526,538,550,550],"floor_reached":30,"language":"ENG","playtime":1204,"items_purged":["Decay"],"score":512,"play_id":"930e5f29-ff91-4f03-b4a2-34fb28c2225c","local_time":"20210204012816","is_ascension_mode":true,"campfire_choices":[{"data":"Bludgeon","floor":6,"key":"SMITH"},{"data":"Havoc","floor":8,"key":"SMITH"},{"data":"Bash","floor":11,"key":"SMITH"},{"data":"Bloodletting","floor":15,"key":"SMITH"},{"data":"Power Through","floor":23,"key":"SMITH"},{"floor":25,"key":"REST"},{"data":"Disarm","floor":27,"key":"SMITH"},{"floor":29,"key":"REST"}],"circlet_count":0,"master_deck":["AscendersBane","Strike_R","Strike_R","Strike_R","Strike_R","Defend_R","Defend_R","Defend_R","Defend_R","Bash+1","Bludgeon+1","Havoc+1","Headbutt","Bloodletting+1","Shrug It Off","Shrug It Off","Offering","Whirlwind+1","Power Through+1","Pain","Disarm+1","Battle Trance"],"relics":["Burning Blood","Golden Idol","Matryoshka","MawBank","MealTicket","Toy Ornithopter","Snecko Eye","WarpedTongs","WingedGreaves","Potion Belt","Oddly Smooth Stone"],"acts_visited":["Exordium","TheCity"],"potions_floor_usage":[16,28],"damage_taken":[{"damage":8,"enemies":"Small Slimes","floor":1,"turns":2},{"damage":9,"enemies":"Jaw Worm","floor":4,"turns":3},{"damage":0,"enemies":"2 Louse","floor":5,"turns":3},{"damage":35,"enemies":"3 Sentries","floor":7,"turns":8},{"damage":11,"enemies":"Looter","floor":10,"turns":2},{"damage":8,"enemies":"Blue Slaver","floor":13,"turns":2},{"damage":11,"enemies":"Gremlin Nob","floor":14,"turns":3},{"damage":46,"enemies":"Slime Boss","floor":16,"turns":11},{"damage":12,"enemies":"Shell Parasite","floor":18,"turns":4},{"damage":0,"enemies":"2 Thieves","floor":19,"turns":2},{"damage":40,"enemies":"Slavers","floor":24,"turns":6},{"damage":26,"enemies":"Shelled Parasite and Fungi","floor":28,"turns":2},{"damage":47,"enemies":"Book of Stabbing","floor":30,"turns":3}],"seed_played":"-2206301218257695032","potions_obtained":[{"floor":5,"key":"ColorlessPotion"},{"floor":7,"key":"SneckoOil"},{"floor":10,"key":"DistilledChaos"},{"floor":18,"key":"AttackPotion"},{"floor":28,"key":"EssenceOfSteel"}],"is_trial":false,"path_per_floor":["M","?","$","M","M","R","E","R","T","M","R","$","M","E","R","B",null,"M","M","?","?","?","R","E","R","T","R","M","R","E"],"character_chosen":"IRONCLAD","items_purchased":[],"campfire_rested":2,"item_purchase_floors":[],"current_hp_per_floor":[66,66,66,63,68,68,39,39,39,34,34,49,47,42,42,7,53,47,53,53,53,53,53,19,39,39,39,24,44,0,0],"gold":550,"neow_bonus":"THREE_RARE_CARDS","is_daily":false,"chose_seed":false,"campfire_upgraded":6,"win_rate":0.0,"timestamp":1612430896,"path_taken":["M","?","$","M","M","R","E","R","T","M","R","?","?","E","R","BOSS","M","M","?","?","?","R","E","R","T","R","?","R","E"],"items_purchased_type":[],"build_version":"2020-12-22","purchased_purges":1,"victory":false,"max_hp_per_floor":[75,68,68,68,68,68,68,68,68,68,68,68,68,68,68,68,68,68,68,68,68,68,68,68,68,68,68,68,68,68,68],"relic_stats":{"counters":[13,51],"Golden Idol":64,"Snecko Eye":[39,20,23,31],"MealTicket":15,"MawBank":252,"obtain_stats":[{"Potion Belt":26,"Matryoshka":7,"Golden Idol":2,"Snecko Eye":17,"Oddly Smooth Stone":26,"MealTicket":9,"WingedGreaves":24,"MawBank":9,"Burning Blood":0,"Toy Ornithopter":14,"WarpedTongs":22},{"Potion Belt":11,"Matryoshka":4,"Golden Idol":1,"Snecko Eye":8,"Oddly Smooth Stone":11,"MealTicket":4,"WingedGreaves":11,"MawBank":4,"Burning Blood":0,"Toy Ornithopter":7,"WarpedTongs":10},{"Potion Belt":46,"Matryoshka":16,"Golden Idol":2,"Snecko Eye":34,"Oddly Smooth Stone":46,"MealTicket":16,"WingedGreaves":46,"MawBank":16,"Burning Blood":0,"Toy Ornithopter":23,"WarpedTongs":40}],"Burning Blood":71,"Toy Ornithopter":10,"WarpedTongs":[11]},"card_choices":[{"not_picked":["Demon Form","Double Tap"],"picked":"Bludgeon","floor":0},{"not_picked":["Anger","Warcry"],"picked":"Havoc","floor":1},{"not_picked":["Pommel Strike","True Grit"],"picked":"Headbutt","floor":4},{"not_picked":["Feel No Pain","Burning Pact","Perfected Strike"],"picked":"SKIP","floor":5},{"not_picked":["Feel No Pain","Ghostly Armor"],"picked":"Bloodletting","floor":7},{"not_picked":["Second Wind","Metallicize","Havoc"],"picked":"SKIP","floor":10},{"not_picked":["Burning Pact","Pommel Strike"],"picked":"Shrug It Off","floor":13},{"not_picked":["True Grit","Metallicize"],"picked":"Shrug It Off","floor":14},{"not_picked":["Juggernaut","Brutality"],"picked":"Offering","floor":16},{"not_picked":["Twin Strike","Havoc"],"picked":"Whirlwind+1","floor":18},{"not_picked":["Metallicize","Twin Strike"],"picked":"Power Through","floor":19},{"not_picked":["Searing Blow","Pummel"],"picked":"Disarm","floor":24},{"not_picked":["Cleave","Sword Boomerang"],"picked":"Battle Trance","floor":28}],"player_experience":882311,"relics_obtained":[{"floor":7,"key":"Matryoshka"},{"floor":9,"key":"MawBank"},{"floor":9,"key":"MealTicket"},{"floor":14,"key":"Toy Ornithopter"},{"floor":24,"key":"WingedGreaves"},{"floor":26,"key":"Potion Belt"},{"floor":26,"key":"Oddly Smooth Stone"}],"event_choices":[{"damage_healed":0,"gold_gain":0,"player_choice":"Lose Max HP","damage_taken":0,"relics_obtained":["Golden Idol"],"max_hp_gain":0,"max_hp_loss":7,"event_name":"Golden Idol","floor":2,"gold_loss":0},{"damage_healed":0,"gold_gain":0,"player_choice":"Ignored","damage_taken":0,"max_hp_gain":0,"max_hp_loss":0,"event_name":"Ghosts","floor":20,"gold_loss":0},{"cards_removed":["Strike_R"],"damage_healed":0,"gold_gain":0,"player_choice":"Gave Gold","damage_taken":0,"max_hp_gain":0,"max_hp_loss":0,"event_name":"Beggar","floor":21,"gold_loss":75},{"damage_healed":0,"gold_gain":0,"player_choice":"Rummage","damage_taken":0,"relics_obtained":["WarpedTongs"],"max_hp_gain":0,"max_hp_loss":0,"event_name":"Accursed Blacksmith","floor":22,"gold_loss":0,"cards_obtained":["Pain"]}],"is_beta":false,"boss_relics":[{"not_picked":["Tiny House","Philosopher\u0027s Stone"],"picked":"Snecko Eye"}],"items_purged_floors":[3],"is_endless":false,"potions_floor_spawned":[5,7,10,13,14,18,19,28],"killed_by":"Book of Stabbing","ascension_level":20}}