{"host":"684z1xpuwaoqmmh1","time":1612446231,"event":{"mods":["A Magickal Journey","BaseMod","Dio Mod","Downfall","Hermit","Jorbs\u0027s Wanderer Trilogy","Marisa????????","Minty Spire (QoL Compilation)","Robot Space Explorer","Shade Mod","StSLib","The Dragon Tamer","The Elementalist","The Hayseed","The Hierophant","The Marked","The Mystic","The Runesmith","The Saiyan","The Vixen","TheBandit","TheFirefly"],"gold_per_floor":[88,104,116,116,141,141,185,185,237,278,294,309,349,197,197,327,327,342,342,320,620,333,364,364,395,395,395,430,443,462,462,462,567,567,578,578,578,32,44,69,69,103,128,178,220,220,220,248,248,248,248],"floor_reached":50,"language":"ENG","playtime":4160,"items_purged":["Saiyan:SAIYA_Strike","Writhe"],"score":832,"play_id":"5103d472-33d6-4e1f-8da4-d3a563cea33e","local_time":"20210204154351","is_ascension_mode":true,"campfire_choices":[{"data":"Saiyan:SuperSaiyanForm","floor":6.0,"key":"SMITH"},{"floor":8.0,"key":"REST"},{"floor":15,"key":"REST"},{"data":"Saiyan:PlotArmor","floor":24,"key":"SMITH"},{"floor":27,"key":"REST"},{"data":"Saiyan:ExtremeSpeed","floor":32,"key":"SMITH"},{"floor":41,"key":"RECALL"},{"floor":46,"key":"REST"},{"data":"Saiyan:Rekindle","floor":49,"key":"SMITH"}],"circlet_count":0,"master_deck":["Saiyan:SAIYA_Strike+1","Saiyan:SAIYA_Defend","Saiyan:SAIYA_Defend","Saiyan:SAIYA_Defend","Saiyan:EnergyBlast","Saiyan:KaioKen+1","Saiyan:RuthlessBlow","Saiyan:KameHameHa","Saiyan:ExtremeSpeed+1","Saiyan:SuperSaiyanForm+1","Saiyan:TurtleShell","Saiyan:FinalFlash","Saiyan:ExpandingShockwave","Saiyan:PowerUp","Saiyan:PlotArmor","Saiyan:PowerStance","Saiyan:GenkiDama+1","Saiyan:PlotArmor+1","Saiyan:RemoveWeights+1","Saiyan:DrainingStrike","Saiyan:Afterimage+1","Saiyan:WarmUp","Saiyan:FinalFlash+1","Saiyan:Rekindle+1","Saiyan:TransfigurationBeam+1","Saiyan:Scouter+1","Saiyan:Reset+1","Saiyan:Flurry","Saiyan:SoulSpice+1","Saiyan:Teleport+1","Saiyan:Planning","Parasite","Saiyan:PowerUp"],"relics":["SaiyanSoul","SaiyanHeart","Bloody Idol","Letter Opener","Bronze Scales","Tiny Chest","Ginger","SlaversCollar","Old Coin","bronze:DonusWashers","Whetstone","Mango","War Paint","bronze:BronzeIdol","Astrolabe","White Beast Statue","Thread and Needle","hexamod:CandleOfCauterizing","Darkstone Periapt","CeramicFish","Pen Nib","champ:DuelingGlove"],"acts_visited":["Exordium","TheCity","TheBeyond"],"potions_floor_usage":[13,20,23,28,33,39,40,40,42,45,48],"damage_taken":[{"damage":6.0,"enemies":"2 Louse","floor":1.0,"turns":4.0},{"damage":0.0,"enemies":"Jaw Worm","floor":2.0,"turns":3.0},{"damage":0.0,"enemies":"Cultist","floor":3.0,"turns":4.0},{"damage":7.0,"enemies":"Gremlin Gang","floor":5.0,"turns":5.0},{"damage":38.0,"enemies":"Gremlin Nob","floor":7.0,"turns":5.0},{"damage":13.0,"enemies":"Lagavulin","floor":10.0,"turns":9.0},{"damage":0.0,"enemies":"Exordium Thugs","floor":11.0,"turns":4.0},{"damage":4.0,"enemies":"Looter","floor":12.0,"turns":4.0},{"damage":21,"enemies":"Gremlin Nob","floor":13,"turns":5},{"damage":6,"enemies":"Hexaghost","floor":16,"turns":13},{"damage":6,"enemies":"Shell Parasite","floor":18,"turns":9},{"damage":9,"enemies":"2 Thieves","floor":20,"turns":5},{"damage":18,"enemies":"Book of Stabbing","floor":23,"turns":6},{"damage":30,"enemies":"Gremlin Leader","floor":25,"turns":7},{"damage":5,"enemies":"Book of Stabbing","floor":28,"turns":6},{"damage":16,"enemies":"Shelled Parasite and Fungi","floor":29,"turns":5},{"damage":10,"enemies":"Snake Plant","floor":30,"turns":4},{"damage":30,"enemies":"Collector","floor":33,"turns":9},{"damage":0,"enemies":"3 Shapes","floor":35,"turns":3},{"damage":0,"enemies":"Orb Walker","floor":39,"turns":3},{"damage":26,"enemies":"Nemesis","floor":40,"turns":9},{"damage":24,"enemies":"Reptomancer","floor":42,"turns":6},{"damage":67,"enemies":"Giant Head","floor":45,"turns":9},{"damage":4,"enemies":"Writhing Mass","floor":48,"turns":6},{"damage":79,"enemies":"Donu and Deca","floor":50,"turns":7}],"seed_played":"-7192444058107641526","potions_obtained":[{"floor":2.0,"key":"AttackPotion"},{"floor":5.0,"key":"LiquidMemories"},{"floor":7.0,"key":"SkillPotion"},{"floor":11.0,"key":"Explosive Potion"},{"floor":12.0,"key":"Slimebound:ThreeZeroPotion"},{"floor":25,"key":"Weak Potion"},{"floor":28,"key":"EssenceOfSteel"},{"floor":29,"key":"sneckomod:MuddlingPotion"},{"floor":33,"key":"sneckomod:MuddlingPotion"},{"floor":35,"key":"ColorlessPotion"},{"floor":39,"key":"DistilledChaos"},{"floor":40,"key":"GamblersBrew"},{"floor":42,"key":"bronze:BurnAndBuffPotion"},{"floor":45,"key":"GamblersBrew"},{"floor":48,"key":"champ:CounterPotion"}],"is_trial":false,"path_per_floor":["M","M","M","?","M","R","E","R","T","E","M","M","E","$","R","B",null,"M","?","M","?","$","E","R","E","T","R","E","M","M","?","R","B",null,"M","T","?","$","M","E","R","E","T","?","E","R","T","M","R","B"],"character_chosen":"SAIYAJIN","items_purchased":["Saiyan:PowerStance","bronze:DonusWashers","Saiyan:DrainingStrike","Thread and Needle","hexamod:CandleOfCauterizing"],"campfire_rested":4,"item_purchase_floors":[14,22,22,38,38],"current_hp_per_floor":[50,51,52,52,46,46,9,30,30,33,36,32,12,12,35,30,78,72,72,64,64,64,46,46,31,31,59,55,42,34,34,34,9,100,101,101,101,101,102,82,82,68,73,78,22,53,53,71,71,0,0],"gold":248,"neow_bonus":"TWENTY_PERCENT_HP_BONUS","is_daily":false,"chose_seed":false,"campfire_upgraded":4,"win_rate":0.0,"timestamp":1612446231,"path_taken":["M","M","M","?","M","R","E","R","T","E","M","M","E","$","R","BOSS","M","?","M","?","$","E","R","E","T","R","E","M","M","?","R","BOSS","M","?","?","?","M","E","R","E","T","?","E","R","?","?","R","BOSS"],"items_purchased_type":["Card","Relic","Card","Relic","Relic"],"build_version":"2020-12-22","purchased_purges":2,"victory":false,"max_hp_per_floor":[74,75,76,70,71,71,72,72,72,73,76,76,77,77,77,78,78,78,78,79,79,79,79,79,94,94,94,95,98,100,100,100,100,100,101,101,101,101,102,103,103,103,103,103,104,104,104,111,111,112,112],"card_choices":[{"not_picked":["Saiyan:TurtleShell","Saiyan:ExpandingShockwave"],"picked":"Saiyan:KameHameHa","floor":1.0},{"not_picked":["Saiyan:Planning","Saiyan:DoubleMasenko"],"picked":"Saiyan:ExtremeSpeed","floor":2.0},{"not_picked":["Saiyan:HyperTimeChamber","Saiyan:KiExplosion"],"picked":"Saiyan:SuperSaiyanForm","floor":3.0},{"not_picked":["Saiyan:CCCapsule","Saiyan:Planning"],"picked":"Saiyan:TurtleShell","floor":5.0},{"not_picked":["Saiyan:SaiyanHubris","Saiyan:PlotArmor"],"picked":"Saiyan:FinalFlash","floor":7.0},{"not_picked":["Saiyan:BigBangAttack","Saiyan:ExpandingShockwave","Saiyan:Makankosappo"],"picked":"SKIP","floor":10.0},{"not_picked":["Saiyan:BigBangAttack","Saiyan:Makankosappo"],"picked":"Saiyan:ExpandingShockwave","floor":10.0},{"not_picked":["Saiyan:Planning","Saiyan:TurtleShell","Saiyan:Honing"],"picked":"SKIP","floor":11.0},{"not_picked":["Saiyan:AugmentedBlast","Saiyan:Flurry"],"picked":"Saiyan:PowerUp","floor":12.0},{"not_picked":["Saiyan:FingerParry","Saiyan:UltraInstinct"],"picked":"Saiyan:PlotArmor","floor":13},{"not_picked":["Saiyan:TheBomb","Saiyan:SenzuBean"],"picked":"Saiyan:GenkiDama","floor":16},{"not_picked":["Saiyan:PowerPole","Saiyan:LastResort"],"picked":"Saiyan:PlotArmor","floor":18},{"not_picked":["Saiyan:Planning","Saiyan:BigBangAttack+1"],"picked":"Saiyan:RemoveWeights","floor":20},{"not_picked":["Saiyan:DragonRadar+1","Saiyan:MeteorDash"],"picked":"Saiyan:Afterimage+1","floor":23},{"not_picked":["Saiyan:BigBangAttack","Saiyan:MeteorDash"],"picked":"Saiyan:WarmUp","floor":25},{"not_picked":["Saiyan:FingerParry+1","Saiyan:SaiyanHubris","Saiyan:Planning"],"picked":"SKIP","floor":28},{"not_picked":["Saiyan:PowerUp","Saiyan:Planning+1","Saiyan:RemoveWeights+1"],"picked":"SKIP","floor":29},{"not_picked":["Saiyan:RemoveWeights","Saiyan:Kienzan"],"picked":"Saiyan:FinalFlash+1","floor":30},{"not_picked":["Saiyan:TransfigurationBeam","Saiyan:SenzuBean"],"picked":"Saiyan:Rekindle","floor":33},{"not_picked":["Saiyan:Planning+1","Saiyan:PlotArmor+1"],"picked":"Saiyan:Flurry","floor":35},{"not_picked":["Saiyan:Makankosappo","Saiyan:SpiritSword+1"],"picked":"Saiyan:SoulSpice+1","floor":39},{"not_picked":["Saiyan:PowerStance","Saiyan:Twize+1","Saiyan:Honing"],"picked":"SKIP","floor":40},{"not_picked":["Saiyan:Planning","Saiyan:KiExplosion"],"picked":"Saiyan:Teleport+1","floor":42},{"not_picked":["Saiyan:PowerPole+1","Saiyan:DoubleMasenko"],"picked":"Saiyan:Planning","floor":45},{"not_picked":["Saiyan:SaiyanHubris+1","Saiyan:BackAttack+1"],"picked":"Saiyan:PowerUp","floor":48}],"player_experience":3006354,"relics_obtained":[{"floor":7.0,"key":"Letter Opener"},{"floor":9.0,"key":"Bronze Scales"},{"floor":10.0,"key":"Tiny Chest"},{"floor":13,"key":"Ginger"},{"floor":23,"key":"Whetstone"},{"floor":25,"key":"Mango"},{"floor":26,"key":"War Paint"},{"floor":28,"key":"bronze:BronzeIdol"},{"floor":36,"key":"White Beast Statue"},{"floor":40,"key":"Darkstone Periapt"},{"floor":42,"key":"CeramicFish"},{"floor":45,"key":"Pen Nib"},{"floor":47,"key":"champ:DuelingGlove"}],"event_choices":[{"damage_healed":0.0,"max_hp_gain":0.0,"max_hp_loss":6.0,"gold_gain":0.0,"event_name":"Golden Idol","player_choice":"Lose Max HP","floor":4.0,"gold_loss":0.0,"damage_taken":0.0,"relics_obtained":["Golden Idol"]},{"damage_healed":0,"gold_gain":0,"player_choice":"Opened","damage_taken":0,"relics_obtained":["Old Coin"],"max_hp_gain":0,"max_hp_loss":0,"event_name":"The Mausoleum","floor":21,"gold_loss":0,"cards_obtained":["Writhe"]},{"damage_healed":0,"gold_gain":0,"player_choice":"Gave Idol","damage_taken":0,"relics_obtained":["Bloody Idol"],"max_hp_gain":0,"max_hp_loss":0,"event_name":"Forgotten Altar","floor":31,"relics_lost":["Golden Idol"],"gold_loss":0},{"damage_healed":0,"gold_gain":0,"player_choice":"Memory 1","damage_taken":0,"max_hp_gain":0,"max_hp_loss":0,"event_name":"SensoryStone","floor":37,"gold_loss":0}],"is_beta":false,"boss_relics":[{"not_picked":["Tiny House","bronze:MakeshiftBattery"],"picked":"SlaversCollar"},{"not_picked":["SacredBark","Runic Pyramid"],"picked":"Astrolabe"}],"items_purged_floors":[14,22],"is_endless":false,"potions_floor_spawned":[2,5,7,11,12,25,28,29,33,35,39,40,42,45,48],"killed_by":"Donu and Deca","ascension_level":4}}