{"host":"sum4dy402bbv9y4o","time":1612476037,"event":{"mods":["Aspiration","BaseMod","Conspire","Highlight Path","Minty Spire (QoL Compilation)","StSLib"],"gold_per_floor":[119,119,129,143,6,34,48,48,48,48,59,59,78,90,90,165,165,176,195,105,105,105],"floor_reached":21,"language":"ENG","playtime":560,"items_purged":[],"score":366,"play_id":"1b0da7e5-c8cb-4ac2-9a38-c93e55be0d9f","local_time":"20210205010037","is_ascension_mode":true,"campfire_choices":[{"data":"SashWhip","floor":8,"key":"SMITH"},{"data":"Conclude","floor":10,"key":"SMITH"},{"data":"CrushJoints","floor":12,"key":"SMITH"},{"data":"FlurryOfBlows","floor":15,"key":"SMITH"}],"circlet_count":0,"master_deck":["AscendersBane","Strike_P","Strike_P","Strike_P","Defend_P","Defend_P","Defend_P","Defend_P","Eruption+1","Vigilance","SashWhip+1","CrushJoints+1","Evaluate","EmptyFist","Conclude+1","FlurryOfBlows+1","Halt","Consecrate","Halt","Brilliance","EmptyBody","FlurryOfBlows"],"relics":["PureWater","Torii","Bottled Flame","aspiration:IroncladSkillbook","Nunchaku"],"acts_visited":["Exordium","TheCity"],"potions_floor_usage":[18,21],"damage_taken":[{"damage":0,"enemies":"2 Louse","floor":1,"turns":3},{"damage":1,"enemies":"Cultist","floor":3,"turns":4},{"damage":0,"enemies":"Jaw Worm","floor":4,"turns":3},{"damage":8,"enemies":"Gremlin Nob","floor":6,"turns":3},{"damage":0,"enemies":"Exordium Thugs","floor":7,"turns":2},{"damage":0,"enemies":"3 Louse","floor":11,"turns":1},{"damage":0,"enemies":"Lots of Slimes","floor":13,"turns":1},{"damage":1,"enemies":"Exordium Thugs","floor":14,"turns":3},{"damage":9,"enemies":"The Guardian","floor":16,"turns":9},{"damage":10,"enemies":"3 Byrds","floor":18,"turns":5},{"damage":50,"enemies":"Chosen","floor":19,"turns":5},{"damage":12,"enemies":"Snake Plant","floor":21,"turns":3}],"seed_played":"5555863956393294228","potions_obtained":[{"floor":6,"key":"SpeedPotion"},{"floor":7,"key":"SpeedPotion"},{"floor":16,"key":"Ancient Potion"},{"floor":18,"key":"LiquidBronze"},{"floor":19,"key":"Block Potion"}],"is_trial":false,"path_per_floor":["M","?","M","M","$","E","M","R","T","R","M","R","M","M","R","B",null,"M","M","?","M"],"character_chosen":"WATCHER","items_purchased":["EmptyFist","Conclude"],"campfire_rested":0,"item_purchase_floors":[5,5],"current_hp_per_floor":[61,61,60,60,60,52,52,52,52,52,52,52,52,51,51,42,62,56,10,10,0,0],"gold":105,"neow_bonus":"UPGRADE_CARD","is_daily":false,"chose_seed":false,"campfire_upgraded":4,"win_rate":0.0,"timestamp":1612476037,"path_taken":["M","?","M","M","$","E","M","R","T","R","M","R","?","M","R","BOSS","M","M","?","?"],"items_purchased_type":["Card","Card"],"build_version":"2020-12-22","purchased_purges":0,"victory":false,"max_hp_per_floor":[68,68,68,68,68,68,68,68,68,68,68,68,68,68,68,68,68,68,68,68,68,68],"card_choices":[{"not_picked":["Crescendo","ClearTheMind"],"picked":"SashWhip","floor":1},{"not_picked":["LikeWater","CutThroughFate"],"picked":"CrushJoints","floor":3},{"not_picked":["Crescendo","PathToVictory"],"picked":"Evaluate","floor":4},{"not_picked":["MasterReality","FlyingSleeves"],"picked":"FlurryOfBlows","floor":6},{"not_picked":["Crescendo","CutThroughFate"],"picked":"Halt","floor":7},{"not_picked":["EmptyMind","ClearTheMind"],"picked":"Consecrate","floor":11},{"not_picked":["InnerPeace","ReachHeaven","Crescendo"],"picked":"SKIP","floor":13},{"not_picked":["Evaluate","EmptyBody"],"picked":"Halt","floor":14},{"not_picked":["Omniscience","Scrawl"],"picked":"Brilliance","floor":16},{"not_picked":["SashWhip","Evolve","Indignation+1"],"picked":"EmptyBody","floor":18},{"not_picked":["Evaluate","Battle Trance","Uppercut"],"picked":"FlurryOfBlows","floor":19}],"player_experience":3046031,"relics_obtained":[{"floor":6,"key":"Torii"},{"floor":9,"key":"Bottled Flame"}],"event_choices":[{"cards_removed":["Strike_P"],"damage_healed":0,"gold_gain":0,"player_choice":"Purged","damage_taken":0,"max_hp_gain":0,"max_hp_loss":0,"event_name":"Purifier","floor":2,"gold_loss":0},{"damage_healed":0,"gold_gain":0,"player_choice":"Paid Gold","damage_taken":0,"relics_obtained":["Nunchaku"],"max_hp_gain":0,"max_hp_loss":0,"event_name":"WeMeetAgain","floor":20,"gold_loss":90}],"is_beta":false,"boss_relics":[{"not_picked":["Fusion Hammer","Philosopher\u0027s Stone"],"picked":"aspiration:IroncladSkillbook"}],"items_purged_floors":[],"is_endless":false,"potions_floor_spawned":[6,7,16,18,19],"killed_by":"Snake Plant","ascension_level":20}}