{"host":"aapp7ew3jk5k1bvd","time":1612445279,"event":{"mods":["AchievementEnabler","BaseMod","Colored Map","Minty Spire (QoL Compilation)","Permanent Neow","StSLib","SuperFastMode"],"gold_per_floor":[217,235,235,245,256,256,285,285,285,299,299,299,328,343,343,422,422,441,431,179,179,179,179,179],"floor_reached":23,"language":"KOR","playtime":626,"items_purged":["Strike_B"],"score":352,"play_id":"deb49afa-78fb-4069-a2a2-cd953c33f5e9","local_time":"20210204222759","is_ascension_mode":true,"campfire_choices":[{"floor":6,"key":"REST"},{"floor":12,"key":"REST"},{"floor":15,"key":"REST"}],"circlet_count":0,"master_deck":["AscendersBane","Defend_B","Defend_B","Defend_B","Zap","Dualcast","Cold Snap","Glacier","Darkness+1","Doom and Gloom","Redo","Multi-Cast","Redo","Heatsinks","Go for the Eyes"],"relics":["Cracked Core","Bronze Scales","Ancient Tea Set","Symbiotic Virus","Lee\u0027s Waffle"],"acts_visited":["Exordium","TheCity"],"potions_floor_usage":[5,5,19],"damage_taken":[{"damage":2,"enemies":"Jaw Worm","floor":1,"turns":3},{"damage":6,"enemies":"2 Louse","floor":2,"turns":2},{"damage":5,"enemies":"Small Slimes","floor":4,"turns":3},{"damage":1,"enemies":"Gremlin Gang","floor":5,"turns":8},{"damage":18,"enemies":"Lagavulin","floor":7,"turns":11},{"damage":18,"enemies":"Exordium Thugs","floor":10,"turns":5},{"damage":9,"enemies":"Gremlin Nob","floor":13,"turns":3},{"damage":0,"enemies":"2 Fungi Beasts","floor":14,"turns":3},{"damage":51,"enemies":"Slime Boss","floor":16,"turns":12},{"damage":5,"enemies":"Spheric Guardian","floor":18,"turns":3},{"damage":17,"enemies":"2 Thieves","floor":19,"turns":4},{"damage":0,"enemies":"Slavers","floor":23,"turns":1}],"seed_played":"4054277030128576559","potions_obtained":[{"floor":2,"key":"ColorlessPotion"},{"floor":4,"key":"ColorlessPotion"},{"floor":10,"key":"BlessingOfTheForge"},{"floor":13,"key":"Weak Potion"}],"is_trial":false,"path_per_floor":["M","M","?","M","M","R","E","?","T","M","?","R","E","M","R","B",null,"M","M","$","?","?","E"],"character_chosen":"DEFECT","items_purchased":["Lee\u0027s Waffle","Redo"],"campfire_rested":3,"item_purchase_floors":[20,20],"current_hp_per_floor":[62,56,49,44,43,64,46,46,46,28,28,49,40,40,61,10,56,51,34,78,78,78,78,78],"gold":179,"neow_bonus":"HUNDRED_GOLD","is_daily":false,"chose_seed":false,"campfire_upgraded":0,"win_rate":0.0,"timestamp":1612445279,"path_taken":["M","M","?","M","M","R","E","?","T","M","?","R","E","?","R","BOSS","M","M","$","?","?","E"],"items_purchased_type":["Relic","Card"],"build_version":"2020-12-22","purchased_purges":1,"victory":false,"max_hp_per_floor":[71,71,71,71,71,71,71,71,71,71,71,71,71,71,71,71,71,71,71,78,78,78,78,78],"card_choices":[{"not_picked":["Coolheaded","Auto Shields"],"picked":"Cold Snap","floor":1},{"not_picked":["Beam Cell","Stack","Steam Power"],"picked":"SKIP","floor":2},{"not_picked":["Steam","Static Discharge"],"picked":"Glacier","floor":4},{"not_picked":["Redo","Go for the Eyes"],"picked":"Darkness","floor":5},{"not_picked":["Scrape","Undo"],"picked":"Doom and Gloom","floor":7},{"not_picked":["Aggregate","Reinforced Body"],"picked":"Redo","floor":10},{"not_picked":["Sunder","Heatsinks","Barrage"],"picked":"SKIP","floor":13},{"not_picked":["Barrage","Force Field","Auto Shields"],"picked":"SKIP","floor":14},{"not_picked":["All For One","Machine Learning"],"picked":"Multi-Cast","floor":16},{"not_picked":["Stack","Leap","FTL"],"picked":"SKIP","floor":18},{"not_picked":["Turbo","Steam","Go for the Eyes"],"picked":"SKIP","floor":19}],"player_experience":1314794,"relics_obtained":[{"floor":7,"key":"Bronze Scales"},{"floor":9,"key":"Ancient Tea Set"},{"floor":13,"key":"Symbiotic Virus"}],"event_choices":[{"cards_removed":["Strike_B"],"damage_healed":0,"gold_gain":0,"player_choice":"Card Removal","damage_taken":7,"max_hp_gain":0,"max_hp_loss":0,"event_name":"Golden Wing","floor":3,"gold_loss":0},{"damage_healed":0,"gold_gain":0,"player_choice":"Grow","damage_taken":0,"max_hp_gain":0,"max_hp_loss":0,"event_name":"Living Wall","floor":8,"gold_loss":0,"cards_upgraded":["Darkness"]},{"cards_removed":["Strike_B"],"damage_healed":0,"gold_gain":0,"player_choice":"Purged","damage_taken":0,"max_hp_gain":0,"max_hp_loss":0,"event_name":"Purifier","floor":11,"gold_loss":0},{"damage_healed":0,"gold_gain":0,"player_choice":"Ignored","damage_taken":0,"max_hp_gain":0,"max_hp_loss":0,"event_name":"The Mausoleum","floor":21,"gold_loss":0},{"damage_healed":0,"gold_gain":0,"cards_transformed":["Strike_B","Defend_B"],"player_choice":"Became Test Subject","damage_taken":0,"max_hp_gain":0,"max_hp_loss":0,"event_name":"Drug Dealer","floor":22,"gold_loss":0,"cards_obtained":["Heatsinks","Go for the Eyes"]}],"is_beta":false,"boss_relics":[{"not_picked":["Runic Dome","Busted Crown","Coffee Dripper"]}],"items_purged_floors":[20],"is_endless":false,"potions_floor_spawned":[2,4,10,13],"killed_by":"Slavers","ascension_level":15}}