{"host":"msmkw03x1o7nq45i","time":1612430247,"event":{"mods":["AchievementEnabler","BaseMod","Bestiary","Colored Powertips","GifTheSpireLib","Highlight Path","Minty Spire (QoL Compilation)","Random Character Button","StSLib","everything is the same but u backflip on backflip"],"gold_per_floor":[112,37,37,37,57,57,68,94,163,238,251,251,281,301,301,376,376,396,396,416,302,302,302,317,348,374,1,21,21,40,68,68,142,142,162,162,216,230,240,275,294,306,306,306,333,347,380,297,297,297,297,297,0,27,27,27],"floor_reached":55,"language":"ENG","playtime":4220,"items_purged":["Defend_P","Defend_P"],"score":1612,"play_id":"99d834ae-0280-4d63-86f5-090fbdffa640","local_time":"20210204111727","is_ascension_mode":true,"campfire_choices":[{"data":"Conclude","floor":6,"key":"SMITH"},{"data":"CrushJoints","floor":12,"key":"SMITH"},{"data":"Prostrate","floor":15,"key":"SMITH"},{"data":"LessonLearned","floor":23,"key":"SMITH"},{"data":"Fasting2","floor":32,"key":"SMITH"},{"floor":44,"key":"REST"},{"floor":49,"key":"RECALL"},{"data":"Prostrate","floor":52,"key":"SMITH"}],"circlet_count":0,"master_deck":["AscendersBane","Strike_P+1","Defend_P+1","Eruption+1","Vigilance+1","Conclude+1","JustLucky+1","CrushJoints+1","Prostrate+1","Worship+1","Omniscience","ThirdEye+1","LessonLearned+1","Tantrum+1","Adaptation+1","ClearTheMind+1","FlurryOfBlows","Omniscience+1","Worship+1","Fasting2+1","Wallop+1","Vault","Adaptation","SashWhip+1","Meditate+1","Tantrum+1","EmptyBody+1","Prostrate+1","Dark Shackles","Alpha","Indignation"],"relics":["PureWater","NeowsBlessing","Strawberry","Pocketwatch","Pear","Regal Pillow","Cursed Key","Omamori","Toy Ornithopter","DollysMirror","TeardropLocket","SacredBark","Peace Pipe","Mummified Hand","Eternal Feather","GoldenEye","ClockworkSouvenir","Bottled Tornado"],"acts_visited":["Exordium","TheCity","TheBeyond","TheEnding"],"potions_floor_usage":[13,16,16,16,20,24,31,31,33,40,45,46,46,50,54,54],"damage_taken":[{"damage":0,"enemies":"2 Louse","floor":1,"turns":2},{"damage":0,"enemies":"Jaw Worm","floor":5,"turns":1},{"damage":0,"enemies":"Small Slimes","floor":7,"turns":1},{"damage":0,"enemies":"3 Sentries","floor":8,"turns":2},{"damage":1,"enemies":"Looter","floor":11,"turns":2},{"damage":0,"enemies":"Lagavulin","floor":13,"turns":4},{"damage":5,"enemies":"Red Slaver","floor":14,"turns":3},{"damage":20,"enemies":"Slime Boss","floor":16,"turns":5},{"damage":5,"enemies":"Chosen","floor":18,"turns":3},{"damage":0,"enemies":"3 Byrds","floor":20,"turns":3},{"damage":27,"enemies":"Shelled Parasite and Fungi","floor":24,"turns":4},{"damage":7,"enemies":"Book of Stabbing","floor":25,"turns":3},{"damage":5,"enemies":"Cultist and Chosen","floor":28,"turns":3},{"damage":1,"enemies":"Sentry and Sphere","floor":30,"turns":3},{"damage":0,"enemies":"Slavers","floor":31,"turns":2},{"damage":18,"enemies":"Champ","floor":33,"turns":5},{"damage":3,"enemies":"3 Darklings","floor":35,"turns":3},{"damage":33,"enemies":"2 Orb Walkers","floor":37,"turns":4},{"damage":7,"enemies":"3 Shapes","floor":38,"turns":4},{"damage":5,"enemies":"Spire Growth","floor":39,"turns":3},{"damage":0,"enemies":"Nemesis","floor":40,"turns":4},{"damage":0,"enemies":"Sphere and 2 Shapes","floor":41,"turns":4},{"damage":0,"enemies":"Transient","floor":42,"turns":6},{"damage":0,"enemies":"Giant Head","floor":45,"turns":5},{"damage":24,"enemies":"Jaw Worm Horde","floor":46,"turns":4},{"damage":8,"enemies":"Nemesis","floor":47,"turns":3},{"damage":33,"enemies":"Time Eater","floor":50,"turns":9},{"damage":0,"enemies":"Shield and Spear","floor":54,"turns":4},{"damage":111,"enemies":"The Heart","floor":55,"turns":5}],"seed_played":"2985195972256985222","potions_obtained":[{"floor":7,"key":"DistilledChaos"},{"floor":8,"key":"EntropicBrew"},{"floor":20,"key":"SpeedPotion"},{"floor":25,"key":"BlessingOfTheForge"},{"floor":31,"key":"PowerPotion"},{"floor":37,"key":"AttackPotion"},{"floor":38,"key":"DuplicationPotion"},{"floor":39,"key":"EntropicBrew"},{"floor":42,"key":"EssenceOfSteel"},{"floor":46,"key":"Weak Potion"}],"is_trial":false,"path_per_floor":["M","?","?","?","M","R","M","E","T","?","M","R","E","M","R","B",null,"M","?","M","$","?","R","M","E","T","$","M","?","M","E","R","B",null,"M","?","?","M","M","E","M","M","T","R","E","M","E","$","R","B",null,"R","$","E","B"],"character_chosen":"WATCHER","items_purchased":["Adaptation","DollysMirror","Worship","Swift Potion","Dark Shackles","ClockworkSouvenir","Alpha","DistilledChaos"],"campfire_rested":1,"item_purchase_floors":[21,27,27,27,48,53,53,53],"current_hp_per_floor":[61,61,63,68,68,68,68,68,78,67,66,66,66,61,61,41,78,73,73,78,78,78,78,51,44,44,44,39,39,38,48,48,35,76,73,73,40,33,28,33,33,33,33,75,80,66,58,58,73,45,79,90,90,90,0,0],"gold":27,"neow_bonus":"THREE_ENEMY_KILL","is_daily":false,"chose_seed":false,"campfire_upgraded":6,"win_rate":0.0,"timestamp":1612430247,"path_taken":["M","?","?","?","M","R","?","E","T","?","M","R","E","M","R","BOSS","M","?","?","$","?","R","?","E","T","$","M","?","M","E","R","BOSS","M","?","?","M","M","E","M","M","T","R","E","M","E","$","R","BOSS","R","$","E","BOSS"],"items_purchased_type":["Card","Relic","Card","Potion","Card","Relic","Card","Potion"],"build_version":"2020-12-22","purchased_purges":2,"victory":false,"max_hp_per_floor":[68,68,75,80,80,80,80,80,90,90,90,90,90,90,90,90,90,90,90,90,90,90,90,90,90,90,90,90,90,90,90,90,90,90,90,90,90,90,90,90,90,90,90,90,90,90,90,90,90,90,90,90,90,90,90,90],"card_choices":[{"not_picked":["EmptyBody","FlyingSleeves"],"picked":"Conclude","floor":1},{"not_picked":["Evaluate","Halt"],"picked":"JustLucky","floor":5},{"not_picked":["ClearTheMind","Fasting2"],"picked":"CrushJoints","floor":7},{"not_picked":["EmptyMind","ThirdEye"],"picked":"Prostrate","floor":8},{"not_picked":["BattleHymn","ClearTheMind"],"picked":"Worship","floor":11},{"not_picked":["Evaluate","EmptyBody"],"picked":"Omniscience","floor":13},{"not_picked":["Evaluate","ThirdEye","Crescendo"],"picked":"SKIP","floor":14},{"not_picked":["Evaluate","Crescendo"],"picked":"ThirdEye","floor":14},{"not_picked":["Ragnarok","Establishment"],"picked":"LessonLearned","floor":16},{"not_picked":["WindmillStrike","CutThroughFate"],"picked":"Tantrum","floor":18},{"not_picked":["ClearTheMind","PathToVictory","LikeWater"],"picked":"SKIP","floor":20},{"not_picked":["CrushJoints+1","ThirdEye"],"picked":"ClearTheMind+1","floor":24},{"not_picked":["Protect","FlyingSleeves"],"picked":"FlurryOfBlows","floor":25},{"not_picked":["Crescendo","Weave"],"picked":"Fasting2","floor":28},{"not_picked":["Tantrum","Collect"],"picked":"EmptyFist","floor":30},{"not_picked":["Vault","FlyingSleeves"],"picked":"Wallop+1","floor":31},{"not_picked":["Ragnarok","Brilliance"],"picked":"Vault","floor":33},{"not_picked":["CrushJoints","FollowUp","PathToVictory+1"],"picked":"SKIP","floor":35},{"not_picked":["Worship","FlyingSleeves"],"picked":"Adaptation","floor":37},{"not_picked":["Halt","CrushJoints+1"],"picked":"SashWhip+1","floor":38},{"not_picked":["ClearTheMind","Blasphemy"],"picked":"Meditate+1","floor":39},{"not_picked":["Crescendo","ReachHeaven","ClearTheMind"],"picked":"SKIP","floor":40},{"not_picked":["SashWhip+1","Conclude"],"picked":"Tantrum","floor":41},{"not_picked":["Evaluate","JustLucky+1"],"picked":"EmptyBody+1","floor":42},{"not_picked":["ThirdEye","Tantrum+1"],"picked":"Prostrate","floor":45},{"not_picked":["Evaluate","BowlingBash+1","ClearTheMind"],"picked":"SKIP","floor":46},{"not_picked":["Weave","Perseverance+1","Tantrum"],"picked":"SKIP","floor":47},{"not_picked":["SashWhip","CarveReality"],"picked":"Indignation","floor":54}],"player_experience":465918,"relics_obtained":[{"floor":8,"key":"Pocketwatch"},{"floor":9,"key":"Pear"},{"floor":13,"key":"Regal Pillow"},{"floor":25,"key":"Omamori"},{"floor":26,"key":"Toy Ornithopter"},{"floor":31,"key":"TeardropLocket"},{"floor":37,"key":"Peace Pipe"},{"floor":40,"key":"Mummified Hand"},{"floor":45,"key":"Eternal Feather"},{"floor":47,"key":"GoldenEye"},{"floor":54,"key":"Bottled Tornado"}],"event_choices":[{"cards_removed":["Defend_P"],"damage_healed":0,"gold_gain":0,"player_choice":"Card Removal","damage_taken":0,"max_hp_gain":0,"max_hp_loss":0,"event_name":"The Cleric","floor":2,"gold_loss":75},{"damage_healed":0,"gold_gain":0,"player_choice":"Success","damage_taken":5,"relics_obtained":["Strawberry"],"max_hp_gain":0,"max_hp_loss":0,"event_name":"Scrap Ooze","floor":3,"gold_loss":0},{"damage_healed":0,"gold_gain":0,"player_choice":"Donut","damage_taken":0,"max_hp_gain":5,"max_hp_loss":0,"event_name":"Big Fish","floor":4,"gold_loss":0},{"damage_healed":0,"gold_gain":75,"player_choice":"Gather Gold","damage_taken":11,"max_hp_gain":0,"max_hp_loss":0,"event_name":"World of Goop","floor":10,"gold_loss":0},{"cards_removed":["Strike_P"],"damage_healed":0,"gold_gain":0,"player_choice":"Purged","damage_taken":0,"max_hp_gain":0,"max_hp_loss":0,"event_name":"Purifier","floor":19,"gold_loss":0},{"cards_removed":["Strike_P"],"damage_healed":0,"gold_gain":0,"player_choice":"Offered Basic","damage_taken":0,"max_hp_gain":0,"max_hp_loss":0,"event_name":"Bonfire Elementals","floor":22,"gold_loss":0},{"cards_removed":["Strike_P"],"damage_healed":0,"gold_gain":0,"player_choice":"Elegance","damage_taken":0,"max_hp_gain":0,"max_hp_loss":0,"event_name":"Back to Basics","floor":29,"gold_loss":0},{"cards_removed":["EmptyFist"],"damage_healed":0,"gold_gain":0,"player_choice":"Removed Attack","damage_taken":0,"max_hp_gain":0,"max_hp_loss":0,"event_name":"Falling","floor":36,"gold_loss":0},{"damage_healed":0,"gold_gain":0,"player_choice":"Fight","damage_taken":0,"max_hp_gain":0,"max_hp_loss":0,"event_name":"Mysterious Sphere","floor":37,"gold_loss":0}],"is_beta":false,"boss_relics":[{"not_picked":["VioletLotus","Busted Crown"],"picked":"Cursed Key"},{"not_picked":["Philosopher\u0027s Stone","Runic Dome"],"picked":"SacredBark"}],"items_purged_floors":[21,27],"is_endless":false,"potions_floor_spawned":[7,8,18,20,25,30,31,37,38,39,42,46],"killed_by":"The Heart","ascension_level":15}}