{"host":"dxldt284mdio0lzg","time":1612407162,"event":{"mods":["AchievementEnabler","BaseMod","Colored Map","Colored Powertips","DeckTracker","Minty Spire (QoL Compilation)","SuperFastMode"],"gold_per_floor":[116,126,126,146,59,59,84,84,84,102,115,133,133,150,150,255,255,268,268,26,26,25,25,42,42,65,65,95,95,115,135,135,239,239,254,267,79,92,18,18,18,18,73,73,6,25,44,44,44,44,44],"floor_reached":50,"language":"ENG","playtime":1814,"items_purged":[],"score":538,"play_id":"d533cd53-3b35-4bab-b6bb-cad1ca40b5f8","local_time":"20210204035242","is_ascension_mode":true,"campfire_choices":[{"data":"Backstab","floor":6,"key":"SMITH"},{"floor":8,"key":"REST"},{"floor":13,"key":"REST"},{"floor":15,"key":"REST"},{"data":"Catalyst","floor":23,"key":"SMITH"},{"floor":25,"key":"REST"},{"data":"Crippling Poison","floor":27,"key":"SMITH"},{"floor":29,"key":"REST"},{"floor":32,"key":"REST"},{"floor":40,"key":"REST"},{"floor":42,"key":"REST"},{"data":"Adrenaline","floor":44,"key":"SMITH"},{"floor":49,"key":"REST"}],"circlet_count":0,"master_deck":["Strike_G","Strike_G","Strike_G+1","Strike_G","Strike_G","Defend_G","Defend_G","Defend_G+1","Defend_G+1","Survivor","Neutralize","Poisoned Stab","Catalyst+1","Outmaneuver","Outmaneuver","Backstab+1","Blade Dance","Noxious Fumes","Crippling Poison+1","Blade Dance","Malaise","Catalyst+1","Reflex+1","Bouncing Flask","Poisoned Stab+1","Adrenaline+1","Leg Sweep","Tactician","Madness","Madness","Calculated Gamble","Terror"],"relics":["Ring of the Serpent","NeowsBlessing","Oddly Smooth Stone","Singing Bowl","Pantograph","War Paint","Peace Pipe","Busted Crown","Bag of Marbles","Vajra"],"acts_visited":["Exordium","TheCity","TheBeyond"],"potions_floor_usage":[24,28,33,33,50,50],"damage_taken":[{"damage":0,"enemies":"Cultist","floor":1,"turns":1},{"damage":0,"enemies":"2 Louse","floor":2,"turns":1},{"damage":0,"enemies":"Jaw Worm","floor":4,"turns":1},{"damage":49,"enemies":"Gremlin Nob","floor":7,"turns":5},{"damage":0,"enemies":"3 Louse","floor":10,"turns":3},{"damage":10,"enemies":"Exordium Wildlife","floor":11,"turns":4},{"damage":6,"enemies":"Large Slime","floor":12,"turns":6},{"damage":0,"enemies":"2 Fungi Beasts","floor":14,"turns":3},{"damage":54,"enemies":"The Guardian","floor":16,"turns":8},{"damage":9,"enemies":"Chosen","floor":18,"turns":4},{"damage":16,"enemies":"2 Thieves","floor":22,"turns":4},{"damage":12,"enemies":"Centurion and Healer","floor":24,"turns":8},{"damage":42,"enemies":"Slavers","floor":28,"turns":5},{"damage":21,"enemies":"Snake Plant","floor":30,"turns":6},{"damage":11,"enemies":"Chosen and Byrds","floor":31,"turns":3},{"damage":37,"enemies":"Collector","floor":33,"turns":4},{"damage":27,"enemies":"3 Darklings","floor":35,"turns":5},{"damage":9,"enemies":"Orb Walker","floor":36,"turns":3},{"damage":23,"enemies":"Writhing Mass","floor":38,"turns":4},{"damage":11,"enemies":"4 Shapes","floor":46,"turns":5},{"damage":24,"enemies":"Sphere and 2 Shapes","floor":47,"turns":5},{"damage":117,"enemies":"Donu and Deca","floor":50,"turns":10}],"seed_played":"6796586600516043306","potions_obtained":[{"floor":1,"key":"FearPotion"},{"floor":4,"key":"FairyPotion"},{"floor":12,"key":"Block Potion"},{"floor":22,"key":"DuplicationPotion"},{"floor":24,"key":"Weak Potion"},{"floor":31,"key":"Dexterity Potion"},{"floor":33,"key":"SpeedPotion"},{"floor":36,"key":"Energy Potion"}],"is_trial":false,"path_per_floor":["M","M","?","M","$","R","E","R","T","M","M","M","R","M","R","B",null,"M","?","$","?","M","R","M","R","T","R","E","R","M","M","R","B",null,"M","M","$","M","$","R","?","R","T","R","$","M","M","?","R","B"],"character_chosen":"THE_SILENT","items_purchased":["Outmaneuver","Backstab","Pantograph","Bag of Marbles","Leg Sweep","Tactician","Calculated Gamble"],"campfire_rested":9,"item_purchase_floors":[5,5,20,37,37,39,45],"current_hp_per_floor":[70,70,56,56,56,56,7,28,28,28,18,14,35,35,56,2,72,65,65,65,65,49,49,37,59,59,59,17,39,20,9,31,21,78,53,46,46,25,25,50,39,64,64,64,64,53,31,31,56,0,0],"gold":44,"neow_bonus":"THREE_ENEMY_KILL","is_daily":false,"chose_seed":false,"campfire_upgraded":4,"win_rate":0.0,"timestamp":1612407162,"path_taken":["M","?","?","M","?","R","E","R","T","M","M","M","R","M","R","BOSS","M","?","$","?","M","R","M","R","T","R","E","R","M","M","R","BOSS","M","M","$","M","$","R","?","R","T","R","$","M","M","?","R","BOSS"],"items_purchased_type":["Card","Card","Relic","Relic","Card","Card","Card"],"build_version":"2020-12-22","purchased_purges":0,"victory":false,"max_hp_per_floor":[70,70,70,70,70,70,70,70,70,70,70,72,72,72,72,72,72,74,74,74,74,74,74,74,74,74,74,74,74,76,76,76,78,78,80,82,82,84,84,84,84,84,84,84,84,84,86,86,86,86,86],"card_choices":[{"not_picked":["Predator","Backflip"],"picked":"Poisoned Stab","floor":1},{"not_picked":["Sucker Punch","Dagger Throw"],"picked":"Catalyst","floor":2},{"not_picked":["Flying Knee","Acrobatics"],"picked":"Outmaneuver","floor":4},{"not_picked":["Bullet Time","Sucker Punch"],"picked":"Blade Dance","floor":7},{"not_picked":["PiercingWail","Predator"],"picked":"Noxious Fumes","floor":10},{"not_picked":["Underhanded Strike","Backflip"],"picked":"Crippling Poison","floor":11},{"not_picked":["Reflex","Dagger Throw","Leg Sweep"],"picked":"Singing Bowl","floor":12},{"not_picked":["Expertise","Finisher"],"picked":"Blade Dance","floor":14},{"not_picked":["Glass Knife","Tools of the Trade"],"picked":"Malaise","floor":16},{"not_picked":["Masterful Stab","Flying Knee+1","Riddle With Holes"],"picked":"Singing Bowl","floor":18},{"not_picked":["Cloak And Dagger","Noxious Fumes"],"picked":"Reflex+1","floor":22},{"not_picked":["Caltrops","Acrobatics+1"],"picked":"Bouncing Flask","floor":24},{"not_picked":["Flying Knee","Dagger Throw"],"picked":"Poisoned Stab+1","floor":28},{"not_picked":["Acrobatics+1","Blade Dance","Deflect"],"picked":"Singing Bowl","floor":30},{"not_picked":["Blur","Dagger Spray+1"],"picked":"Adrenaline","floor":31},{"not_picked":["Wraith Form v2","Doppelganger","Tools of the Trade"],"picked":"Singing Bowl","floor":33},{"not_picked":["Riddle With Holes+1"],"picked":"Singing Bowl","floor":35},{"not_picked":["Deflect"],"picked":"Singing Bowl","floor":36},{"not_picked":["Backflip+1"],"picked":"Singing Bowl","floor":38},{"not_picked":[],"picked":"Terror","floor":46},{"not_picked":["Choke"],"picked":"Singing Bowl","floor":47}],"player_experience":86624,"relics_obtained":[{"floor":7,"key":"Oddly Smooth Stone"},{"floor":9,"key":"Singing Bowl"},{"floor":26,"key":"War Paint"},{"floor":28,"key":"Peace Pipe"},{"floor":43,"key":"Vajra"}],"event_choices":[{"damage_healed":0,"gold_gain":0,"player_choice":"Entered Light","damage_taken":14,"max_hp_gain":0,"max_hp_loss":0,"event_name":"Shining Light","floor":3,"gold_loss":0,"cards_upgraded":["Strike_G","Catalyst"]},{"damage_healed":0,"gold_gain":0,"player_choice":"Read","damage_taken":0,"max_hp_gain":0,"max_hp_loss":0,"event_name":"The Library","floor":19,"gold_loss":0,"cards_obtained":["Catalyst"]},{"damage_healed":0,"gold_gain":0,"player_choice":"Ignored","damage_taken":0,"max_hp_gain":0,"max_hp_loss":0,"event_name":"Ghosts","floor":21,"gold_loss":0},{"damage_healed":0,"gold_gain":0,"player_choice":"Embrace Madness","damage_taken":11,"max_hp_gain":0,"max_hp_loss":0,"event_name":"Winding Halls","floor":41,"gold_loss":0,"cards_obtained":["Madness","Madness"]},{"cards_removed":["Defend_G"],"damage_healed":0,"gold_gain":0,"player_choice":"Removed Skill","damage_taken":0,"max_hp_gain":0,"max_hp_loss":0,"event_name":"Falling","floor":48,"gold_loss":0}],"is_beta":false,"boss_relics":[{"not_picked":["Calling Bell","Runic Dome"],"picked":"Ring of the Serpent"},{"not_picked":["Philosopher\u0027s Stone","Fusion Hammer"],"picked":"Busted Crown"}],"items_purged_floors":[],"is_endless":false,"potions_floor_spawned":[1,4,12,14,16,22,24,31,33,36,38],"killed_by":"Donu and Deca","ascension_level":1}}