{"host":"ceheqh86fk4eo7wc","time":1612464144,"event":{"mods":["Aspiration","BaseMod","BetterRewards","Conspire","Downfall","Hermit","Hubris","Infinite Spire","Marisa????????","Minty Spire (QoL Compilation)","READ ME - Snecko Mod","Replay The Spire","StSLib","The Administrix","The Animator","The Cursed","The Poker Player","The Servant 0.9.4","slay the spire mod where everything is the same but ironclad has a cowboy hat"],"gold_per_floor":[109,75,95,107,107,107,142,161,161,177,32,32,42,53,53,153,153,172,34,34,34,34,60,60,6,6,6,20,20,20,36,36,141,141,162,187,160,160,160,160,160,160,160],"floor_reached":42,"language":"ENG","playtime":1972,"items_purged":[],"score":364,"play_id":"9c7b9df0-f3e1-432e-ae5c-4b92f5df345b","local_time":"20210204104224","is_ascension_mode":false,"campfire_choices":[{"data":"Perfected Strike","floor":6,"key":"SMITH"},{"data":"Guardian:WalkerClaw","floor":15,"key":"SMITH"},{"floor":24,"key":"REST"},{"data":"Hemogenesis","floor":27,"key":"SMITH"},{"floor":29,"key":"REST"},{"data":"infinitespire:FinalStrike","floor":32,"key":"SMITH"},{"floor":41,"key":"REST"}],"circlet_count":0,"master_deck":["Strike_R+1","Strike_R+1","Strike_R+1","Strike_R+1","Strike_R+1","Defend_R+1","Defend_R+1","Defend_R+1","Defend_R+1","Bash","Perfected Strike+1","Clash+1","Pommel Strike","Flex+1","Sword Boomerang","hubris:ReadiedAction","Guardian:WalkerClaw+1","Perfected Strike+1","Replay:Undeath\u0027s Touch","Hemogenesis+1","Flex","Flex","Deep Breath","conspire:ExplosiveBarrier","infinitespire:FinalStrike+1","Perfected Strike+1","AbeCurse","conspire:HitWhereItHurts","Corruption+1","Body Slam+1","Armaments+1","True Grit+1","Uppercut+1","Perfected Strike","Perfected Strike","infinitespire:SealOfDarkness+"],"relics":["Burning Blood","aspiration:Nostalgia","m_GuardianBlood","Toy Ornithopter","Sundial","DollysMirror","Runic Pyramid","hubris:Icosahedron","The Courier","Kunai","Lantern","Astrolabe","infinitespire:EvilPickle"],"acts_visited":["Exordium","TheCity","TheBeyond"],"potions_floor_usage":[7,7,10,16,33,36],"damage_taken":[{"damage":4,"enemies":"Cultist","floor":1,"turns":4},{"damage":11,"enemies":"Jaw Worm","floor":3,"turns":2},{"damage":0,"enemies":"2 Louse","floor":4,"turns":2},{"damage":26,"enemies":"Lagavulin","floor":7,"turns":4},{"damage":3,"enemies":"2 Fungi Beasts","floor":8,"turns":3},{"damage":6,"enemies":"Exordium Wildlife","floor":10,"turns":2},{"damage":12,"enemies":"Blue Slaver","floor":13,"turns":2},{"damage":7,"enemies":"2 Fungi Beasts","floor":14,"turns":2},{"damage":26,"enemies":"Slime Boss","floor":16,"turns":9},{"damage":10,"enemies":"Spheric Guardian","floor":18,"turns":3},{"damage":42,"enemies":"Slavers","floor":23,"turns":4},{"damage":30,"enemies":"Shell Parasite","floor":28,"turns":3},{"damage":23,"enemies":"Centurion and Healer","floor":31,"turns":6},{"damage":77,"enemies":"Pondfish","floor":33,"turns":12},{"damage":35,"enemies":"3 Darklings","floor":35,"turns":5},{"damage":16,"enemies":"Orb Walker","floor":36,"turns":4},{"damage":19,"enemies":"infinitespire:Three Voidlings","floor":38,"turns":3},{"damage":90,"enemies":"3 Darklings","floor":42,"turns":9}],"seed_played":"3389600253737349640","potions_obtained":[{"floor":1,"key":"hexamod:SoulburnPotion"},{"floor":4,"key":"Energy Potion"},{"floor":7,"key":"Explosive Potion"},{"floor":13,"key":"AttackPotion"},{"floor":23,"key":"Dexterity Potion"},{"floor":33,"key":"SkillPotion"}],"is_trial":false,"path_per_floor":["M","$","M","M","?","R","E","M","T","M","$","?","M","M","R","B",null,"M","$","?","?","?","E","R","$","T","R","M","R","AVR","M","R","B",null,"M","M","$","?","$","?","R","M"],"character_chosen":"IRONCLAD","items_purchased":["Clash+1","DollysMirror","Flex","Deep Breath","conspire:ExplosiveBarrier","Perfected Strike"],"campfire_rested":3,"item_purchase_floors":[2,11,19,19,25,37],"current_hp_per_floor":[80,80,80,80,85,85,71,80,80,85,85,85,85,85,85,71,85,85,85,85,85,85,55,80,80,80,80,62,85,85,74,74,34,85,62,74,74,71,71,51,76,0,0],"gold":160,"neow_bonus":"NOSTALGIA","is_daily":false,"chose_seed":false,"campfire_upgraded":4,"win_rate":0.0,"timestamp":1612464144,"path_taken":["M","?","?","M","?","R","E","M","T","M","$","?","M","M","R","BOSS","M","$","?","?","?","E","R","?","T","R","?","R","AVR","M","R","BOSS","M","M","$","?","$","?","R","M"],"items_purchased_type":["Card","Relic","Card","Card","Card","Card"],"build_version":"2020-12-22","purchased_purges":0,"victory":false,"max_hp_per_floor":[80,80,80,80,85,85,85,85,85,85,85,85,85,85,85,85,85,85,85,85,85,85,85,85,85,85,85,85,85,85,85,85,85,85,85,85,85,85,85,85,85,85,85],"card_choices":[{"not_picked":["Warcry","ReplayTheSpireMod:Corrosion Curse"],"picked":"Perfected Strike","floor":1},{"not_picked":["Feel No Pain","Heavy Blade"],"picked":"Pommel Strike","floor":3},{"not_picked":["Shrug It Off","Seeing Red"],"picked":"Flex","floor":4},{"not_picked":["Armaments","Headbutt"],"picked":"Sword Boomerang","floor":7},{"not_picked":["Iron Wave","Sword Boomerang"],"picked":"hubris:ReadiedAction","floor":8},{"not_picked":["Iron Wave","Headbutt"],"picked":"Guardian:WalkerClaw","floor":10},{"not_picked":["Clash","Havoc"],"picked":"Replay:Undeath\u0027s Touch","floor":13},{"not_picked":["Defy Death","Inflame"],"picked":"Dropkick","floor":14},{"not_picked":["Eclipse","Corruption"],"picked":"Hemogenesis","floor":16},{"not_picked":["ReplayTheSpireMod:Strike From Hell","Entrench"],"picked":"Flex","floor":18},{"not_picked":["Defy Death","Thunderclap+1"],"picked":"Replay:Many Hands","floor":23},{"not_picked":["ReplayTheSpireMod:Stacked","ReplayTheSpireMod:Strike From Hell+1"],"picked":"infinitespire:OneForAll","floor":28},{"not_picked":["Offering","Shrug It Off"],"picked":"Perfected Strike+1","floor":31},{"not_picked":["Hemogenesis","Corruption"],"picked":"conspire:HitWhereItHurts","floor":33},{"not_picked":["Feel No Pain+1","Run Through"],"picked":"True Grit+1","floor":35},{"not_picked":["ReplayTheSpireMod:Corrosion Curse+1","ReplayTheSpireMod:Strike From Hell"],"picked":"Uppercut+1","floor":36},{"not_picked":["infinitespire:DeathsTouch","infinitespire:FutureSight"],"picked":"infinitespire:SealOfDarkness+","floor":40}],"player_experience":61881,"relics_obtained":[{"floor":7,"key":"Toy Ornithopter"},{"floor":9,"key":"Sundial"},{"floor":23,"key":"The Courier"},{"floor":26,"key":"Kunai"}],"event_choices":[{"damage_healed":0,"gold_gain":0,"player_choice":"Donut","damage_taken":0,"max_hp_gain":5,"max_hp_loss":0,"event_name":"Big Fish","floor":5,"gold_loss":0},{"damage_healed":0,"gold_gain":0,"player_choice":"Leave","damage_taken":0,"max_hp_gain":0,"max_hp_loss":0,"event_name":"conspire:Investor","floor":20,"gold_loss":0},{"damage_healed":0,"gold_gain":0,"player_choice":"Simplicity","damage_taken":0,"max_hp_gain":0,"max_hp_loss":0,"event_name":"Back to Basics","floor":22,"gold_loss":0,"cards_upgraded":["Strike_R","Strike_R","Strike_R","Strike_R","Strike_R","Defend_R","Defend_R","Defend_R","Defend_R"]}],"is_beta":false,"boss_relics":[{"not_picked":["Cursed Key","Philosopher\u0027s Stone"],"picked":"Runic Pyramid"},{"not_picked":["Busted Crown","aspiration:RunicSpoon"],"picked":"Astrolabe"}],"items_purged_floors":[],"is_endless":false,"potions_floor_spawned":[1,4,7,13,23,33,38],"killed_by":"3 Darklings","ascension_level":0}}