{"host":"gc6vr5n3q8f0hswe","time":1612453803,"event":{"mods":["Act Like it!","Aspiration","BaseMod","Better Altar","Better Sensory Stone","Better Third Choice","Block Reminder","Conspire","Fox Events","Gensokyo","Hallownest","Highlight Path","Hubris","Infinite Spire","Jedi Mod","Lobotomy","LobotomyExtend","MarisaÅiñ∂âJÅ@ñÇóùçπÅj","Minty Spire (QoL Compilation)","Pale of the Ancients","Relic Stats","Reliquary","Replay The Spire","Somnambulant","StSLib","The Alterego","The Blue Laboratory","The Bug Knight","The Jungle","The Poker Player","The Wild Card","Uncapped","Wandering Minibosses"],"gold_per_floor":[110,120,139,23,42,42,42,42,66,399,399,399,399],"floor_reached":12,"language":"ENG","playtime":926,"items_purged":[],"score":78,"play_id":"c91ceb61-a14b-4c29-a4dd-27742c76e89c","local_time":"20210204155003","is_ascension_mode":false,"campfire_choices":[{"data":"DevaForm","floor":6,"key":"SMITH"},{"data":"EmptyMind","floor":8,"key":"SMITH"}],"circlet_count":0,"master_deck":["Strike_P","Strike_P","Strike_P","Strike_P","Defend_P","Defend_P","Defend_P","Defend_P","Eruption","Vigilance","EmptyMind+1","Replay:ManipulateFuture","DevaForm+1","Brilliance"],"relics":["PureWater","LetterFromLob","Mango","jedi:cryingmask","aspiration:ChemicalBlood","infinitespire:Bottled Soul","hubris:Zylophone"],"acts_visited":["Exordium"],"potions_floor_usage":[10,10,12,12],"damage_taken":[{"damage":4.0,"enemies":"Gensokyo:2_Kodama","floor":1.0,"turns":4.0},{"damage":7.0,"enemies":"Gensokyo:Gryphon","floor":2.0,"turns":3.0},{"damage":9.0,"enemies":"Gensokyo:Python","floor":3.0,"turns":3.0},{"damage":3,"enemies":"Gensokyo:CorruptedTreant","floor":5,"turns":5},{"damage":40,"enemies":"Gensokyo:Cirno","floor":10,"turns":11},{"damage":36,"enemies":"Gensokyo:Mamizou","floor":12,"turns":3}],"seed_played":"-6240669404877855721","potions_obtained":[{"floor":1.0,"key":"StancePotion"},{"floor":3.0,"key":"Dexterity Potion"},{"floor":10,"key":"blueLaboratory:BottledHope"}],"is_trial":false,"path_per_floor":["M","M","M","COS","M","R","?","R","T","E","M","E"],"character_chosen":"WATCHER","items_purchased":[],"campfire_rested":0,"item_purchase_floors":[],"current_hp_per_floor":[68,61,52,52,49,49,42,42,42,2,2,0,0],"gold":399,"neow_bonus":"RANDOM_EVENT","is_daily":false,"chose_seed":false,"campfire_upgraded":2,"win_rate":0.0,"timestamp":1612453803,"path_taken":["M","M","M","COS","M","R","?","R","T","E","M","E"],"items_purchased_type":[],"build_version":"2020-12-22","purchased_purges":0,"victory":false,"max_hp_per_floor":[72,72,72,72,72,72,86,86,86,86,86,86,86],"relic_stats":{"counters":[7,31],"obtain_stats":[{"hubris:Zylophone":11,"infinitespire:Bottled Soul":10,"Mango":7,"jedi:cryingmask":9,"LetterFromLob":1,"PureWater":0,"aspiration:ChemicalBlood":10},{"hubris:Zylophone":6,"infinitespire:Bottled Soul":5,"Mango":4,"jedi:cryingmask":4,"LetterFromLob":1,"PureWater":0,"aspiration:ChemicalBlood":5},{"hubris:Zylophone":28,"infinitespire:Bottled Soul":26,"Mango":15,"jedi:cryingmask":15,"LetterFromLob":4,"PureWater":0,"aspiration:ChemicalBlood":19}]},"card_choices":[{"not_picked":["FollowUp","PathToVictory"],"picked":"EmptyMind","floor":1.0},{"not_picked":["SashWhip","Replay:AtTheReady"],"picked":"Replay:ManipulateFuture","floor":2.0},{"not_picked":["SashWhip","WindmillStrike"],"picked":"DevaForm","floor":3.0},{"not_picked":["BowlingBash","FollowUp","FlyingSleeves"],"picked":"SKIP","floor":5},{"not_picked":["Replay:Hum","Conclude"],"picked":"Brilliance","floor":10}],"player_experience":460289,"relics_obtained":[{"floor":1.0,"key":"LetterFromLob"},{"floor":9,"key":"jedi:cryingmask"},{"floor":10,"key":"infinitespire:Bottled Soul"}],"event_choices":[],"is_beta":false,"boss_relics":[],"items_purged_floors":[],"is_endless":false,"potions_floor_spawned":[1,3,10],"killed_by":"Gensokyo:Mamizou","ascension_level":0}}