{"host":"e3jr8cs0hrgde9ri","time":1612468960,"event":{"mods":["2.2 Compatiblity","BaseMod","Highlight Path","Minty Spire (QoL Compilation)","Permanent Neow","Quick Restart","SuperFastMode"],"gold_per_floor":[116,133,148,164,179,179,179,179],"floor_reached":7,"language":"ENG","playtime":233,"items_purged":[],"score":90,"play_id":"2fa3a254-cecb-4baa-adf6-6f551cc02c5c","local_time":"20210204120240","is_ascension_mode":true,"campfire_choices":[{"data":"Deadly Poison","floor":6,"key":"SMITH"}],"circlet_count":0,"master_deck":["AscendersBane","Strike_G","Strike_G","Strike_G","Strike_G","Strike_G","Defend_G","Defend_G","Defend_G","Defend_G","Defend_G","Survivor","Neutralize","CurseOfTheBell","Footwork","Backflip","Dodge and Roll","Deadly Poison+1","Poisoned Stab"],"relics":["Calling Bell","Happy Flower","Matryoshka","The Specimen"],"acts_visited":["Exordium"],"potions_floor_usage":[7],"damage_taken":[{"damage":0,"enemies":"Cultist","floor":1,"turns":5},{"damage":6,"enemies":"2 Louse","floor":2,"turns":6},{"damage":10,"enemies":"Jaw Worm","floor":3,"turns":6},{"damage":10,"enemies":"3 Louse","floor":4,"turns":5},{"damage":15,"enemies":"Blue Slaver","floor":5,"turns":6},{"damage":14,"enemies":"3 Sentries","floor":7,"turns":4}],"seed_played":"4947484120098235900","potions_obtained":[{"floor":3,"key":"Energy Potion"},{"floor":5,"key":"Dexterity Potion"}],"is_trial":false,"path_per_floor":["M","M","M","M","M","R","E"],"character_chosen":"THE_SILENT","items_purchased":[],"campfire_rested":0,"item_purchase_floors":[],"current_hp_per_floor":[59,53,43,33,18,18,4,4],"gold":179,"neow_bonus":"BOSS_RELIC","is_daily":false,"chose_seed":false,"campfire_upgraded":1,"win_rate":0.0,"timestamp":1612468960,"path_taken":["M","M","M","M","M","R","E"],"items_purchased_type":[],"build_version":"2020-12-22","purchased_purges":0,"victory":false,"max_hp_per_floor":[66,66,66,66,66,66,66,66],"card_choices":[{"not_picked":["Flying Knee","Leg Sweep"],"picked":"Footwork","floor":1},{"not_picked":["Bane","Sucker Punch"],"picked":"Backflip","floor":2},{"not_picked":["Accuracy","Blade Dance"],"picked":"Dodge and Roll","floor":3},{"not_picked":["Prepared","Dodge and Roll"],"picked":"Deadly Poison","floor":4},{"not_picked":["Blade Dance","Accuracy"],"picked":"Poisoned Stab","floor":5}],"player_experience":1448383,"relics_obtained":[{"floor":0,"key":"Happy Flower"},{"floor":0,"key":"Matryoshka"},{"floor":0,"key":"The Specimen"}],"event_choices":[],"is_beta":false,"boss_relics":[],"items_purged_floors":[],"is_endless":false,"potions_floor_spawned":[3,5],"killed_by":"3 Sentries","ascension_level":20}}