{"host":"9kesdg97wkrx2bva","time":1612426873,"event":{"mods":["AchievementEnabler","BaseMod","Colored Map","GifTheSpireLib","Infinite Spire","Minty Spire (QoL Compilation)","Replay The Spire","StSLib"],"gold_per_floor":[112,126,51,51,51,79,79,95,95,95,9,9,23,36,36,113,113,131,141,41,41,41,41,41],"floor_reached":23,"language":"ENG","playtime":570,"items_purged":["Strike_B","Chaos"],"score":359,"play_id":"a6f0a306-a99f-4aa3-904c-1eca3f718d73","local_time":"20210204022113","is_ascension_mode":true,"campfire_choices":[{"floor":7,"key":"REST"},{"data":"Gash","floor":10,"key":"SMITH"},{"data":"Creative AI","floor":12,"key":"SMITH"},{"floor":15,"key":"REST"}],"circlet_count":0,"master_deck":["AscendersBane","Defend_B","Defend_B","Defend_B","Zap","Dualcast","Creative AI+1","Hologram","Reprogram","Gash+1","Gash","Core Surge+1","White Noise","Defragment","Biased Cognition+1","Chill","Gash"],"relics":["Cracked Core","Golden Egg","Pear","Empty Cage","Sling"],"acts_visited":["Exordium","TheCity"],"potions_floor_usage":[8,16,18,19,23],"damage_taken":[{"damage":14,"enemies":"Jaw Worm","floor":1,"turns":5},{"damage":6,"enemies":"Cultist","floor":2,"turns":3},{"damage":27,"enemies":"Lagavulin","floor":6,"turns":10},{"damage":1,"enemies":"2 Louse","floor":8,"turns":2},{"damage":12,"enemies":"Looter","floor":13,"turns":3},{"damage":2,"enemies":"Exordium Thugs","floor":14,"turns":5},{"damage":39,"enemies":"Hexaghost","floor":16,"turns":10},{"damage":56,"enemies":"2 Thieves","floor":18,"turns":4},{"damage":2,"enemies":"Chosen","floor":19,"turns":5},{"damage":22,"enemies":"Book of Stabbing","floor":23,"turns":3}],"seed_played":"-5424359028076090407","potions_obtained":[{"floor":6,"key":"Fire Potion"},{"floor":8,"key":"Dexterity Potion"},{"floor":13,"key":"EssenceOfDarkness"},{"floor":18,"key":"EssenceOfSteel"},{"floor":19,"key":"SkillPotion"}],"is_trial":false,"path_per_floor":["M","M","$","?","$","E","R","M","T","R","$","R","M","M","R","B",null,"M","M","$","?","AVR","E"],"character_chosen":"DEFECT","items_purchased":["Core Surge"],"campfire_rested":2,"item_purchase_floors":[11],"current_hp_per_floor":[50,44,44,44,44,17,38,37,47,47,47,47,35,33,57,18,65,9,7,7,7,7,0,0],"gold":41,"neow_bonus":"TRANSFORM_CARD","is_daily":false,"chose_seed":false,"campfire_upgraded":2,"win_rate":0.0,"timestamp":1612426873,"path_taken":["M","M","$","?","$","E","R","M","T","R","?","R","M","?","R","BOSS","M","M","$","?","AVR","E"],"items_purchased_type":["Card"],"build_version":"2020-12-22","purchased_purges":2,"victory":false,"max_hp_per_floor":[71,71,71,71,71,71,71,71,81,81,81,81,81,81,81,81,81,81,81,81,81,81,81,81],"card_choices":[{"not_picked":["Compile Driver","Doom and Gloom"],"picked":"Hologram","floor":1},{"not_picked":["Turbo","Leap"],"picked":"Chaos","floor":2},{"not_picked":["Rebound","Chill"],"picked":"Gash","floor":6},{"not_picked":["Recycle","Sweeping Beam"],"picked":"Gash","floor":8},{"not_picked":["Static Discharge","BasicCrystalCard"],"picked":"White Noise","floor":13},{"not_picked":["BasicCrystalCard","Streamline"],"picked":"Defragment","floor":14},{"not_picked":["Fission","Reboot"],"picked":"Biased Cognition","floor":16},{"not_picked":["Skim","Turbo"],"picked":"Chill","floor":18},{"not_picked":["Beam Cell","Leap+1"],"picked":"Gash","floor":19}],"player_experience":1005972,"relics_obtained":[{"floor":6,"key":"Golden Egg"},{"floor":9,"key":"Pear"}],"event_choices":[{"damage_healed":0,"gold_gain":0,"cards_transformed":["Strike_B"],"player_choice":"Transformed","damage_taken":0,"max_hp_gain":0,"max_hp_loss":0,"event_name":"Transmorgrifier","floor":4,"gold_loss":0,"cards_obtained":["Reprogram"]},{"damage_healed":0,"gold_gain":0,"player_choice":"Ignored","damage_taken":0,"max_hp_gain":0,"max_hp_loss":0,"event_name":"Vampires","floor":21,"gold_loss":0}],"is_beta":false,"boss_relics":[{"not_picked":["Sozu","ReplayTheSpireMod:SealedPack"],"picked":"Empty Cage"}],"items_purged_floors":[3,20],"is_endless":false,"potions_floor_spawned":[6,8,13,14,18,19],"killed_by":"Book of Stabbing","ascension_level":18}}