{"host":"37ccm3d17clopct7","time":1612453080,"event":{"mods":["BaseMod","Hermit","Lobotomy","Minty Spire (QoL Compilation)","StSLib","The Bug Knight","The Cursed","The Hierophant","The Jungle","The Runesmith"],"gold_per_floor":[115,115,125,136,27,62,62,90,140,156,156,156,75,75,75,200,200,225,216,16,39,39,39,39,90,102,114,147,159,192,223,235,367,379,409,421,452,488,513,525,553,590,678,690,715,727,1080,0,12,24,36],"floor_reached":52,"language":"KOR","playtime":2190,"items_purged":["Runesmith:Strike_RS","Runesmith:Defend_RS"],"score":790,"play_id":"64934e69-a2db-45ef-a64f-71e456385e87","local_time":"20210205003800","is_ascension_mode":false,"campfire_choices":[{"floor":7,"key":"REST"},{"floor":11,"key":"REST"},{"floor":15,"key":"REST"},{"data":"Runesmith:Permafrost","floor":23,"key":"SMITH"},{"floor":27,"key":"REST"},{"data":"Runesmith:Firestorm","floor":29,"key":"SMITH"},{"floor":32,"key":"REST"},{"floor":40,"key":"REST"},{"data":"Runesmith:MetallurgicalResearch","floor":44,"key":"SMITH"},{"floor":46,"key":"REST"},{"floor":49,"key":"REST"}],"circlet_count":0,"master_deck":["Runesmith:Strike_RS","Runesmith:Strike_RS","Runesmith:Defend_RS","Runesmith:Defend_RS","Runesmith:CraftFirestone","Runesmith:Fortify","Runesmith:EarthShield","Runesmith:Grindstone","Runesmith:Firestorm+1","Runesmith:BackupBattery","Runesmith:MetallurgicalResearch+1","Runesmith:LithiumIon","Runesmith:HeatedChisel","Runesmith:ArcReactor","Runesmith:LithiumIon","Runesmith:CraftMagma","Runesmith:Permafrost+1","Runesmith:CraftMagma","Runesmith:Terraform","Runesmith:Grindstone+1","Runesmith:CraftObretio","Runesmith:CraftProtectio+1"],"relics":["Runesmith:BrokenRuby","Mummified Hand","Omamori","Anchor","Golden Idol","SlaversCollar","HollowMod:PaleOreRelic","MawBank","Ornamental Fan","Runesmith:UraniumAnvil","Dream Catcher","Kunai","Old Coin","Red Mask"],"acts_visited":["Exordium","TheCity","TheBeyond"],"potions_floor_usage":[16,31],"damage_taken":[{"damage":0,"enemies":"2 Louse","floor":1,"turns":2},{"damage":0,"enemies":"Cultist","floor":3,"turns":3},{"damage":0,"enemies":"Small Slimes","floor":4,"turns":3},{"damage":31,"enemies":"3 Sentries","floor":6,"turns":9},{"damage":29,"enemies":"Gremlin Nob","floor":8,"turns":5},{"damage":5,"enemies":"Blue Slaver","floor":10,"turns":4},{"damage":29,"enemies":"Slime Boss","floor":16,"turns":11},{"damage":11,"enemies":"Shell Parasite","floor":18,"turns":7},{"damage":15,"enemies":"2 Thieves","floor":19,"turns":5},{"damage":25,"enemies":"3 Cultists","floor":28,"turns":5},{"damage":0,"enemies":"Cultist and Chosen","floor":30,"turns":5},{"damage":0,"enemies":"Snecko","floor":31,"turns":5},{"damage":20,"enemies":"Champ","floor":33,"turns":8},{"damage":14,"enemies":"Orb Walker","floor":35,"turns":4},{"damage":4,"enemies":"3 Shapes","floor":37,"turns":5},{"damage":14,"enemies":"Spire Growth","floor":39,"turns":5},{"damage":0,"enemies":"Writhing Mass","floor":41,"turns":6},{"damage":4,"enemies":"Transient","floor":42,"turns":5},{"damage":21,"enemies":"Maw","floor":45,"turns":8},{"damage":0,"enemies":"Nemesis","floor":47,"turns":7},{"damage":0,"enemies":"Time Eater","floor":50,"turns":12}],"seed_played":"-4248200882610182358","potions_obtained":[{"floor":3,"key":"Dexterity Potion"},{"floor":8,"key":"BlessingOfTheForge"},{"floor":10,"key":"Weak Potion"},{"floor":28,"key":"Dexterity Potion"},{"floor":30,"key":"ColorlessPotion"},{"floor":31,"key":"DistilledChaos"},{"floor":41,"key":"AttackPotion"},{"floor":42,"key":"DuplicationPotion"},{"floor":47,"key":"Ancient Potion"}],"is_trial":false,"path_per_floor":["M","?","M","M","$","E","R","E","T","M","R","?","$","?","R","B",null,"M","M","$","T","?","R","?","T","T","R","M","R","M","M","R","B",null,"M","?","M","T","M","R","M","M","T","R","M","R","E","?","R","B",null,null],"character_chosen":"RUNESMITH_CLASS","items_purchased":["Runesmith:Firestorm","Runesmith:LithiumIon","Runesmith:CraftMagma","Runesmith:Permafrost"],"campfire_rested":8,"item_purchase_floors":[5,13,20,20],"current_hp_per_floor":[70,70,70,70,70,39,60,31,31,26,47,30,30,30,51,22,70,59,44,44,44,44,44,44,44,44,65,40,40,40,40,61,41,70,56,56,52,52,38,59,59,55,55,55,34,55,55,55,70,70,70],"gold":48,"neow_bonus":"REMOVE_CARD","is_daily":false,"chose_seed":false,"campfire_upgraded":3,"win_rate":0.0,"timestamp":1612453080,"path_taken":["M","?","M","?","$","E","R","E","T","M","R","?","$","?","R","BOSS","M","M","$","?","?","R","?","?","T","R","M","R","M","M","R","BOSS","M","?","M","?","M","R","M","M","T","R","M","R","E","?","R","BOSS"],"items_purchased_type":["Card","Card","Card","Card"],"build_version":"2020-12-22","purchased_purges":2,"victory":true,"max_hp_per_floor":[70,70,70,70,70,70,70,70,70,70,70,70,70,70,70,70,70,70,70,70,70,70,70,70,70,70,70,70,70,70,70,70,70,70,70,70,70,70,70,70,70,70,70,70,70,70,70,70,70,70,70],"card_choices":[{"not_picked":["Runesmith:Overpower","Runesmith:BackupBattery"],"picked":"Runesmith:EarthShield","floor":1},{"not_picked":["Runesmith:FieryHammer","Runesmith:EarthShield"],"picked":"Runesmith:Grindstone","floor":3},{"not_picked":["Runesmith:UnstableHammer","Runesmith:HammerThrow"],"picked":"Runesmith:HeatedChisel","floor":4},{"not_picked":["Runesmith:ChaoticBlast","Runesmith:UnstableHammer","Runesmith:Empowerment"],"picked":"SKIP","floor":6},{"not_picked":["Runesmith:Grindstone","Runesmith:HammerTime"],"picked":"Runesmith:BackupBattery","floor":8},{"not_picked":["Runesmith:ShiftingStrike","Runesmith:EnergizedChisel"],"picked":"Runesmith:MetallurgicalResearch","floor":10},{"not_picked":["Runesmith:CraftIndustria","Runesmith:FissionHammer"],"picked":"Runesmith:ArcReactor","floor":16},{"not_picked":["Runesmith:HeatExchange+1","Runesmith:DoubleUp+1","Runesmith:RuneHurl"],"picked":"SKIP","floor":18},{"not_picked":["Runesmith:Electrocute","Runesmith:BackupBattery"],"picked":"Runesmith:LithiumIon","floor":19},{"not_picked":["Runesmith:HammerThrow","Runesmith:Overpower","Runesmith:EnergizedChisel"],"picked":"SKIP","floor":28},{"not_picked":["Runesmith:HeatedChisel+1","Runesmith:EnergizedChisel+1","Runesmith:BackupBattery"],"picked":"SKIP","floor":30},{"not_picked":["Runesmith:Overpower","Runesmith:Malloc"],"picked":"Runesmith:CraftMagma","floor":31},{"not_picked":["Runesmith:EarthShield","Runesmith:Electrocute","Runesmith:HeatExchange"],"picked":"SKIP","floor":35},{"not_picked":["Runesmith:Repurpose","Runesmith:EnergizedChisel+1","Runesmith:ChiselStab"],"picked":"SKIP","floor":37},{"not_picked":["Runesmith:HammerThrow","Runesmith:CraftMagma+1"],"picked":"Runesmith:Terraform","floor":39},{"not_picked":["Runesmith:StaticCage+1","Runesmith:ReplicatingBarrier"],"picked":"Runesmith:Grindstone+1","floor":41},{"not_picked":["Runesmith:Firewall+1","Runesmith:Repurpose","Runesmith:BackupBattery"],"picked":"SKIP","floor":42},{"not_picked":["Runesmith:HeatedChisel","Runesmith:Repurpose+1","Runesmith:MakeshiftArmor"],"picked":"SKIP","floor":45},{"not_picked":["Runesmith:HammerThrow+1","Runesmith:CraftIncendium"],"picked":"Runesmith:CraftObretio","floor":46},{"not_picked":["Runesmith:MakeshiftArmor","Runesmith:Repurpose","Runesmith:Superposition"],"picked":"SKIP","floor":47},{"not_picked":["Runesmith:Accelerate","Runesmith:StaticCage+1"],"picked":"Runesmith:CraftProtectio+1","floor":49}],"player_experience":118405,"relics_obtained":[{"floor":6,"key":"Mummified Hand"},{"floor":8,"key":"Omamori"},{"floor":9,"key":"Anchor"},{"floor":21,"key":"HollowMod:PaleOreRelic"},{"floor":25,"key":"MawBank"},{"floor":26,"key":"Ornamental Fan"},{"floor":38,"key":"Dream Catcher"},{"floor":43,"key":"Kunai"},{"floor":47,"key":"Old Coin"}],"event_choices":[{"damage_healed":0,"gold_gain":0,"player_choice":"Bought 0 Potions","damage_taken":0,"max_hp_gain":0,"max_hp_loss":0,"event_name":"The Woman in Blue","floor":2,"gold_loss":0},{"damage_healed":0,"gold_gain":0,"player_choice":"Take Damage","damage_taken":17,"relics_obtained":["Golden Idol"],"max_hp_gain":0,"max_hp_loss":0,"event_name":"Golden Idol","floor":12,"gold_loss":0},{"damage_healed":0,"gold_gain":0,"cards_transformed":["Runesmith:Strike_RS"],"player_choice":"Transformed","damage_taken":0,"max_hp_gain":0,"max_hp_loss":0,"event_name":"Transmorgrifier","floor":14,"gold_loss":0,"cards_obtained":["Runesmith:HeatedChisel"]},{"damage_healed":0,"gold_gain":0,"player_choice":"Ignored","damage_taken":0,"max_hp_gain":0,"max_hp_loss":0,"event_name":"Ghosts","floor":24,"gold_loss":0},{"cards_removed":["Runesmith:HeatedChisel"],"damage_healed":0,"gold_gain":0,"player_choice":"Removed Attack","damage_taken":0,"max_hp_gain":0,"max_hp_loss":0,"event_name":"Falling","floor":36,"gold_loss":0},{"damage_healed":0,"gold_gain":0,"player_choice":"Paid","damage_taken":0,"relics_obtained":["Red Mask"],"max_hp_gain":0,"max_hp_loss":0,"event_name":"Tomb of Lord Red Mask","floor":48,"gold_loss":1092}],"is_beta":false,"boss_relics":[{"not_picked":["Astrolabe","Cursed Key"],"picked":"SlaversCollar"},{"not_picked":["Busted Crown","Coffee Dripper"],"picked":"Runesmith:UraniumAnvil"}],"items_purged_floors":[5,20],"is_endless":false,"potions_floor_spawned":[3,8,10,28,30,31,41,42,47],"ascension_level":0}}