{"host":"rpu0b34yn88n8zeb","time":1612420703,"event":{"mods":["Act Like it!","BaseMod","CapriCore","Chen","Colored Powertips","Defuse TimeMaze Blight","Koishi","Marisa£®ÏF”Í°°ƒß¿Ì…≥£©","Minty Spire (QoL Compilation)","Prisma Mod","Quick Restart","Reimu£®≤©¿ˆ¡È√Œ£©","Shop Mod","Spicy Shops","StSLib","The Immortal","The Servant 0.9.4","Yakumo Yukari mod","Youmu£®ªÍ∆«—˝√Œ£©"],"gold_per_floor":[116,116,134,149,168,181,216,216,240,41,53,1,11,11,11,96,96,109,34,34,54,67,67,67,67,142,158,158,168,168,200,200,300,300,318,17,67,0,18,49,49,119,170,195,195,195,230,248,248,248,248,248,8,34,54],"floor_reached":56,"language":"ZHS","playtime":3331,"items_purged":["Poor:ReiMu","PrismaMod:IllyaHassanGift"],"score":1255,"play_id":"ec9df228-f98a-49f9-a7ca-e16fc959859d","local_time":"20210203233823","is_ascension_mode":false,"campfire_choices":[{"data":"PrismaMod:IllyaUncommonAttack","floor":8,"key":"SMITH"},{"floor":15,"key":"REST"},{"data":"PrismaMod:IllyaSaphire","floor":23,"key":"SMITH"},{"data":"PrismaMod:IllyaUncommonDefend","floor":25,"key":"SMITH"},{"data":"PrismaMod:IllyaGun","floor":28,"key":"SMITH"},{"floor":30,"key":"REST"},{"data":"PrismaMod:IllyaMinorReinForce","floor":32,"key":"SMITH"},{"floor":41,"key":"RECALL"},{"data":"PrismaMod:IllyaFriendMaker","floor":46,"key":"SMITH"},{"data":"PrismaMod:IllyaBlindPoisonToss","floor":49,"key":"SMITH"},{"data":"PrismaMod:IllyaBoysLove","floor":52,"key":"SMITH"}],"circlet_count":0,"master_deck":["PrismaMod:IllyaCommonAttack","PrismaMod:IllyaCommonDefend","PrismaMod:IllyaCommonAttack","PrismaMod:IllyaCommonDefend","PrismaMod:IllyaCommonAttack","PrismaMod:IllyaCommonDefend","PrismaMod:IllyaCommonAttack","PrismaMod:IllyaCommonDefend+1","PrismaMod:IllyaCommonAttack","PrismaMod:IllyaCommonDefend+1","PrismaMod:IllyaUncommonAttack+1","PrismaMod:IllyaUncommonDefend+1","PrismaMod:IllyaGun+1","PrismaMod:IllyaBlindPoisonToss+1","PrismaMod:IllyaBoysLove+1","PrismaMod:IllyaMinorReinForce+1","PrismaMod:IllyaInstallRider","PrismaMod:IllyaStunPoison","PrismaMod:IllyaCarnivalDefend","PrismaMod:IllyaFriendMaker+1","PrismaMod:IllyaCarnivalPrismaAstolfo","PrismaMod:IllyaCheapChannelPoison+1","PrismaMod:IllyaUncommonAOEAttack","PrismaMod:IllyaSaphire+1","PrismaMod:IllyaFriendMaker+1","PrismaMod:IllyaCommandSeal","PrismaMod:IllyaBerserCAR","PrismaMod:IllyaInstallAssassin","CurseOfTheBell","PrismaMod:IllyaPoisonBlock+1","PrismaMod:IllyaStunPoison","PrismaMod:IllyaGrail+1","PrismaMod:IllyaUberPoisonBlock+1","PrismaMod:IllyaBerserCAR+1","PrismaMod:IllyaInstallMoonCancer","PrismaMod:IllyaCommandSeal","PrismaMod:IllyaPoisonTippedWeapons","PrismaMod:IllyaFeed","PrismaMod:IllyaPoisonBlock","PrismaMod:IllyaMinorRapidFire+1"],"relics":["PrismaMod:PrismaRuby","NeowsBlessing","Vajra","Bronze Scales","YidongShenshe:ReiMu","SlaversCollar","Tea:ReiMu","Oddly Smooth Stone","Calling Bell","RuthlessExorcism:ReiMu","Eternal Feather","Ice Cream","War Paint","WingedGreaves","Red Mask","Strawberry","Torii","Mastiff:ReiMu","Centennial Puzzle","Potion Belt","TentaclePot:ReiMu","Lantern"],"acts_visited":["Exordium","TheCity","TheBeyond","TheEnding"],"potions_floor_usage":[16,18,21,27,29,50,55,55],"damage_taken":[{"damage":0,"enemies":"Cultist","floor":1,"turns":1},{"damage":0,"enemies":"2 Louse","floor":3,"turns":1},{"damage":0,"enemies":"Jaw Worm","floor":4,"turns":1},{"damage":6,"enemies":"3 Louse","floor":5,"turns":4},{"damage":7,"enemies":"Blue Slaver","floor":6,"turns":4},{"damage":10,"enemies":"3 Sentries","floor":7,"turns":11},{"damage":19,"enemies":"Exordium Thugs","floor":11,"turns":3},{"damage":0,"enemies":"Exordium Wildlife","floor":13,"turns":4},{"damage":21,"enemies":"The Guardian","floor":16,"turns":10},{"damage":6,"enemies":"Spheric Guardian","floor":18,"turns":4},{"damage":0,"enemies":"Shell Parasite","floor":21,"turns":5},{"damage":9,"enemies":"Sentry and Sphere","floor":22,"turns":5},{"damage":6,"enemies":"Centurion and Healer","floor":27,"turns":6},{"damage":3,"enemies":"Chosen and Byrds","floor":29,"turns":5},{"damage":10,"enemies":"Book of Stabbing","floor":31,"turns":6},{"damage":43,"enemies":"Champ","floor":33,"turns":11},{"damage":1,"enemies":"3 Shapes","floor":35,"turns":4},{"damage":28,"enemies":"Mind Bloom Boss Battle","floor":37,"turns":6},{"damage":1,"enemies":"Orb Walker","floor":39,"turns":4},{"damage":4,"enemies":"Nemesis","floor":40,"turns":7},{"damage":38,"enemies":"2 Orb Walkers","floor":42,"turns":8},{"damage":24,"enemies":"Reptomancer","floor":44,"turns":8},{"damage":7,"enemies":"Giant Head","floor":47,"turns":10},{"damage":19,"enemies":"Sphere and 2 Shapes","floor":48,"turns":7},{"damage":12,"enemies":"Donu and Deca","floor":50,"turns":9},{"damage":8,"enemies":"Shield and Spear","floor":54,"turns":6},{"damage":27,"enemies":"The Heart","floor":55,"turns":8}],"seed_played":"3606615799277505104","potions_obtained":[{"floor":4,"key":"GamblersBrew"},{"floor":5,"key":"Explosive Potion"},{"floor":6,"key":"SpeedPotion"},{"floor":16,"key":"DistilledChaos"},{"floor":21,"key":"DuplicationPotion"},{"floor":22,"key":"Energy Potion"},{"floor":33,"key":"Strength Potion"},{"floor":39,"key":"Dexterity Potion"},{"floor":48,"key":"DistilledChaos"}],"is_trial":false,"path_per_floor":["M","?","M","M","M","M","E","R","T","$","M","$","M","?","R","B",null,"M","$","?","M","M","R","T","R","T","M","R","M","R","E","R","B",null,"M","$","?","?","M","E","R","?","T","E","?","R","E","M","R","B",null,"R","$","E","B",null],"character_chosen":"ILLYA","items_purchased":["PrismaMod:IllyaInstallRider","PrismaMod:IllyaStunPoison","PrismaMod:IllyaFriendMaker","PrismaMod:IllyaStunPoison","War Paint","TentaclePot:ReiMu","PrismaMod:IllyaPoisonTippedWeapons","PrismaMod:IllyaFeed","PrismaMod:IllyaPoisonBlock"],"campfire_rested":2,"item_purchase_floors":[10,10,12,36,36,53,53,53,53],"current_hp_per_floor":[75,75,75,75,69,62,52,52,52,52,33,33,33,33,55,34,75,69,69,69,69,62,62,62,62,62,58,58,55,77,70,70,27,77,76,76,48,48,47,55,86,51,51,32,77,77,70,56,77,68,77,77,77,77,60],"gold":54,"neow_bonus":"THREE_ENEMY_KILL","is_daily":false,"chose_seed":false,"campfire_upgraded":8,"win_rate":0.0,"timestamp":1612420703,"path_taken":["M","?","?","?","M","M","E","R","T","$","M","$","M","?","R","BOSS","M","$","?","M","M","R","?","R","T","M","R","M","R","E","R","BOSS","M","$","?","?","?","E","R","?","T","E","?","R","E","M","R","BOSS","R","$","E","BOSS"],"items_purchased_type":["Card","Card","Card","Card","Relic","Relic","Card","Card","Card"],"build_version":"2020-12-22","purchased_purges":2,"victory":true,"max_hp_per_floor":[75,75,75,75,75,75,75,75,75,75,75,75,75,75,75,75,75,75,75,75,75,77,77,77,77,77,77,77,77,77,77,77,77,77,77,77,77,77,77,86,86,86,86,88,77,77,77,77,77,77,77,77,77,77,77],"card_choices":[{"not_picked":["PrismaMod:IllyaSaphire","PrismaMod:IllyaPartialInstallAssassin"],"picked":"PrismaMod:IllyaGun","floor":1},{"not_picked":["PrismaMod:IllyaPoisonBlock","PrismaMod:IllyaPartialInstallAssassin","PrismaMod:IllyaTestament"],"picked":"SKIP","floor":3},{"not_picked":["PrismaMod:IllyaUncommonEvoke","PrismaMod:IllyaTestament"],"picked":"PrismaMod:IllyaBlindPoisonToss","floor":4},{"not_picked":["PrismaMod:IllyaSaphire","PrismaMod:IllyaAssassinRevenge"],"picked":"PrismaMod:IllyaBoysLove","floor":5},{"not_picked":["PrismaMod:IllyaMinorZwei","PrismaMod:IllyaSaphire"],"picked":"PrismaMod:IllyaMinorReinForce","floor":6},{"not_picked":["PrismaMod:IllyaCommonEvoke","PrismaMod:IllyaUncommonAttack"],"picked":"PrismaMod:IllyaHassanGift","floor":7},{"not_picked":["PrismaMod:IllyaSaphire","PrismaMod:IllyaPartialInstallAssassin"],"picked":"PrismaMod:IllyaCarnivalDefend","floor":11},{"not_picked":["PrismaMod:IllyaGrailKun","PrismaMod:IllyaRubysPotion","PrismaMod:IllyaFeed"],"picked":"SKIP","floor":13},{"not_picked":["PrismaMod:IllyaInstallBerserker","PrismaMod:IllyaCarnivalOrbs"],"picked":"PrismaMod:IllyaCarnivalPrismaAstolfo","floor":16},{"not_picked":["PrismaMod:IllyaHassanGift","PrismaMod:IllyaPoisoningPhantasm"],"picked":"PrismaMod:IllyaCheapChannelPoison+1","floor":18},{"not_picked":["PrismaMod:IllyaUberChannel","PrismaMod:IllyaCheapChannelPoison"],"picked":"PrismaMod:IllyaSaphire","floor":21},{"not_picked":["PrismaMod:IllyaRussianRoulette","PrismaMod:IllyaCheapChannelAttack"],"picked":"PrismaMod:IllyaFriendMaker+1","floor":22},{"not_picked":["PrismaMod:IllyaPoisonBlock","PrismaMod:IllyaPoisoningPhantasm"],"picked":"PrismaMod:IllyaCommandSeal","floor":27},{"not_picked":["PrismaMod:IllyaBoysLove","PrismaMod:IllyaUncommonAttack"],"picked":"PrismaMod:IllyaBerserCAR","floor":29},{"not_picked":["PrismaMod:IllyaUberAttackChannel","PrismaMod:IllyaHassanGift","PrismaMod:IllyaTestament"],"picked":"SKIP","floor":31},{"not_picked":["PrismaMod:IllyaInstallForeigner","PrismaMod:IllyaInstallLancer"],"picked":"PrismaMod:IllyaInstallAssassin","floor":33},{"not_picked":["PrismaMod:IllyaCommonEvoke","PrismaMod:IllyaDetonatingBlow+1"],"picked":"PrismaMod:IllyaPoisonBlock+1","floor":35},{"not_picked":["PrismaMod:IllyaReinForce","PrismaMod:IllyaCheapChannelDefend+1"],"picked":"PrismaMod:IllyaGrail+1","floor":39},{"not_picked":["PrismaMod:IllyaCommonEvoke","PrismaMod:IllyaCarnivalAttack"],"picked":"PrismaMod:IllyaUberPoisonBlock+1","floor":40},{"not_picked":["PrismaMod:IllyaUpgradeOrbs","PrismaMod:IllyaCommonEvoke+1"],"picked":"PrismaMod:IllyaBerserCAR+1","floor":42},{"not_picked":["PrismaMod:IllyaMaid+1","PrismaMod:IllyaBoysLove","PrismaMod:IllyaCheapChannelDefend"],"picked":"SKIP","floor":44},{"not_picked":["PrismaMod:IllyaCommonEvoke","PrismaMod:IllyaUberPoisonBlock"],"picked":"PrismaMod:IllyaInstallMoonCancer","floor":47},{"not_picked":["PrismaMod:IllyaUncommonEvoke+1","PrismaMod:IllyaMinorReinForce+1"],"picked":"PrismaMod:IllyaCommandSeal","floor":48},{"not_picked":["PrismaMod:IllyaGun","PrismaMod:IllyaCarnivalPrismaAstolfo"],"picked":"PrismaMod:IllyaMinorRapidFire+1","floor":54}],"player_experience":580795,"relics_obtained":[{"floor":7,"key":"Vajra"},{"floor":9,"key":"Bronze Scales"},{"floor":26,"key":"Tea:ReiMu"},{"floor":31,"key":"Oddly Smooth Stone"},{"floor":34,"key":"RuthlessExorcism:ReiMu"},{"floor":34,"key":"Eternal Feather"},{"floor":34,"key":"Ice Cream"},{"floor":37,"key":"WingedGreaves"},{"floor":40,"key":"Strawberry"},{"floor":42,"key":"Torii"},{"floor":43,"key":"Mastiff:ReiMu"},{"floor":44,"key":"Centennial Puzzle"},{"floor":47,"key":"Potion Belt"},{"floor":54,"key":"Lantern"}],"event_choices":[{"damage_healed":0,"gold_gain":0,"player_choice":"Bought 0 Potions","damage_taken":0,"max_hp_gain":0,"max_hp_loss":0,"event_name":"The Woman in Blue","floor":2,"gold_loss":0},{"damage_healed":0,"gold_gain":0,"player_choice":"¥¯◊ﬂ…Ò…Á","damage_taken":0,"relics_obtained":["YidongShenshe:ReiMu"],"max_hp_gain":0,"max_hp_loss":0,"event_name":"yidonshenshe","floor":14,"gold_loss":0,"cards_obtained":["Poor:ReiMu"]},{"damage_healed":0,"gold_gain":0,"player_choice":"Read","damage_taken":0,"max_hp_gain":0,"max_hp_loss":0,"event_name":"The Library","floor":20,"gold_loss":0,"cards_obtained":["PrismaMod:IllyaUncommonAOEAttack"]},{"damage_healed":0,"gold_gain":0,"player_choice":"Fight","damage_taken":0,"max_hp_gain":0,"max_hp_loss":0,"event_name":"MindBloom","floor":37,"gold_loss":0},{"damage_healed":0,"gold_gain":0,"player_choice":"Paid","damage_taken":0,"relics_obtained":["Red Mask"],"max_hp_gain":0,"max_hp_loss":0,"event_name":"Tomb of Lord Red Mask","floor":38,"gold_loss":67},{"damage_healed":0,"gold_gain":0,"player_choice":"Fight","damage_taken":0,"max_hp_gain":0,"max_hp_loss":0,"event_name":"Mysterious Sphere","floor":42,"gold_loss":0},{"damage_healed":77,"gold_gain":0,"player_choice":"Heal","damage_taken":0,"max_hp_gain":0,"max_hp_loss":11,"event_name":"The Moai Head","floor":45,"gold_loss":0}],"is_beta":false,"boss_relics":[{"not_picked":["Runic Pyramid","Pandora\u0027s Box"],"picked":"SlaversCollar"},{"not_picked":["Tiny House","Empty Cage"],"picked":"Calling Bell"}],"items_purged_floors":[19,36],"is_endless":false,"potions_floor_spawned":[4,5,6,16,21,22,33,39,44,48],"ascension_level":0}}