{"host":"b80f3yd64ulgt9gd","time":1612431286,"event":{"mods":["BaseMod","Colored Powertips","Minty Spire (QoL Compilation)","Permanent Neow","Quick Restart","Random Character Button","StSLib"],"gold_per_floor":[114,189,203,203,226,270,270,306,306,306,340,265,265,82,82,206,206,222,247,346,365,378,409,409,449,474,599,599,342,386,407,407,531,531,556,556,140,167,230,264,285,321,321,340,340,375,395,439,439,439,439,439,25,66,66],"floor_reached":56,"language":"ZHS","playtime":8109,"items_purged":["Strike_G","Strike_G","Defend_G","Defend_G"],"score":1685,"play_id":"c6c5debe-5e56-41ae-93ad-4b1894765d2a","local_time":"20210204173446","is_ascension_mode":true,"campfire_choices":[{"floor":7.0,"key":"REST"},{"data":"Footwork","floor":10.0,"key":"SMITH"},{"data":"Caltrops","floor":15.0,"key":"SMITH"},{"floor":24.0,"key":"RECALL"},{"floor":32.0,"key":"REST"},{"floor":45.0,"key":"DIG"},{"floor":49.0,"key":"DIG"},{"data":"Caltrops","floor":52.0,"key":"SMITH"}],"circlet_count":0,"master_deck":["Defend_G+1","Defend_G","Survivor","Neutralize","Finisher","Leg Sweep","Caltrops+1","Blade Dance+1","Footwork+1","Caltrops+1","Caltrops","Burst+1","Cloak And Dagger+1","Dodge and Roll+1","Escape Plan+1","Calculated Gamble+1","Escape Plan+1","Blur+1","Night Terror+1","Backflip+1","Footwork","Dodge and Roll+1","Backflip+1","Cloak And Dagger+1","Caltrops+1","Tactician+1","Outmaneuver+1","Dark Shackles+1","Deflect+1"],"relics":["Runic Pyramid","Golden Idol","Bag of Marbles","Toxic Egg 2","Pear","PreservedInsect","Philosopher\u0027s Stone","Unceasing Top","Vajra","Regal Pillow","Shovel","Sundial","Nilry\u0027s Codex","OrangePellets","Girya","Empty Cage","Chemical X","Smiling Mask","Torii","Ice Cream","InkBottle","Happy Flower","Tingsha","Bag of Preparation","Strawberry","Toy Ornithopter","War Paint","Ornamental Fan"],"acts_visited":["Exordium","TheCity","TheBeyond","TheEnding"],"potions_floor_usage":[55],"damage_taken":[{"damage":0.0,"enemies":"Jaw Worm","floor":1.0,"turns":4.0},{"damage":12.0,"enemies":"Small Slimes","floor":3.0,"turns":3.0},{"damage":3.0,"enemies":"2 Louse","floor":5.0,"turns":2.0},{"damage":8.0,"enemies":"3 Sentries","floor":6.0,"turns":8.0},{"damage":4.0,"enemies":"Lagavulin","floor":8.0,"turns":7.0},{"damage":6.0,"enemies":"3 Sentries","floor":11.0,"turns":14.0},{"damage":12.0,"enemies":"Hexaghost","floor":16.0,"turns":8.0},{"damage":3.0,"enemies":"3 Byrds","floor":18.0,"turns":4.0},{"damage":6.0,"enemies":"Spheric Guardian","floor":19.0,"turns":5.0},{"damage":3.0,"enemies":"3 Cultists","floor":21.0,"turns":6.0},{"damage":0.0,"enemies":"Cultist and Chosen","floor":22.0,"turns":9.0},{"damage":4.0,"enemies":"Book of Stabbing","floor":23.0,"turns":5.0},{"damage":10.0,"enemies":"Slavers","floor":25.0,"turns":5.0},{"damage":11.0,"enemies":"Colosseum Slavers","floor":27.0,"turns":4.0},{"damage":9.0,"enemies":"Colosseum Nobs","floor":27.0,"turns":3.0},{"damage":5.0,"enemies":"Book of Stabbing","floor":30.0,"turns":5.0},{"damage":4.0,"enemies":"Snake Plant","floor":31.0,"turns":4.0},{"damage":0.0,"enemies":"Automaton","floor":33.0,"turns":15.0},{"damage":0.0,"enemies":"Orb Walker","floor":35.0,"turns":5.0},{"damage":2.0,"enemies":"Mind Bloom Boss Battle","floor":39.0,"turns":8.0},{"damage":1.0,"enemies":"Nemesis","floor":40.0,"turns":8.0},{"damage":12.0,"enemies":"3 Shapes","floor":41.0,"turns":7.0},{"damage":0.0,"enemies":"Giant Head","floor":42.0,"turns":11.0},{"damage":0.0,"enemies":"Maw","floor":44.0,"turns":8.0},{"damage":0.0,"enemies":"Nemesis","floor":46.0,"turns":7.0},{"damage":2.0,"enemies":"Spire Growth","floor":47.0,"turns":6.0},{"damage":6.0,"enemies":"Reptomancer","floor":48.0,"turns":6.0},{"damage":69.0,"enemies":"Awakened One","floor":50.0,"turns":17.0},{"damage":0,"enemies":"Shield and Spear","floor":54,"turns":7},{"damage":18,"enemies":"The Heart","floor":55,"turns":10}],"seed_played":"-2132483992542333718","potions_obtained":[{"floor":1.0,"key":"BlessingOfTheForge"},{"floor":8.0,"key":"EntropicBrew"},{"floor":11.0,"key":"Poison Potion"},{"floor":18.0,"key":"EssenceOfSteel"},{"floor":25.0,"key":"Swift Potion"},{"floor":30.0,"key":"Swift Potion"},{"floor":40.0,"key":"EntropicBrew"},{"floor":44.0,"key":"PowerPotion"},{"floor":46.0,"key":"DistilledChaos"},{"floor":47.0,"key":"LiquidMemories"}],"is_trial":false,"path_per_floor":["M","?","M","?","M","E","R","E","T","R","E","$","?","$","R","B",null,"M","M","?","M","M","E","R","E","T","?","?","$","E","M","R","B",null,"M","?","$","T","?","E","M","E","T","M","R","E","M","E","R","B",null,"R","$","E","B",null],"character_chosen":"THE_SILENT","items_purchased":["PreservedInsect","Caltrops","OrangePellets","Footwork","Chemical X","Dodge and Roll+1","War Paint","Outmaneuver+1","SpeedPotion","Dark Shackles+1","Deflect+1"],"campfire_rested":2,"item_purchase_floors":[14,14,29,37,37,37,53,53,53,53,53],"current_hp_per_floor":[70,59,47,30,27,19,40,36,36,36,40,40,40,40,40,28,80,77,71,71,68,68,64,64,54,54,34,18,18,13,9,48,48,80,80,80,80,80,78,77,65,65,65,65,65,65,63,64,64,10,87,87,87,87,74],"gold":66,"neow_bonus":"BOSS_RELIC","is_daily":false,"chose_seed":false,"campfire_upgraded":3,"win_rate":0.0,"timestamp":1612431286,"path_taken":["M","?","M","?","M","E","R","E","T","R","E","$","?","?","R","BOSS","M","M","?","M","M","E","R","E","T","?","?","$","E","M","R","BOSS","M","?","$","?","?","E","M","E","T","M","R","E","M","E","R","BOSS","R","$","E","BOSS"],"items_purchased_type":["Relic","Card","Relic","Card","Relic","Card","Relic","Card","Potion","Card","Card"],"build_version":"2020-12-22","purchased_purges":4,"victory":true,"max_hp_per_floor":[70,70,70,70,70,70,70,70,70,70,80,80,80,80,80,80,80,80,80,80,80,80,80,80,80,80,80,80,80,80,80,80,80,80,80,80,80,80,80,80,80,80,80,80,80,80,80,87,87,87,87,87,87,87,87],"card_choices":[{"not_picked":["Blade Dance","Endless Agony"],"picked":"Finisher","floor":1.0},{"not_picked":["Prepared","Outmaneuver"],"picked":"Leg Sweep","floor":3.0},{"not_picked":["Endless Agony","Predator"],"picked":"Caltrops","floor":5.0},{"not_picked":["Deflect","Poisoned Stab"],"picked":"Blade Dance","floor":6.0},{"not_picked":["Distraction+1","Underhanded Strike"],"picked":"Footwork","floor":8.0},{"not_picked":["Predator","Bane"],"picked":"Caltrops","floor":11.0},{"not_picked":["Bullet Time+1","Storm of Steel+1"],"picked":"Burst+1","floor":16.0},{"not_picked":["Outmaneuver+1","Dagger Throw+1"],"picked":"Cloak And Dagger+1","floor":18.0},{"not_picked":["Infinite Blades","Blade Dance+1"],"picked":"Dodge and Roll+1","floor":19.0},{"not_picked":["Prepared+1","All Out Attack"],"picked":"Escape Plan+1","floor":21.0},{"not_picked":["Cloak And Dagger+1","Slice+1"],"picked":"Calculated Gamble+1","floor":22.0},{"not_picked":["Quick Slash","Caltrops"],"picked":"Escape Plan+1","floor":23.0},{"not_picked":["Unload","Wraith Form v2","Skewer"],"picked":"SKIP","floor":25.0},{"not_picked":["Bane","Choke"],"picked":"Blur+1","floor":30.0},{"not_picked":["Slice+1","Dagger Spray","Catalyst+1"],"picked":"SKIP","floor":31.0},{"not_picked":["Storm of Steel+1","Phantasmal Killer+1"],"picked":"Night Terror+1","floor":33.0},{"not_picked":["Calculated Gamble+1","Prepared+1"],"picked":"Backflip+1","floor":35.0},{"not_picked":["Finisher+1","Outmaneuver+1"],"picked":"Backflip+1","floor":39.0},{"not_picked":["Dodge and Roll+1","Bullet Time+1"],"picked":"Cloak And Dagger+1","floor":40.0},{"not_picked":["Deflect+1","Masterful Stab","Backflip+1"],"picked":"SKIP","floor":41.0},{"not_picked":["Underhanded Strike","Footwork"],"picked":"Caltrops+1","floor":42.0},{"not_picked":["Eviscerate+1","Poisoned Stab+1"],"picked":"Tactician+1","floor":44.0},{"not_picked":["Quick Slash","Wraith Form v2","PiercingWail+1"],"picked":"SKIP","floor":46.0},{"not_picked":["Outmaneuver+1","Quick Slash+1","Bane+1"],"picked":"SKIP","floor":47.0},{"not_picked":["Quick Slash","Accuracy+1","Unload"],"picked":"SKIP","floor":48.0},{"not_picked":["Dagger Throw+1","Backstab","Poisoned Stab+1"],"picked":"SKIP","floor":54}],"player_experience":139332,"relics_obtained":[{"floor":6.0,"key":"Bag of Marbles"},{"floor":8.0,"key":"Toxic Egg 2"},{"floor":11.0,"key":"Pear"},{"floor":23.0,"key":"Unceasing Top"},{"floor":25.0,"key":"Vajra"},{"floor":26.0,"key":"Regal Pillow"},{"floor":27.0,"key":"Shovel"},{"floor":27.0,"key":"Sundial"},{"floor":28.0,"key":"Nilry\u0027s Codex"},{"floor":30.0,"key":"Girya"},{"floor":38.0,"key":"Smiling Mask"},{"floor":39.0,"key":"Torii"},{"floor":40.0,"key":"Ice Cream"},{"floor":42.0,"key":"InkBottle"},{"floor":43.0,"key":"Happy Flower"},{"floor":45.0,"key":"Tingsha"},{"floor":46.0,"key":"Bag of Preparation"},{"floor":48.0,"key":"Strawberry"},{"floor":49.0,"key":"Toy Ornithopter"},{"floor":54,"key":"Ornamental Fan"}],"event_choices":[{"damage_healed":0.0,"max_hp_gain":0.0,"max_hp_loss":0.0,"gold_gain":75.0,"event_name":"World of Goop","player_choice":"Gather Gold","floor":2.0,"gold_loss":0.0,"damage_taken":11.0},{"damage_healed":0.0,"max_hp_gain":0.0,"max_hp_loss":0.0,"gold_gain":0.0,"event_name":"Golden Idol","player_choice":"Take Damage","floor":4.0,"gold_loss":0.0,"damage_taken":17.0,"relics_obtained":["Golden Idol"]},{"cards_removed":["Defend_G"],"damage_healed":0.0,"max_hp_gain":0.0,"max_hp_loss":0.0,"gold_gain":0.0,"event_name":"Living Wall","player_choice":"Forget","floor":13.0,"gold_loss":0.0,"damage_taken":0.0},{"damage_healed":0.0,"max_hp_gain":0.0,"max_hp_loss":0.0,"gold_gain":99.0,"event_name":"Nest","player_choice":"Stole From Cult","floor":20.0,"gold_loss":0.0,"damage_taken":0.0},{"damage_healed":0.0,"max_hp_gain":0.0,"max_hp_loss":0.0,"gold_gain":0.0,"event_name":"Colosseum","player_choice":"Fight","floor":27.0,"gold_loss":0.0,"damage_taken":0.0},{"damage_healed":0.0,"max_hp_gain":0.0,"max_hp_loss":0.0,"gold_gain":0.0,"event_name":"Colosseum","player_choice":"Fought Nobs","floor":27.0,"gold_loss":0.0,"damage_taken":0.0},{"damage_healed":0.0,"max_hp_gain":0.0,"max_hp_loss":0.0,"gold_gain":0.0,"event_name":"Cursed Tome","player_choice":"Obtained Book","floor":28.0,"gold_loss":0.0,"damage_taken":16.0},{"cards_removed":["Strike_G"],"damage_healed":0.0,"max_hp_gain":0.0,"max_hp_loss":0.0,"gold_gain":0.0,"event_name":"Purifier","player_choice":"Purged","floor":36.0,"gold_loss":0.0,"damage_taken":0.0},{"damage_healed":0.0,"max_hp_gain":0.0,"max_hp_loss":0.0,"gold_gain":0.0,"event_name":"MindBloom","player_choice":"Fight","floor":39.0,"gold_loss":0.0,"damage_taken":0.0}],"is_beta":false,"boss_relics":[{"not_picked":["HoveringKite","Coffee Dripper"],"picked":"Philosopher\u0027s Stone"},{"not_picked":["Tiny House","Runic Dome"],"picked":"Empty Cage"}],"items_purged_floors":[12,29,37,53],"is_endless":false,"potions_floor_spawned":[1,8,11,18,23,25,30,40,44,46,47],"ascension_level":3}}