{"host":"815dqs41i1y8uxms","time":1612473536,"event":{"mods":["2.2 Compatiblity","A Penny For Your Troubles","Act Like it!","BaseMod","Dark Map","Elementarium","Fox Events","Jorbs\u0027s Wanderer Trilogy","Minty Spire (QoL Compilation)","Rare Cards Sparkle","Shop Mod","Spire Arcade","StSLib","The Marked"],"gold_per_floor":[114,130,250,269,269,296,296,311,334,334,334,334,354,368,368,468,468,484,484,70,87,104,104,104,24,24,24,24,39,119,135,135,135,135],"floor_reached":33,"language":"ENG","playtime":3731,"items_purged":[],"score":247,"play_id":"5c33917b-33c4-40c9-a703-7d60dd374f56","local_time":"20210204221856","is_ascension_mode":false,"campfire_choices":[{"floor":7,"key":"REST"},{"floor":10,"key":"REST"},{"floor":12,"key":"REST"},{"data":"theMarked:ComboAttacks","floor":15,"key":"SMITH"},{"data":"theMarked:SwordAndMagic","floor":23,"key":"SMITH"},{"floor":27,"key":"REST"},{"floor":32,"key":"REST"}],"circlet_count":0,"master_deck":["theMarked:Strike","theMarked:Strike","theMarked:Strike","theMarked:Strike","theMarked:Defend","theMarked:Defend+1","theMarked:Defend","theMarked:SoldierOfQuellstein","theMarked:ComboAttacks+1","theMarked:Static+1","theMarked:Parkour","theMarked:SwordAndMagic+1","theMarked:ChannelForce","theMarked:CreepingChasm","theMarked:Panic","theMarked:EmpowerWeapon","theMarked:Heritage","theMarked:Vacuum","Elementarium:StickyTar","theMarked:ElectricStrings+1","theMarked:MuscleMemory","theMarked:BanishingStrike","theMarked:WardOff","Elementarium:FireblessedBlade","Elementarium:WindblessedBlade","Elementarium:EarthblessedBlade","Elementarium:IceblessedBlade","Elementarium:VoidblessedBlade","theMarked:BanishingWave","theMarked:MagusForm","theMarked:Aftermath","theMarked:ComboAttacks+1"],"relics":["theMarked:ArtifactOfAir","Bottled Flame","Blood Vial","Elementarium:FlickeringLantern","MerchantsRug","Ornamental Fan"],"acts_visited":["Exordium","Elementarium:Elementarium"],"potions_floor_usage":[6,14,33,33,33],"damage_taken":[{"damage":12,"enemies":"Small Slimes","floor":1,"turns":5},{"damage":12,"enemies":"Jaw Worm","floor":2,"turns":4},{"damage":1,"enemies":"2 Louse","floor":4,"turns":2},{"damage":39,"enemies":"3 Sentries","floor":6,"turns":7},{"damage":4,"enemies":"Large Slime","floor":8,"turns":5},{"damage":0,"enemies":"3 Louse","floor":13,"turns":3},{"damage":0,"enemies":"2 Fungi Beasts","floor":14,"turns":3},{"damage":7,"enemies":"Slime Boss","floor":16,"turns":7},{"damage":14,"enemies":"Elementarium:MUD_AND_TAR_GOLEMS","floor":18,"turns":5},{"damage":9,"enemies":"Elementarium:Cyclone","floor":21,"turns":5},{"damage":17,"enemies":"Elementarium:3_ELEMENTALS","floor":22,"turns":4},{"damage":21,"enemies":"Elementarium:RubyGolem","floor":29,"turns":4},{"damage":9,"enemies":"Elementarium:Hydrostalker","floor":31,"turns":5},{"damage":35,"enemies":"Elementarium:PHOENIXES","floor":33,"turns":9}],"seed_played":"-6618171471425773779","potions_obtained":[{"floor":1,"key":"LiquidBronze"},{"floor":3,"key":"SpeedPotion"},{"floor":4,"key":"SpeedPotion"},{"floor":13,"key":"Energy Potion"},{"floor":21,"key":"EssenceOfSteel"},{"floor":29,"key":"SkillPotion"}],"is_trial":false,"path_per_floor":["M","M","?","M","T","E","R","M","T","R","?","R","M","M","R","B",null,"M","?","$","M","M","R","?","$","T","R","?","M","?","M","R","B"],"character_chosen":"THE_DEFAULT","items_purchased":["MerchantsRug","theMarked:MuscleMemory","Ornamental Fan","theMarked:BanishingWave","theMarked:MagusForm"],"campfire_rested":5,"item_purchase_floors":[20,20,20,25,25],"current_hp_per_floor":[58,46,46,45,45,6,27,23,23,44,37,58,60,62,62,57,70,56,56,56,49,34,34,34,34,34,42,39,20,20,13,25,0,0],"gold":135,"neow_bonus":"TRANSFORM_TWO_CARDS","is_daily":false,"chose_seed":false,"campfire_upgraded":2,"win_rate":0.0,"timestamp":1612473536,"path_taken":["M","M","?","M","?","E","R","M","T","R","?","R","M","M","R","BOSS","M","?","$","M","M","R","?","$","T","R","?","M","?","M","R","BOSS"],"items_purchased_type":["Relic","Card","Relic","Card","Card"],"build_version":"2020-12-22","purchased_purges":0,"victory":false,"max_hp_per_floor":[70,70,70,70,70,70,70,70,70,70,70,70,70,70,70,70,70,70,70,70,70,70,70,42,42,42,42,42,42,42,42,42,42,42],"card_choices":[{"not_picked":["theMarked:ChainLightning","theMarked:Frustration"],"picked":"theMarked:Parkour","floor":1},{"not_picked":["theMarked:Frustration","theMarked:ChainLightning"],"picked":"theMarked:SwordAndMagic","floor":2},{"not_picked":["theMarked:Heritage","theMarked:Convert"],"picked":"theMarked:ChannelForce","floor":4},{"not_picked":["theMarked:Aftermath","theMarked:Memento"],"picked":"theMarked:CreepingChasm","floor":6},{"not_picked":["theMarked:HeightenedSenses","theMarked:KeepCalmAndFight"],"picked":"theMarked:Panic","floor":8},{"not_picked":["theMarked:TunnelVision","theMarked:HeightenedSenses"],"picked":"theMarked:EmpowerWeapon","floor":13},{"not_picked":["theMarked:Frustration","theMarked:Memento"],"picked":"theMarked:Heritage","floor":14},{"not_picked":["theMarked:FavorableWinds","theMarked:ThrowWeapon"],"picked":"theMarked:Vacuum","floor":16},{"not_picked":["theMarked:ChainLightning","theMarked:Frustration"],"picked":"theMarked:ElectricStrings+1","floor":18},{"not_picked":["theMarked:Convert","theMarked:RepellingDischarge"],"picked":"theMarked:BanishingStrike","floor":21},{"not_picked":["theMarked:EmpowerWeapon","theMarked:BanishingStrike"],"picked":"theMarked:WardOff","floor":22},{"not_picked":["theMarked:TheMission","theMarked:TakeCover"],"picked":"theMarked:Aftermath","floor":29},{"not_picked":["theMarked:WastefulAttack","theMarked:ChainLightning"],"picked":"theMarked:ComboAttacks+1","floor":31}],"player_experience":3879997,"relics_obtained":[{"floor":5,"key":"Bottled Flame"},{"floor":6,"key":"War Paint"},{"floor":9,"key":"Blood Vial"}],"event_choices":[{"cards_removed":["Pain"],"damage_healed":0,"gold_gain":0,"player_choice":"Card Removal","damage_taken":7,"max_hp_gain":0,"max_hp_loss":0,"event_name":"Golden Wing","floor":11,"gold_loss":0},{"damage_healed":0,"gold_gain":0,"player_choice":"Take","damage_taken":0,"relics_obtained":["Elementarium:FlickeringLantern"],"max_hp_gain":0,"max_hp_loss":0,"event_name":"Elementarium:HeartOfTheVoid","floor":19,"gold_loss":0},{"damage_healed":0,"gold_gain":0,"player_choice":"Touch","damage_taken":0,"max_hp_gain":0,"max_hp_loss":28,"event_name":"Elementarium:ElementalBlades","floor":24,"gold_loss":0,"cards_obtained":["Elementarium:FireblessedBlade","Elementarium:WindblessedBlade","Elementarium:EarthblessedBlade","Elementarium:IceblessedBlade","Elementarium:VoidblessedBlade"]},{"damage_healed":0,"gold_gain":0,"player_choice":"Poke through","damage_taken":3,"max_hp_gain":0,"max_hp_loss":0,"event_name":"Elementarium:GreatTreasure","floor":28,"gold_loss":0},{"damage_healed":0,"gold_gain":80,"player_choice":"Punish","damage_taken":0,"max_hp_gain":0,"max_hp_loss":0,"event_name":"Elementarium:BladeSeller","floor":30,"gold_loss":0}],"is_beta":false,"boss_relics":[{"not_picked":["Snecko Eye","Runic Dome"],"picked":"Velvet Choker"}],"items_purged_floors":[],"is_endless":false,"potions_floor_spawned":[1,4,13,21,29],"killed_by":"Elementarium:PHOENIXES","ascension_level":0}}