{"host":"yans4pr1zf0lm9bx","time":1612475308,"event":{"mods":["AchievementEnabler","BaseMod","Downfall","Minty Spire (QoL Compilation)","StSLib","SuperFastMode","slay the spire mod where everything is the same but ironclad has a cowboy hat"],"gold_per_floor":[99,114,129,54,68,94,117,67,176,126,159,231,300,359,383,494,494,444,472,522,549,621,821,821,839,908,936,886,920,870,883,907,1006,1006,956,981,468,355,459,478,478,228,248,123,173,209,59,100,120,120,120,159,71,21,21,21,21,21],"floor_reached":56,"language":"ENG","playtime":5134,"items_purged":["Slimebound:Strike_Slimebound","Slimebound:Strike_Slimebound","Slimebound:Defend_Slimebound"],"score":980,"play_id":"28f3ff82-19ff-4249-a190-4314ebcd0f14","local_time":"20210204164828","is_ascension_mode":true,"campfire_choices":[{"data":"Slimebound:CorrosiveSpit","floor":1,"key":"SMITH"},{"data":"Slimebound:GrowthPunch","floor":8,"key":"SMITH"},{"data":"Slimebound:Split","floor":10,"key":"SMITH"},{"data":"Slimebound:SlimeTap","floor":18,"key":"SMITH"},{"data":"Slimebound:DivideAndConquer","floor":28,"key":"SMITH"},{"floor":30,"key":"RECALL"},{"data":"Slimebound:SelfFormingGoo","floor":35,"key":"SMITH"},{"data":"Madness","floor":42,"key":"SMITH"},{"data":"Thinking Ahead","floor":47,"key":"SMITH"},{"data":"Slimebound:WasteNot","floor":54,"key":"SMITH"}],"circlet_count":0,"master_deck":["Slimebound:Strike_Slimebound+1","Slimebound:Tackle","Slimebound:Defend_Slimebound+1","Slimebound:Defend_Slimebound+1","Slimebound:Defend_Slimebound+1","Slimebound:Split+1","Slimebound:CorrosiveSpit+1","Slimebound:GrowthPunch+1","Slimebound:MegaLick","Slimebound:HauntingLick","Slimebound:SlimeTap+1","Slimebound:HungryTackle","Slimebound:DivideAndConquer+1","Slimebound:SlimeTap+1","Slimebound:Schlurp","Slimebound:Prepare+1","Slimebound:HauntingLick+1","Slimebound:Chomp","Slimebound:SplitLeeching","Slimebound:MegaLick","Slimebound:GrowthPunch+1","Slimebound:WasteNot+1","Slimebound:ProtectTheBoss","Slimebound:HauntingLick","Thinking Ahead+1","Slimebound:Replication+1","Slimebound:HauntingLick","Madness+1","Slimebound:HauntingLick+1","Slimebound:Nibble","Slimebound:SplitAcid+1","Slimebound:SamplingLick","Slimebound:SlimeTap+1","Slimebound:ComboTackle+1","Impatience"],"relics":["Slimebound:AbsorbEndCombat","Unceasing Top","Slimebound:GreedOozeRelic","CeramicFish","downfall:CloakOfManyFaces","CultistMask","FaceOfCleric","NlothsMask","GremlinMask","SsserpentHead","Vajra","sneckomod:SneckoTalon","Spirit Poop","champ:DuelingGlove","expansioncontent:StudyCardRelic","FossilizedHelix","Sundial","Slimebound:PotencyRelic","downfall:HeartBlessingBlue","downfall:HeartBlessingRed","CaptainsWheel","downfall:HeartBlessingGreen","Art of War","sneckomod:BlankCard"],"acts_visited":["Exordium","TheCity","TheBeyond","TheEnding"],"potions_floor_usage":[9,29,36,39,43,46,52,55],"damage_taken":[{"damage":0,"enemies":"Small Slimes","floor":2,"turns":4},{"damage":1,"enemies":"Cultist","floor":3,"turns":4},{"damage":0,"enemies":"2 Louse","floor":5,"turns":3},{"damage":21,"enemies":"Gremlin Nob","floor":6,"turns":4},{"damage":11,"enemies":"downfall:FaceTrader","floor":9,"turns":9},{"damage":4,"enemies":"3 Sentries","floor":11,"turns":4},{"damage":16,"enemies":"Lots of Slimes","floor":12,"turns":3},{"damage":1,"enemies":"3 Louse","floor":13,"turns":2},{"damage":3,"enemies":"Gremlin Gang","floor":15,"turns":3},{"damage":12,"enemies":"IC_STATUS_ARCHETYPE","floor":16,"turns":5},{"damage":4,"enemies":"Chosen","floor":19,"turns":2},{"damage":4,"enemies":"Centurion and Healer","floor":21,"turns":4},{"damage":12,"enemies":"Snecko","floor":22,"turns":3},{"damage":0,"enemies":"Cultist and Chosen","floor":25,"turns":3},{"damage":6,"enemies":"3 Cultists","floor":26,"turns":3},{"damage":0,"enemies":"Snake Plant","floor":27,"turns":2},{"damage":29,"enemies":"Slavers","floor":29,"turns":5},{"damage":0,"enemies":"Shelled Parasite and Fungi","floor":31,"turns":2},{"damage":5,"enemies":"Sentry and Sphere","floor":32,"turns":3},{"damage":23,"enemies":"DF_ARCHETYPE_CLAW","floor":33,"turns":6},{"damage":16,"enemies":"3 Darklings","floor":36,"turns":3},{"damage":0,"enemies":"downfall:FleeingMerchant","floor":37,"turns":4},{"damage":0,"enemies":"downfall:FleeingMerchant","floor":38,"turns":4},{"damage":0,"enemies":"2 Orb Walkers","floor":39,"turns":4},{"damage":0,"enemies":"Orb Walker","floor":40,"turns":2},{"damage":26,"enemies":"3 Darklings","floor":43,"turns":4},{"damage":1,"enemies":"Nemesis","floor":46,"turns":3},{"damage":0,"enemies":"Giant Head","floor":48,"turns":4},{"damage":0,"enemies":"Maw","floor":49,"turns":3},{"damage":61,"enemies":"SI_POISON_ARCHETYPE","floor":50,"turns":6},{"damage":0,"enemies":"downfall:CharBossMerchant","floor":52,"turns":4},{"damage":21,"enemies":"downfall:NeowBoss","floor":55,"turns":11},{"damage":116,"enemies":"downfall:NeowBossFinal","floor":56,"turns":7}],"seed_played":"1664992575679610388","potions_obtained":[{"floor":2,"key":"Energy Potion"},{"floor":6,"key":"Swift Potion"},{"floor":15,"key":"Weak Potion"},{"floor":16,"key":"Strength Potion"},{"floor":29,"key":"PowerPotion"},{"floor":31,"key":"Regen Potion"},{"floor":36,"key":"Explosive Potion"},{"floor":46,"key":"SkillPotion"},{"floor":52,"key":"BlessingOfTheForge"}],"is_trial":false,"path_per_floor":["R","M","M","?","M","E","T","R","?","R","E","M","M","?","M","B",null,"R","M","?","M","M","?","T","M","M","M","R","E","R","M","M","B",null,"R","M","?","$","?","M","T","R","M","$","?","E","R","E","M","B",null,"E","$","R","B","B"],"character_chosen":"SLIMEBOUND","items_purchased":["FossilizedHelix","Thinking Ahead","Sundial","Slimebound:HauntingLick","Madness","Impatience"],"campfire_rested":0,"item_purchase_floors":[37,37,38,38,38,53],"current_hp_per_floor":[47,53,56,56,58,41,41,41,38,38,43,34,36,36,42,37,70,70,71,71,72,65,65,65,74,72,76,76,54,54,61,65,51,80,80,73,82,83,84,85,85,95,70,70,70,83,83,92,99,39,100,101,101,101,81,0,0,0],"gold":21,"neow_bonus":"ONE_RARE_RELIC","is_daily":false,"chose_seed":false,"campfire_upgraded":9,"win_rate":0.0,"timestamp":1612475308,"path_taken":["R","M","M","?","M","E","T","R","?","R","E","?","?","?","M","BOSS","R","M","?","M","?","?","T","M","?","M","R","E","R","M","M","BOSS","R","M","?","$","?","M","T","R","M","$","?","E","R","E","M","BOSS","E","$","R","BOSS","BOSS"],"items_purchased_type":["Relic","Card","Relic","Card","Card","Card"],"build_version":"2020-12-22","purchased_purges":3,"victory":false,"max_hp_per_floor":[65,65,65,65,65,65,65,65,65,65,66,67,68,68,69,70,70,70,71,71,72,73,73,73,74,75,76,76,77,77,78,79,80,80,80,81,82,83,84,85,85,95,96,96,96,97,97,98,99,100,100,101,101,101,102,102,102,102],"card_choices":[{"not_picked":["Slimebound:LivingWall","Slimebound:ForwardTackle"],"picked":"Slimebound:GrowthPunch","floor":2},{"not_picked":["Slimebound:RainOfGoop","Slimebound:SplitLeeching"],"picked":"Slimebound:MegaLick","floor":3},{"not_picked":["Slimebound:Grow","Slimebound:RollThrough"],"picked":"Slimebound:HauntingLick","floor":5},{"not_picked":["Slimebound:FlameTackle","Slimebound:ProtectTheBoss"],"picked":"Slimebound:SlimeTap","floor":6},{"not_picked":["Slimebound:Grow","Slimebound:DisruptingSlam"],"picked":"Slimebound:HungryTackle","floor":9},{"not_picked":["Slimebound:FinishingTackle","Slimebound:ComboTackle","Slimebound:Grow"],"picked":"SKIP","floor":11},{"not_picked":["Slimebound:Equalize","Slimebound:LeechingTouch"],"picked":"Slimebound:DivideAndConquer","floor":12},{"not_picked":["Slimebound:RejuvenatingLick","Slimebound:HauntingLick"],"picked":"Slimebound:SlimeTap","floor":13},{"not_picked":["Slimebound:SpikyOuterGoop","Slimebound:FinishingTackle"],"picked":"Slimebound:Schlurp","floor":15},{"not_picked":["Slimebound:MinionMaster","Slimebound:Teamwork"],"picked":"Slimebound:SelfFormingGoo","floor":16},{"not_picked":["Slimebound:FinishingTackle+1","Slimebound:Schlurp"],"picked":"Slimebound:Prepare+1","floor":19},{"not_picked":["Slimebound:FinishingTackle","Slimebound:SplitSpecialist+1"],"picked":"Slimebound:HauntingLick+1","floor":21},{"not_picked":["Slimebound:Replication+1","Slimebound:TongueLash"],"picked":"Slimebound:Chomp","floor":22},{"not_picked":["Slimebound:ViciousTackle","Slimebound:SpikyOuterGoop","Slimebound:LeechingTouch+1"],"picked":"SKIP","floor":25},{"not_picked":["Slimebound:LeechingTouch","Slimebound:GrowthPunch"],"picked":"Slimebound:SplitLeeching","floor":26},{"not_picked":["Slimebound:Chomp","Slimebound:AcidTongue+1"],"picked":"Slimebound:MegaLick","floor":27},{"not_picked":["Slimebound:LeadByExample","Slimebound:ItLooksTasty"],"picked":"Slimebound:GrowthPunch+1","floor":29},{"not_picked":["Slimebound:ItLooksTasty","Slimebound:LivingWall","Slimebound:ComboTackle"],"picked":"SKIP","floor":31},{"not_picked":["Slimebound:Schlurp","Slimebound:SlimeSpikes"],"picked":"Slimebound:WasteNot","floor":32},{"not_picked":["Slimebound:FinishingTackle","Slimebound:ServeAndProtect+1"],"picked":"Slimebound:ProtectTheBoss","floor":36},{"not_picked":["Slimebound:ServeAndProtect","Slimebound:SplitAcid"],"picked":"Slimebound:HauntingLick","floor":37},{"not_picked":["Slimebound:ComboTackle","Slimebound:AcidTongue+1"],"picked":"Slimebound:Replication+1","floor":38},{"not_picked":["Slimebound:Grow","Slimebound:ServeAndProtect+1"],"picked":"Slimebound:HauntingLick+1","floor":40},{"not_picked":["Slimebound:SplitBruiser","Slimebound:PressTheAttack+1"],"picked":"Slimebound:Nibble","floor":43},{"not_picked":["Slimebound:SpikyOuterGoop","Slimebound:Prepare+1"],"picked":"Slimebound:SplitAcid+1","floor":46},{"not_picked":["Slimebound:LeechingTouch","Slimebound:RollThrough"],"picked":"Slimebound:SamplingLick","floor":48},{"not_picked":["Slimebound:SplitMire+1","Slimebound:GoopSpray"],"picked":"Slimebound:SlimeTap+1","floor":49},{"not_picked":["Slimebound:SplitAcid+1","Slimebound:PrepareCrush"],"picked":"Slimebound:ComboTackle+1","floor":52}],"player_experience":337498,"relics_obtained":[{"floor":6,"key":"War Paint"},{"floor":7,"key":"CeramicFish"},{"floor":9,"key":"downfall:CloakOfManyFaces"},{"floor":11,"key":"Vajra"},{"floor":29,"key":"champ:DuelingGlove"},{"floor":39,"key":"Slimebound:PotencyRelic"},{"floor":46,"key":"CaptainsWheel"},{"floor":48,"key":"Art of War"},{"floor":52,"key":"sneckomod:BlankCard"}],"event_choices":[{"cards_removed":["downfall:Malfunctioning"],"damage_healed":0,"gold_gain":0,"player_choice":"Offered Curse","damage_taken":0,"relics_obtained":["Spirit Poop"],"max_hp_gain":0,"max_hp_loss":0,"event_name":"Bonfire Elementals","floor":20,"gold_loss":0},{"damage_healed":0,"gold_gain":0,"player_choice":"Fight","damage_taken":0,"max_hp_gain":0,"max_hp_loss":0,"event_name":"Mysterious Sphere","floor":39,"gold_loss":0},{"cards_removed":["Slimebound:SelfFormingGoo"],"damage_healed":0,"gold_gain":0,"player_choice":"Removed Power","damage_taken":0,"max_hp_gain":0,"max_hp_loss":0,"event_name":"Falling","floor":45,"gold_loss":0}],"is_beta":false,"boss_relics":[{"not_picked":["bronze:MakeshiftBattery","Tiny House"],"picked":"sneckomod:SneckoTalon"},{"not_picked":["Snecko Eye","Calling Bell"],"picked":"expansioncontent:StudyCardRelic"}],"items_purged_floors":[37,38,44],"is_endless":false,"potions_floor_spawned":[2,6,15,16,19,21,29,31,32,33,36,46,52],"killed_by":"downfall:NeowBossFinal","ascension_level":1}}