{"host":"ucgrft0m53zzt06v","time":1612440251,"event":{"mods":["BaseMod","Colored Map","Colored Powertips","Conspire","HololiveMod","KinomotoSakuraMod(木之本樱)","Lobotomy","Minty Spire (QoL Compilation)","Quick Restart","Replay The Spire","Shop Mod","Spicy Shops","StSLib","Td1madao Mod","The Senshi","Waifu the Spire","WarShipGirlsR/战舰少女R mod","【遗物卡牌】REMEMod"],"gold_per_floor":[116,41,41,88,13,42,42,67,135,149,149,160,178,30,30,129,129,146,23,23,32,51,41,56,56,56,90,105,1019,1019,1030,1030,1134,1134,1151,1171,459,459,958,958,989,1001,1001,1001,1051,1051,1029,1041,1041,1041],"floor_reached":51,"language":"ZHS","playtime":6490,"items_purged":["Defend_R","Strike_R","Battle Trance","Clash+1","Normality"],"score":1220,"play_id":"c66148df-9d77-44c4-840d-e8319eab4c83","local_time":"20210204200411","is_ascension_mode":true,"campfire_choices":[{"data":"REME_Scribble","floor":7.0,"key":"SMITH"},{"data":"Clash","floor":11.0,"key":"SMITH"},{"data":"Bash","floor":15.0,"key":"SMITH"},{"data":"Rampage","floor":25,"key":"SMITH"},{"data":"Pot Of Greed","floor":30,"key":"SMITH"},{"data":"Pot Of Greed","floor":32,"key":"SMITH"},{"data":"Warcry","floor":40,"key":"SMITH"},{"data":"Offering","floor":44,"key":"SMITH"},{"data":"REME_MagicPocketWatch","floor":46,"key":"SMITH"},{"data":"Heavy Blade","floor":49,"key":"SMITH"}],"circlet_count":0,"master_deck":["Strike_R","Strike_R","Strike_R","Strike_R","Defend_R","Defend_R","Bash+1","REME_Scribble+1","Warcry+1","Offering+1","REME_MagicPocketWatch+1","Pot Of Greed+1","Pot Of Greed+1","Rampage+1","Armaments+1","Havoc+1","conspire:Banana+1","Apotheosis+1","Flex+1","Offering+1","Shrug It Off+1","Shrug It Off+1","Pot Of Greed+1","Dramatic Entrance","Infernal Blade+1","conspire:Banana+1","Heavy Blade+1"],"relics":["Burning Blood","REME_ComplimentaryCards","NeowsBlessing","Replay:Mystery Machine","REME_HandOfSuture","Hololive_LightStick","Charon\u0027s Ashes","Shuriken","Membership Card","Coffee Dripper","REME_OnlineShoppingPlatform","Grinning Jar","Replay:WaspNest","Toxic Egg 2","Potion Belt","MerchantsRug","ClockworkSouvenir","conspire:TreasureMap","conspire:DecoderRing","PreservedInsect","Magic Flower","ReplayTheSpireMod:Spearhead","Ring of Chaos","BargainBundle","Self Forming Clay","Divine Protection","Orichalcum","Kunai","Toolbox","Bronze Scales","ReplayTheSpireMod:Lightbulb","Sundial","OrangePellets","REME_CardOfGreed","Dead Branch","Ancient Tea Set","Omamori","Pear","Boot","Iron Hammer","conspire:Flyswatter","Brimstone","Orrery"],"acts_visited":["Exordium","TheCity","TheBeyond"],"potions_floor_usage":[21,23,23,29,29],"damage_taken":[{"damage":0.0,"enemies":"Cultist","floor":1.0,"turns":1.0},{"damage":0.0,"enemies":"Gremlin Nob","floor":6.0,"turns":1.0},{"damage":0.0,"enemies":"Lagavulin","floor":8.0,"turns":1.0},{"damage":10.0,"enemies":"Jaw Worm","floor":10.0,"turns":2.0},{"damage":6.0,"enemies":"conspire:RoseBush","floor":12.0,"turns":1.0},{"damage":0.0,"enemies":"3 Louse","floor":13.0,"turns":2.0},{"damage":0.0,"enemies":"Slime Boss","floor":16.0,"turns":5.0},{"damage":0.0,"enemies":"conspire:FuzzyDice","floor":18.0,"turns":4.0},{"damage":3,"enemies":"conspire:MimicChest","floor":21,"turns":3},{"damage":4,"enemies":"Chosen","floor":22,"turns":4},{"damage":25,"enemies":"Slavers","floor":23,"turns":4},{"damage":9,"enemies":"Snecko","floor":24,"turns":4},{"damage":42,"enemies":"REME_1_Revenger","floor":27,"turns":3},{"damage":13,"enemies":"Snake Plant","floor":28,"turns":3},{"damage":0,"enemies":"Chosen and Byrds","floor":31,"turns":2},{"damage":8,"enemies":"Collector","floor":33,"turns":6},{"damage":10,"enemies":"Orb Walker","floor":35,"turns":2},{"damage":9,"enemies":"3 Shapes","floor":36,"turns":2},{"damage":0,"enemies":"R_Hoarder","floor":41,"turns":2},{"damage":0,"enemies":"3 Darklings","floor":42,"turns":2},{"damage":0,"enemies":"Spire Growth","floor":48,"turns":1},{"damage":0,"enemies":"Awakened One","floor":50,"turns":3}],"seed_played":"-1111400167414223353","potions_obtained":[{"floor":1.0,"key":"DistilledChaos"},{"floor":8.0,"key":"Explosive Potion"},{"floor":13.0,"key":"Regen Potion"},{"floor":16.0,"key":"Reflective Coating"},{"floor":28,"key":"BlessingOfTheForge"}],"is_trial":false,"path_per_floor":["M","$","?","T","$","E","R","E","T","M","R","M","M","$","R","B",null,"M","$","?","?","M","E","M","R","T","E","M","$","R","M","R","B",null,"M","M","$","?","$","R","E","M","T","R","T","R","$","M","R","B",null],"character_chosen":"IRONCLAD","items_purchased":["Replay:Mystery Machine","Membership Card","REME_OnlineShoppingPlatform","REME_MagicPocketWatch","MerchantsRug","ClockworkSouvenir","conspire:TreasureMap","conspire:DecoderRing","PreservedInsect","Magic Flower","ReplayTheSpireMod:Spearhead","conspire:Banana+1","Apotheosis+1","BargainBundle","Self Forming Clay","Divine Protection","Orichalcum","Kunai","Toolbox","Shrug It Off+1","Bronze Scales","ReplayTheSpireMod:Lightbulb","Sundial","OrangePellets","REME_CardOfGreed","Dead Branch","Dramatic Entrance","Pear","Boot","Iron Hammer","conspire:Flyswatter","Brimstone","conspire:Banana+1","Orrery"],"campfire_rested":0,"item_purchase_floors":[2,14,19,19,29,29,29,29,29,29,29,29,29,37,37,37,37,37,37,37,39,39,39,39,39,39,39,47,47,47,47,47,47,47],"current_hp_per_floor":[80,80,73,73,73,79,79,80,80,79,79,79,86,86,86,89,89,92,92,92,95,98,82,82,82,82,49,45,73,73,90,90,99,125,130,135,135,135,135,135,142,147,147,147,147,147,157,162,162,171],"gold":1041,"neow_bonus":"THREE_ENEMY_KILL","is_daily":false,"chose_seed":false,"campfire_upgraded":10,"win_rate":0.0,"timestamp":1612440251,"path_taken":["M","$","?","?","?","E","R","E","T","M","R","M","M","$","R","BOSS","M","$","?","?","M","E","?","R","T","E","M","$","R","M","R","BOSS","M","M","$","?","$","R","E","?","T","R","?","R","$","M","R","BOSS"],"items_purchased_type":["Relic","Relic","Relic","Card","Relic","Relic","Relic","Relic","Relic","Relic","Relic","Card","Card","Relic","Relic","Relic","Relic","Relic","Relic","Card","Relic","Relic","Relic","Relic","Relic","Relic","Card","Relic","Relic","Relic","Relic","Relic","Card","Relic"],"build_version":"2020-12-22","purchased_purges":5,"victory":true,"max_hp_per_floor":[80,80,80,80,80,80,80,80,80,83,83,83,86,86,86,89,89,92,92,92,95,98,101,104,104,104,107,110,115,115,120,120,125,125,130,135,135,135,135,135,142,147,147,147,147,147,157,162,162,171],"card_choices":[{"not_picked":["Heavy Blade","Entrench","Body Slam"],"picked":"SKIP","floor":1.0},{"not_picked":["Run Through","Wild Strike"],"picked":"Warcry","floor":6.0},{"not_picked":["REME_Scribble","Replay:Undeath\u0027s Touch"],"picked":"Clash","floor":8.0},{"not_picked":["Armaments","Heavy Blade"],"picked":"Battle Trance","floor":10.0},{"not_picked":["Twin Strike","Flame Barrier","Metallicize"],"picked":"SKIP","floor":12.0},{"not_picked":["Anger","Carnage","Armaments"],"picked":"SKIP","floor":13.0},{"not_picked":["Juggernaut","Bludgeon"],"picked":"Offering","floor":16.0},{"not_picked":["Spot Weakness+1","Warcry+1","Massacre"],"picked":"SKIP","floor":18.0},{"not_picked":["Wild Strike","Cleave","Body Slam+1"],"picked":"SKIP","floor":22},{"not_picked":["Uppercut+1","REME_FearOfPain"],"picked":"Rampage","floor":23},{"not_picked":["Disarm","REME_Cut","REME_Scribble"],"picked":"SKIP","floor":24},{"not_picked":["Barricade","ReplayReversal+1"],"picked":"Armaments+1","floor":27},{"not_picked":["Headbutt","Dropkick+1"],"picked":"Havoc+1","floor":28},{"not_picked":["Clash","Iron Wave+1"],"picked":"Flex+1","floor":31},{"not_picked":["Hemogenesis","Replay:Many Hands+1"],"picked":"Offering+1","floor":33},{"not_picked":["Cleave+1","Abandon+1","Iron Wave"],"picked":"SKIP","floor":35},{"not_picked":["Sword Boomerang","Rage+1","Pommel Strike+1"],"picked":"SKIP","floor":36},{"not_picked":["Cleave+1","Headbutt+1","Abandon+1"],"picked":"SKIP","floor":41},{"not_picked":["Seeing Red+1","Rage+1"],"picked":"Infernal Blade+1","floor":42},{"not_picked":["Burning Pact+1","Power Through+1"],"picked":"Heavy Blade","floor":47},{"not_picked":["Defy Death+1","Clothesline+1","Sentinel+1"],"picked":"SKIP","floor":48}],"player_experience":188637,"relics_obtained":[{"floor":4.0,"key":"REME_HandOfSuture"},{"floor":6.0,"key":"Hololive_LightStick"},{"floor":8.0,"key":"Charon\u0027s Ashes"},{"floor":9.0,"key":"Shuriken"},{"floor":21,"key":"Grinning Jar"},{"floor":23,"key":"Replay:WaspNest"},{"floor":26,"key":"Toxic Egg 2"},{"floor":27,"key":"Potion Belt"},{"floor":41,"key":"Ancient Tea Set"},{"floor":43,"key":"Omamori"}],"event_choices":[{"cards_removed":["Defend_R"],"damage_healed":0.0,"max_hp_gain":0.0,"max_hp_loss":0.0,"gold_gain":0.0,"event_name":"Golden Wing","player_choice":"Card Removal","floor":3.0,"gold_loss":0.0,"damage_taken":7.0},{"damage_healed":0.0,"max_hp_gain":0.0,"max_hp_loss":0.0,"gold_gain":0.0,"event_name":"conspire:Investor","player_choice":"Leave","floor":20.0,"gold_loss":0.0,"damage_taken":0.0},{"damage_healed":0,"gold_gain":0,"player_choice":"Bought 0 Potions","damage_taken":0,"max_hp_gain":0,"max_hp_loss":0,"event_name":"The Woman in Blue","floor":38,"gold_loss":0}],"is_beta":false,"boss_relics":[{"not_picked":["REME_ChargedStone","Calling Bell"],"picked":"Coffee Dripper"},{"not_picked":["ChewingGum","Hololive_ChaosS"],"picked":"Ring of Chaos"}],"items_purged_floors":[5,29,37,37,39],"is_endless":false,"potions_floor_spawned":[1,8,13,16,21,23,28,31,48],"ascension_level":4}}