{"host":"u8jm3mkzbb0z8q6m","time":1612414478,"event":{"mods":["BaseMod","Challenge The Spire","Colored Powertips","Minty Spire (QoL Compilation)","Quick Restart","Replay The Spire","Spicy Shops","StSLib","¡¾ÒÅÎï¿¨ÅÆ¡¿REMEMod"],"gold_per_floor":[112,112,127,127,127,161,172,72,99,126,142,142,153,169,169,272,272,283,283,283,293,74,109,109,136,136,171,171,182,201,221,221,319,319,331,331,345,345,380,380,420,448,448,458,489,489,523,537,537,537,537],"floor_reached":50,"language":"ZHS","playtime":4644,"items_purged":[],"score":1275,"play_id":"33ef2570-4b00-4e74-ac65-f9337656dc94","local_time":"20210204135438","is_ascension_mode":true,"campfire_choices":[{"data":"Prepared","floor":12,"key":"SMITH"},{"data":"ReplayTheSpireMod:The Works","floor":15,"key":"SMITH"},{"data":"REME_CRH","floor":24,"key":"SMITH"},{"data":"Prepared","floor":32,"key":"SMITH"},{"data":"REME_ShadowForm","floor":40,"key":"SMITH"},{"data":"Pot Of Greed","floor":46,"key":"SMITH"},{"data":"Pot Of Greed","floor":49,"key":"SMITH"}],"circlet_count":0,"master_deck":["Strike_G","Strike_G","Strike_G","Strike_G","Defend_G","Defend_G","Defend_G+2","Defend_G","Survivor","Neutralize","REME_CRH+1","Prepared+1","ReplayTheSpireMod:The Works+1","All Out Attack+1","ReplayTheSpireMod:Speed Training","Prepared+1","Quick Slash","REME_ShadowStrike","Slice","Quick Slash","REME_SpectralBlade","Underhanded Strike+1","Hidden Blade","Hidden Blade+1","Concentrate","Tactician","Dagger Throw","ReplayTheSpireMod:The Works+1","Venomology","ReplayTheSpireMod:Splinters","Injury","Regret","REME_ShadowForm+1","Spreading Infection","ReplayTheSpireMod:Splinters","Hidden Blade+1","Reflex","Hidden Blade","Pot Of Greed+1","Pot Of Greed","Pot Of Greed","Pot Of Greed+1","Calculated Gamble+1","Dagger Throw"],"relics":["Ring of the Snake","REME_ComplimentaryCards","NeowsBlessing","Ancient Tea Set","Gambling Chip","HandDrill","Simple Rune","Replay:Towering Pillar of Hats","Philosopher\u0027s Stone","Lee\u0027s Waffle","REME_HourglassOfDeath","Ninja Scroll","Bottled Flame","PreservedInsect","Replay:Ancient Bell","Boot","Darkstone Periapt","Replay:Kaleidoscope","Ring of Misfortune","Ring of Hypnosis","FossilizedHelix","War Paint","Toy Ornithopter","Grinning Jar","Oddly Smooth Stone"],"acts_visited":["Exordium","TheCity","TheBeyond"],"potions_floor_usage":[10,16,16,23,33,33,41,41,42,44,45,47,48,50,50,50],"damage_taken":[{"damage":0,"enemies":"Jaw Worm","floor":1,"turns":1},{"damage":0,"enemies":"Cultist","floor":3,"turns":1},{"damage":0,"enemies":"Gremlin Nob","floor":6,"turns":1},{"damage":0,"enemies":"Small Slimes","floor":7,"turns":1},{"damage":3,"enemies":"3 Sentries","floor":10,"turns":6},{"damage":4,"enemies":"Looter","floor":11,"turns":3},{"damage":0,"enemies":"3 Louse","floor":13,"turns":1},{"damage":0,"enemies":"Red Slaver","floor":14,"turns":1},{"damage":37,"enemies":"The Guardian","floor":16,"turns":7},{"damage":8,"enemies":"Chosen","floor":18,"turns":2},{"damage":11,"enemies":"3 Byrds","floor":21,"turns":3},{"damage":10,"enemies":"REME_1_Revenger","floor":23,"turns":3},{"damage":0,"enemies":"Book of Stabbing","floor":25,"turns":2},{"damage":0,"enemies":"Replay:Snechameleon","floor":27,"turns":1},{"damage":17,"enemies":"Centurion and Healer","floor":29,"turns":4},{"damage":0,"enemies":"Shelled Parasite and Fungi","floor":30,"turns":1},{"damage":0,"enemies":"Snake Plant","floor":31,"turns":1},{"damage":37,"enemies":"Pondfish","floor":33,"turns":5},{"damage":0,"enemies":"Orb Walker","floor":35,"turns":1},{"damage":0,"enemies":"3 Darklings","floor":37,"turns":1},{"damage":0,"enemies":"Sphere and 2 Shapes","floor":41,"turns":3},{"damage":0,"enemies":"R_Hoarder","floor":42,"turns":4},{"damage":0,"enemies":"Transient","floor":44,"turns":5},{"damage":0,"enemies":"Reptomancer","floor":45,"turns":1},{"damage":0,"enemies":"R_Hoarder","floor":47,"turns":5},{"damage":0,"enemies":"Spire Growth","floor":48,"turns":1},{"damage":119,"enemies":"Time Eater","floor":50,"turns":10}],"seed_played":"-2267598325933289588","potions_obtained":[{"floor":7,"key":"Fire Potion"},{"floor":11,"key":"Regen Potion"},{"floor":14,"key":"DistilledChaos"},{"floor":21,"key":"LifebloodPotion"},{"floor":25,"key":"SkillPotion"},{"floor":30,"key":"AttackPotion"},{"floor":31,"key":"Swift Potion"},{"floor":35,"key":"REME_GoldPotion"},{"floor":42,"key":"EssenceOfSteel"},{"floor":45,"key":"Languid Potion"}],"is_trial":false,"path_per_floor":["M","?","M","?","$","E","M","$","T","E","M","R","M","M","R","B",null,"M","?","?","M","$","E","R","E","T","E","?","M","M","M","R","B",null,"M","?","M","?","?","R","M","E","T","M","E","R","E","M","R","B"],"character_chosen":"THE_SILENT","items_purchased":["Prepared","HandDrill","Hidden Blade","Lee\u0027s Waffle"],"campfire_rested":0,"item_purchase_floors":[8,8,22,22],"current_hp_per_floor":[70,70,70,70,70,70,70,70,70,67,63,63,63,63,63,40,70,62,49,49,38,82,72,72,72,72,72,72,55,55,55,55,18,100,100,100,100,106,112,112,112,112,112,112,112,112,112,112,112,0,0],"gold":537,"neow_bonus":"THREE_ENEMY_KILL","is_daily":false,"chose_seed":false,"campfire_upgraded":7,"win_rate":0.0,"timestamp":1612414478,"path_taken":["M","?","M","?","?","E","M","$","T","E","?","R","M","M","R","BOSS","M","?","?","M","$","E","R","E","T","E","?","M","M","?","R","BOSS","M","?","?","?","?","R","M","E","T","?","E","R","E","M","R","BOSS"],"items_purchased_type":["Card","Relic","Card","Relic"],"build_version":"2020-12-22","purchased_purges":0,"victory":false,"max_hp_per_floor":[70,70,70,70,70,70,70,70,70,70,70,70,70,70,70,70,70,70,75,75,75,82,82,82,82,82,82,82,82,82,82,82,82,100,100,100,100,106,112,112,112,112,112,112,112,112,112,112,112,112,112],"card_choices":[{"not_picked":["REME_ShadowStrike","Underhanded Strike"],"picked":"Prepared","floor":1},{"not_picked":["Blade Dance","Blur"],"picked":"ReplayTheSpireMod:The Works","floor":3},{"not_picked":["Terror","Sucker Punch","Flying Knee"],"picked":"SKIP","floor":6},{"not_picked":["Deflect","Toxin Wave"],"picked":"ReplayTheSpireMod:Speed Training","floor":7},{"not_picked":["Expertise","Catalyst"],"picked":"Quick Slash","floor":10},{"not_picked":["Catalyst","Bouncing Flask"],"picked":"REME_ShadowStrike","floor":11},{"not_picked":["Dagger Spray","Cloak And Dagger"],"picked":"Slice","floor":13},{"not_picked":["Infinite Blades","PiercingWail"],"picked":"Quick Slash","floor":14},{"not_picked":["Doppelganger","Adrenaline"],"picked":"REME_SpectralBlade","floor":16},{"not_picked":["ReplayTheSpireMod:Shiv Toss","ReplayTheSpireMod:Speed Training"],"picked":"Underhanded Strike+1","floor":18},{"not_picked":["Slice+1","Quick Slash"],"picked":"Hidden Blade","floor":21},{"not_picked":["Distraction","Dagger Spray+1","Die Die Die"],"picked":"SKIP","floor":23},{"not_picked":["Leg Sweep+1","Blade Dance"],"picked":"Concentrate","floor":25},{"not_picked":["Underhanded Strike","Dagger Spray"],"picked":"Tactician","floor":27},{"not_picked":["Cloak And Dagger","Bane+1"],"picked":"Dagger Throw","floor":29},{"not_picked":["Leg Sweep","Expertise"],"picked":"ReplayTheSpireMod:The Works+1","floor":30},{"not_picked":["Noxious Fumes","Poisoned Stab","Cloak And Dagger"],"picked":"SKIP","floor":31},{"not_picked":["Phantasmal Killer","Wraith Form v2"],"picked":"Venomology","floor":33},{"not_picked":["Overencumbered","Replay:Hysterical Blindness"],"picked":"ReplayTheSpireMod:Splinters","floor":34},{"not_picked":["Clumsy","Hallucinations"],"picked":"Injury","floor":34},{"not_picked":["Replay:Hysterical Blindness","Overencumbered"],"picked":"Regret","floor":34},{"not_picked":["Heel Hook","Cloak And Dagger","Sneak Up"],"picked":"SKIP","floor":35},{"not_picked":["PiercingWail","Concentrate"],"picked":"REME_ShadowForm","floor":37},{"not_picked":["Tactician+1","Dodge and Roll+1"],"picked":"Hidden Blade+1","floor":41},{"not_picked":["Draining Mist","ReplayTheSpireMod:Shiv Toss"],"picked":"Reflex","floor":42},{"not_picked":["Outmaneuver","Quick Slash+1"],"picked":"Hidden Blade","floor":44},{"not_picked":["Dagger Spray+1","Toxin Wave"],"picked":"Calculated Gamble+1","floor":45},{"not_picked":["Sucker Punch","Envenom","Malaise"],"picked":"SKIP","floor":47},{"not_picked":["Deadly Poison","REME_GreenPollution"],"picked":"Dagger Throw","floor":48}],"player_experience":23152,"relics_obtained":[{"floor":6,"key":"Gambling Chip"},{"floor":9,"key":"Simple Rune"},{"floor":10,"key":"Replay:Towering Pillar of Hats"},{"floor":23,"key":"REME_HourglassOfDeath"},{"floor":25,"key":"Ninja Scroll"},{"floor":26,"key":"Bottled Flame"},{"floor":27,"key":"PreservedInsect"},{"floor":38,"key":"Ring of Misfortune"},{"floor":38,"key":"Ring of Hypnosis"},{"floor":39,"key":"FossilizedHelix"},{"floor":42,"key":"War Paint"},{"floor":43,"key":"Toy Ornithopter"},{"floor":45,"key":"Grinning Jar"},{"floor":47,"key":"Oddly Smooth Stone"}],"event_choices":[{"damage_healed":0,"gold_gain":0,"player_choice":"Box","damage_taken":0,"relics_obtained":["Ancient Tea Set"],"max_hp_gain":0,"max_hp_loss":0,"event_name":"Big Fish","floor":2,"gold_loss":0,"cards_obtained":["Regret"]},{"damage_healed":0,"gold_gain":0,"player_choice":"Shed Blood","damage_taken":18,"max_hp_gain":5,"max_hp_loss":0,"event_name":"Forgotten Altar","floor":19,"gold_loss":0},{"damage_healed":0,"gold_gain":0,"player_choice":"Ignored","damage_taken":0,"max_hp_gain":0,"max_hp_loss":0,"event_name":"Ghosts","floor":20,"gold_loss":0},{"cards_removed":["Regret"],"damage_healed":0,"gold_gain":0,"player_choice":"Removed Curses","damage_taken":0,"max_hp_gain":0,"max_hp_loss":0,"event_name":"Fountain of Cleansing","floor":28,"gold_loss":0},{"cards_removed":["Strike_G"],"damage_healed":0,"gold_gain":0,"player_choice":"Offered Basic","damage_taken":0,"max_hp_gain":0,"max_hp_loss":0,"event_name":"Bonfire Elementals","floor":36,"gold_loss":0}],"is_beta":false,"boss_relics":[{"not_picked":["Replay:Wanted Poster","Ectoplasm"],"picked":"Philosopher\u0027s Stone"},{"not_picked":["Pandora\u0027s Box","Astrolabe"],"picked":"Replay:Ancient Bell"},{"not_picked":["Tiny Chest","ReplayFunnel"],"picked":"Boot"},{"not_picked":["Matryoshka","Replay:Accelerometer"],"picked":"Darkstone Periapt"},{"not_picked":["StoneCalendar","Girya"],"picked":"Replay:Kaleidoscope"}],"items_purged_floors":[],"is_endless":false,"potions_floor_spawned":[7,11,14,21,25,30,31,35,42,45],"killed_by":"Time Eater","ascension_level":1}}