{"host":"og2dufvjgkards7m","time":1612468504,"event":{"mods":["AchievementEnabler","BaseMod","Better Match","Better Note","Better Sensory Stone","Block Reminder","Colored Map","Colored Powertips","DeckTracker","Highlight Path","Minty Spire (QoL Compilation)","Rare Cards Sparkle","Relic Sorter","StSLib","SuperFastMode"],"gold_per_floor":[119,137,137,157,157,188,188,223,223,223,233,263,263,279,279,375,375,393,405,114,131,148,178,178,178,178],"floor_reached":25,"language":"SPA","playtime":1092,"items_purged":["Strike_B"],"score":270,"play_id":"beea26e6-c641-4b4d-97cb-255d29761c7f","local_time":"20210204115504","is_ascension_mode":true,"campfire_choices":[{"floor":7.0,"key":"REST"},{"floor":10.0,"key":"REST"},{"floor":13.0,"key":"REST"},{"floor":15.0,"key":"RECALL"},{"floor":24,"key":"REST"}],"circlet_count":0,"master_deck":["Strike_B","Strike_B","Strike_B","Defend_B","Defend_B","Defend_B","Defend_B","Zap","Dualcast","Ball Lightning","Redo","Stack","Electrodynamics","Conserve Battery","Defragment","Ball Lightning","Static Discharge","Fusion","Chaos","Doom and Gloom","Thunder Strike","Loop+1","White Noise","Chrysalis","Conserve Battery","Undo","Chaos+1","Cold Snap+1"],"relics":["Cracked Core","NeowsBlessing","Happy Flower","Dream Catcher","Question Card","Pear","Fusion Hammer","Membership Card","Orichalcum"],"acts_visited":["Exordium","TheCity"],"potions_floor_usage":[21],"damage_taken":[{"damage":0.0,"enemies":"Cultist","floor":1.0,"turns":1.0},{"damage":0.0,"enemies":"Jaw Worm","floor":2.0,"turns":1.0},{"damage":0.0,"enemies":"Small Slimes","floor":4.0,"turns":1.0},{"damage":39.0,"enemies":"3 Sentries","floor":6.0,"turns":6.0},{"damage":35.0,"enemies":"Lagavulin","floor":8.0,"turns":8.0},{"damage":3.0,"enemies":"Blue Slaver","floor":11.0,"turns":3.0},{"damage":8.0,"enemies":"Gremlin Gang","floor":12.0,"turns":3.0},{"damage":5.0,"enemies":"Looter","floor":14.0,"turns":3.0},{"damage":34.0,"enemies":"The Guardian","floor":16.0,"turns":11.0},{"damage":4.0,"enemies":"Spheric Guardian","floor":18.0,"turns":3.0},{"damage":7.0,"enemies":"Chosen","floor":19.0,"turns":4.0},{"damage":13,"enemies":"Snake Plant","floor":21,"turns":3},{"damage":24,"enemies":"Cultist and Chosen","floor":22,"turns":5},{"damage":35,"enemies":"Gremlin Leader","floor":23,"turns":5},{"damage":31,"enemies":"Book of Stabbing","floor":25,"turns":3}],"seed_played":"-2942441001441080715","potions_obtained":[{"floor":6.0,"key":"Explosive Potion"},{"floor":8.0,"key":"ColorlessPotion"},{"floor":14.0,"key":"SkillPotion"},{"floor":16.0,"key":"SteroidPotion"},{"floor":19.0,"key":"SkillPotion"},{"floor":23,"key":"Explosive Potion"}],"is_trial":false,"path_per_floor":["M","M","?","M","T","E","R","E","T","R","M","M","R","M","R","B",null,"M","M","$","M","M","E","R","E"],"character_chosen":"DEFECT","items_purchased":["Membership Card","Chrysalis"],"campfire_rested":4,"item_purchase_floors":[20,20],"current_hp_per_floor":[75,75,57,57,57,18,40,5,15,40,37,29,54,49,49,15,85,81,74,74,61,37,2,27,0,0],"gold":178,"neow_bonus":"THREE_ENEMY_KILL","is_daily":false,"chose_seed":false,"campfire_upgraded":0,"win_rate":0.0,"timestamp":1612468504,"path_taken":["M","?","?","M","?","E","R","E","T","R","M","M","R","M","R","BOSS","M","M","$","?","M","E","R","E"],"items_purchased_type":["Relic","Card"],"build_version":"2020-12-22","purchased_purges":1,"victory":false,"max_hp_per_floor":[75,75,75,75,75,75,75,75,85,85,85,85,85,85,85,85,85,85,85,85,85,85,85,85,85,85],"card_choices":[{"not_picked":["Hologram","Leap"],"picked":"Ball Lightning","floor":1.0},{"not_picked":["Stack","Barrage"],"picked":"Redo","floor":2.0},{"not_picked":["Hologram","Barrage"],"picked":"Stack","floor":4.0},{"not_picked":["Cold Snap","Compile Driver"],"picked":"Electrodynamics","floor":6.0},{"not_picked":["Cold Snap","Reprogram"],"picked":"Conserve Battery","floor":7.0},{"not_picked":["Capacitor","White Noise"],"picked":"Defragment","floor":8.0},{"not_picked":["Compile Driver","Reinforced Body","Steam"],"picked":"Ball Lightning","floor":10.0},{"not_picked":["Hologram","Steam","Conserve Battery"],"picked":"Static Discharge","floor":11.0},{"not_picked":["Lockon","Leap","BootSequence"],"picked":"Fusion","floor":12.0},{"not_picked":["Coolheaded","Sweeping Beam","Chill"],"picked":"Chaos","floor":13.0},{"not_picked":["Redo","Coolheaded","Ball Lightning"],"picked":"Doom and Gloom","floor":14.0},{"not_picked":["Machine Learning","Multi-Cast","Hyperbeam"],"picked":"Thunder Strike","floor":16.0},{"not_picked":["Turbo","Gash+1","Barrage"],"picked":"Loop+1","floor":18.0},{"not_picked":["Beam Cell","Conserve Battery","Hologram"],"picked":"White Noise","floor":19.0},{"not_picked":["Defragment+1","Buffer","Compile Driver"],"picked":"Conserve Battery","floor":21},{"not_picked":["Rebound","Recycle","Double Energy"],"picked":"Undo","floor":22},{"not_picked":["Steam","Auto Shields","Compile Driver"],"picked":"Chaos+1","floor":23},{"not_picked":["Redo","Stack","Beam Cell"],"picked":"Cold Snap+1","floor":24}],"player_experience":163737,"relics_obtained":[{"floor":6.0,"key":"Dream Catcher"},{"floor":8.0,"key":"Question Card"},{"floor":9.0,"key":"Pear"},{"floor":23,"key":"Orichalcum"}],"event_choices":[{"damage_healed":0.0,"max_hp_gain":0.0,"max_hp_loss":0.0,"gold_gain":0.0,"event_name":"Scrap Ooze","player_choice":"Success","floor":3.0,"gold_loss":0.0,"damage_taken":18.0,"relics_obtained":["Happy Flower"]}],"is_beta":false,"boss_relics":[{"not_picked":["Runic Dome","SacredBark"],"picked":"Fusion Hammer"}],"items_purged_floors":[20],"is_endless":false,"potions_floor_spawned":[6,8,14,16,19,23],"killed_by":"Book of Stabbing","ascension_level":3}}