{"host":"d9m9v0h6vo0edadb","time":1612480756,"event":{"mods":["BaseMod","Hermit","Keyboard Shortcuts","Minty Spire (QoL Compilation)","StSLib","SuperFastMode","The Cursed"],"gold_per_floor":[18,36,52,70,70,70,104,104,129,139,40,66,83,133,133,237,237,252,33,49,49,49,49,60,60,60,80,80,80],"floor_reached":28,"language":"KOR","playtime":468,"items_purged":["Defend_P","Strike_P"],"score":383,"play_id":"e3c72ab9-ff46-4c4c-8268-e9550570dd95","local_time":"20210205081916","is_ascension_mode":true,"campfire_choices":[{"data":"Eruption","floor":6.0,"key":"SMITH"},{"data":"CrushJoints","floor":8.0,"key":"SMITH"},{"data":"Adaptation","floor":15.0,"key":"SMITH"},{"data":"Prostrate","floor":23,"key":"SMITH"},{"floor":25,"key":"REST"}],"circlet_count":0,"master_deck":["AscendersBane","Strike_P","Strike_P","Defend_P","Defend_P","Eruption+1","Vigilance","EmptyMind","CrushJoints+1","Consecrate","FlurryOfBlows","Brilliance","Halt","Adaptation+1","Prostrate+1","MentalFortress"],"relics":["PureWater","Regal Pillow","Juzu Bracelet","Toy Ornithopter","Akabeko","Busted Crown"],"acts_visited":["Exordium","TheCity"],"potions_floor_usage":[24,28],"damage_taken":[{"damage":7.0,"enemies":"Small Slimes","floor":1.0,"turns":3.0},{"damage":2.0,"enemies":"Jaw Worm","floor":2.0,"turns":4.0},{"damage":0.0,"enemies":"Cultist","floor":3.0,"turns":4.0},{"damage":0.0,"enemies":"Gremlin Gang","floor":4.0,"turns":3.0},{"damage":12.0,"enemies":"Lagavulin","floor":7.0,"turns":4.0},{"damage":8.0,"enemies":"Blue Slaver","floor":10.0,"turns":3.0},{"damage":0.0,"enemies":"3 Sentries","floor":12.0,"turns":2.0},{"damage":3.0,"enemies":"Looter","floor":13.0,"turns":2.0},{"damage":33.0,"enemies":"The Guardian","floor":16.0,"turns":10.0},{"damage":0.0,"enemies":"Spheric Guardian","floor":18.0,"turns":2.0},{"damage":35.0,"enemies":"Shell Parasite","floor":20.0,"turns":5.0},{"damage":16,"enemies":"Snake Plant","floor":24,"turns":3},{"damage":27,"enemies":"Chosen and Byrds","floor":27,"turns":4},{"damage":42,"enemies":"Book of Stabbing","floor":28,"turns":5}],"seed_played":"-4194071648063388269","potions_obtained":[{"floor":1.0,"key":"SpeedPotion"},{"floor":2.0,"key":"Energy Potion"},{"floor":3.0,"key":"Fruit Juice"},{"floor":13.0,"key":"LiquidMemories"},{"floor":16.0,"key":"Strength Potion"},{"floor":20.0,"key":"GamblersBrew"},{"floor":24,"key":"Block Potion"}],"is_trial":false,"path_per_floor":["M","M","M","M","?","R","E","R","T","M","$","E","M","T","R","B",null,"M","$","M","$","?","R","M","R","T","M","E"],"character_chosen":"WATCHER","items_purchased":["Halt","Prostrate","MentalFortress"],"campfire_rested":1,"item_purchase_floors":[11,19,19],"current_hp_per_floor":[58,56,56,56,56,56,44,44,44,36,36,36,43,43,43,15,62,62,62,32,32,32,32,21,59,59,32,0,0],"gold":80,"neow_bonus":"REMOVE_TWO","is_daily":false,"chose_seed":false,"campfire_upgraded":4,"win_rate":0.0,"timestamp":1612480756,"path_taken":["M","M","M","M","?","R","E","R","T","M","$","E","M","?","R","BOSS","M","$","M","$","?","R","M","R","T","M","E"],"items_purchased_type":["Card","Card","Card"],"build_version":"2020-12-22","purchased_purges":2,"victory":false,"max_hp_per_floor":[72,72,72,72,72,72,72,72,72,72,72,72,77,77,77,77,77,77,77,77,77,77,77,77,77,77,77,77,77],"card_choices":[{"not_picked":["Swivel","SashWhip"],"picked":"EmptyMind","floor":1.0},{"not_picked":["Evaluate","EmptyMind"],"picked":"CrushJoints","floor":2.0},{"not_picked":["SignatureMove","CrushJoints"],"picked":"Consecrate","floor":3.0},{"not_picked":["Nirvana","Weave"],"picked":"FlurryOfBlows","floor":4.0},{"not_picked":["WaveOfTheHand","Protect"],"picked":"Brilliance","floor":7.0},{"not_picked":["Evaluate","CrushJoints","FollowUp"],"picked":"SKIP","floor":10.0},{"not_picked":["FollowUp","EmptyBody","BowlingBash"],"picked":"SKIP","floor":12.0},{"not_picked":["ClearTheMind","MentalFortress"],"picked":"Adaptation","floor":13.0},{"not_picked":["FollowUp+1"],"picked":"SKIP","floor":18.0},{"not_picked":["BattleHymn"],"picked":"SKIP","floor":20.0},{"not_picked":["FlurryOfBlows"],"picked":"SKIP","floor":24},{"not_picked":["JustLucky"],"picked":"SKIP","floor":27}],"player_experience":1006007,"relics_obtained":[{"floor":7.0,"key":"Regal Pillow"},{"floor":9.0,"key":"Juzu Bracelet"},{"floor":12.0,"key":"Toy Ornithopter"},{"floor":14.0,"key":"Akabeko"}],"event_choices":[{"damage_healed":0.0,"max_hp_gain":0.0,"max_hp_loss":0.0,"gold_gain":0.0,"event_name":"Liars Game","player_choice":"Ignored","floor":5.0,"gold_loss":0.0,"damage_taken":0.0},{"damage_healed":0,"gold_gain":0,"player_choice":"Ignored","damage_taken":0,"max_hp_gain":0,"max_hp_loss":0,"event_name":"The Mausoleum","floor":22,"gold_loss":0}],"is_beta":false,"boss_relics":[{"not_picked":["SlaversCollar","Velvet Choker"],"picked":"Busted Crown"}],"items_purged_floors":[11,19],"is_endless":false,"potions_floor_spawned":[1,2,3,13,16,20,24],"killed_by":"Book of Stabbing","ascension_level":10}}