{"host":"eketvm4dld8igxnv","time":1612479326,"event":{"mods":["BaseMod","Better Skull","Better Third Choice","Downfall","Googly Eyes","Minty Spire (QoL Compilation)","StSLib"],"gold_per_floor":[99,112,28,28,45,45,45,59,74,74,93,93,122,122,137,240,240,140,155,170,270,22,22,22,52,67,78,92,110,10,10,29,131,131,131,143,12,12,32,43,94,19,37,37,50,50,77,28,44,44,44,44],"floor_reached":50,"language":"ENG","playtime":5538,"items_purged":["sneckomod:Defend","sneckomod:UnknownDraw"],"score":543,"play_id":"c01a159c-8a96-4987-a3d5-2a55a16a1660","local_time":"20210204175526","is_ascension_mode":false,"campfire_choices":[{"data":"sneckomod:SoulCleanse","floor":6.0,"key":"SMITH"},{"data":"sneckomod:Unknown2Cost","floor":10.0,"key":"SMITH"},{"data":"sneckomod:UnlimitedRolls","floor":18.0,"key":"SMITH"},{"data":"sneckomod:Mudshield","floor":23.0,"key":"SMITH"},{"floor":30.0,"key":"REST"},{"floor":35,"key":"RECALL"},{"floor":44,"key":"REST"},{"floor":46,"key":"REST"}],"circlet_count":0,"master_deck":["sneckomod:Strike","sneckomod:Defend+1","sneckomod:Defend","sneckomod:TailWhip+1","sneckomod:SnekBite","sneckomod:Unknown","Reaper","sneckomod:UnknownCommonAttack","sneckomod:QuickBite","sneckomod:UnknownUncommonAttack","sneckomod:SoulCleanse+1","sneckomod:Unknown2Cost+1","sneckomod:Unknown0Cost","sneckomod:UnknownStrike","sneckomod:UnknownDraw","sneckomod:UnlimitedRolls+1","sneckomod:Nope+1","sneckomod:Unknown1Cost+1","sneckomod:Mudshield+1","expansioncontent:PolyBeam","sneckomod:Mudshield","sneckomod:SoulDraw","sneckomod:UnknownClassGREEN","sneckomod:UnknownCommonAttack+1","sneckomod:UnknownClassRED","sneckomod:Unknown1Cost+1","sneckomod:SoulExchange","sneckomod:UnknownClassRED+1","sneckomod:DiceCrush","sneckomod:UnknownUncommonAttack","sneckomod:UnknownWeak","sneckomod:UnknownClassGREEN","sneckomod:DiceBlock","sneckomod:SoulRoll","sneckomod:DiceCrush","Parasite","sneckomod:TrashToTreasure","sneckomod:UnknownClassRED","sneckomod:RainOfDice","sneckomod:UnknownUncommonAttack"],"relics":["sneckomod:SneckoSoul","WarpedTongs","Toy Ornithopter","Runic Pyramid","downfall:HeartBlessingBlue","War Paint","InkBottle","Bag of Preparation","downfall:HeartBlessingGreen","Sozu","sneckomod:LoadedDie","Anchor","Vajra","sneckomod:SneckoCommon"],"acts_visited":["Exordium","TheCity","TheBeyond"],"potions_floor_usage":[37],"damage_taken":[{"damage":5.0,"enemies":"Small Slimes","floor":2.0,"turns":6.0},{"damage":0.0,"enemies":"downfall:FleeingMerchant","floor":3.0,"turns":4.0},{"damage":3.0,"enemies":"Cultist","floor":5.0,"turns":3.0},{"damage":2.0,"enemies":"2 Louse","floor":8.0,"turns":1.0},{"damage":2.0,"enemies":"3 Louse","floor":9.0,"turns":2.0},{"damage":1.0,"enemies":"Lots of Slimes","floor":11.0,"turns":2.0},{"damage":29.0,"enemies":"3 Sentries","floor":13.0,"turns":6.0},{"damage":1.0,"enemies":"Gremlin Gang","floor":15.0,"turns":2.0},{"damage":35.0,"enemies":"SI_SHIV_ARCHETYPE","floor":16.0,"turns":4.0},{"damage":5.0,"enemies":"Chosen","floor":19.0,"turns":3.0},{"damage":2.0,"enemies":"Spheric Guardian","floor":20.0,"turns":3.0},{"damage":2.0,"enemies":"downfall:FleeingMerchant","floor":22.0,"turns":4.0},{"damage":52.0,"enemies":"Gremlin Leader","floor":25.0,"turns":5.0},{"damage":28.0,"enemies":"Snake Plant","floor":26.0,"turns":3.0},{"damage":4.0,"enemies":"Chosen and Byrds","floor":27.0,"turns":4.0},{"damage":4.0,"enemies":"Cultist and Chosen","floor":28.0,"turns":7.0},{"damage":14.0,"enemies":"Centurion and Healer","floor":29.0,"turns":5.0},{"damage":30.0,"enemies":"Snecko","floor":32.0,"turns":5.0},{"damage":9.0,"enemies":"WA_ARCHETYPE_CALM","floor":33.0,"turns":7.0},{"damage":16,"enemies":"3 Shapes","floor":36,"turns":3},{"damage":13,"enemies":"downfall:FleeingMerchant","floor":37,"turns":4},{"damage":27,"enemies":"3 Darklings","floor":39,"turns":5},{"damage":45,"enemies":"Transient","floor":40,"turns":5},{"damage":7,"enemies":"downfall:FleeingMerchant","floor":42,"turns":4},{"damage":31,"enemies":"Maw","floor":43,"turns":6},{"damage":13,"enemies":"Writhing Mass","floor":45,"turns":6},{"damage":6,"enemies":"Spire Growth","floor":49,"turns":3},{"damage":98,"enemies":"DF_ARCHETYPE_ORBS","floor":50,"turns":6}],"seed_played":"-2681283034321808903","potions_obtained":[{"floor":5.0,"key":"AttackPotion"},{"floor":9.0,"key":"AttackPotion"},{"floor":13.0,"key":"SpeedPotion"},{"floor":15.0,"key":"Swift Potion"},{"floor":16.0,"key":"LiquidMemories"},{"floor":20.0,"key":"Slimebound:ThreeZeroPotion"},{"floor":27.0,"key":"sneckomod:DiceRollPotion"},{"floor":29.0,"key":"DuplicationPotion"},{"floor":33.0,"key":"Dexterity Potion"}],"is_trial":false,"path_per_floor":["R","M","$","?","M","R","T","M","M","R","M","?","E","?","M","B",null,"R","M","M","?","$","R","T","E","M","M","M","M","R","?","M","B",null,"R","M","$","?","M","M","T","$","M","R","M","R","T","$","M","B"],"character_chosen":"THE_SNECKO","items_purchased":["sneckomod:UnknownUncommonAttack","War Paint","expansioncontent:PolyBeam","sneckomod:UnknownUncommonAttack","Anchor","Vajra","sneckomod:SoulRoll","sneckomod:RainOfDice"],"campfire_rested":3,"item_purchase_floors":[3,22,22,37,42,42,42,48],"current_hp_per_floor":[90,85,90,90,87,87,87,85,90,90,89,89,68,68,70,35,90,100,99,100,100,100,100,100,63,38,38,54,48,78,78,48,39,100,100,84,76,76,80,39,39,52,27,57,45,75,75,75,75,0,0,0],"gold":44,"neow_bonus":"UPGRADE_CARD","is_daily":false,"chose_seed":false,"campfire_upgraded":4,"win_rate":0.0,"timestamp":1612479326,"path_taken":["R","M","$","?","M","R","T","M","M","R","?","?","E","?","M","BOSS","R","M","M","?","$","R","T","E","?","M","M","?","R","?","M","BOSS","R","M","?","?","?","M","T","$","M","R","M","R","?","$","M","BOSS"],"items_purchased_type":["Card","Relic","Card","Card","Relic","Relic","Card","Card"],"build_version":"2020-12-22","purchased_purges":2,"victory":false,"max_hp_per_floor":[90,90,90,90,90,90,90,90,90,90,90,90,90,90,90,90,90,100,100,100,100,100,100,100,100,100,100,100,100,100,100,100,100,100,100,100,100,100,100,100,100,100,100,100,100,100,100,100,100,100,100,100],"card_choices":[{"not_picked":["sneckomod:DiceBlock","sneckomod:SoulRoll"],"picked":"sneckomod:UnknownCommonAttack","floor":2.0},{"not_picked":["sneckomod:TrashToTreasure","sneckomod:DiceCrush"],"picked":"sneckomod:QuickBite","floor":3.0},{"not_picked":["sneckomod:Nope","sneckomod:SnekBeam"],"picked":"sneckomod:SoulCleanse","floor":5.0},{"not_picked":["sneckomod:DiceCrush","sneckomod:TrashToTreasure"],"picked":"sneckomod:UnknownDraw","floor":8.0},{"not_picked":["sneckomod:Unknown1Cost","sneckomod:UnknownExhaust"],"picked":"sneckomod:Unknown2Cost","floor":9.0},{"not_picked":["sneckomod:ImprovisedGuard","sneckomod:UnknownCommonAttack"],"picked":"sneckomod:Unknown0Cost","floor":11.0},{"not_picked":["sneckomod:SerpentMind","sneckomod:SerpentIdol"],"picked":"sneckomod:UnknownStrike","floor":13.0},{"not_picked":["sneckomod:UnknownX","sneckomod:DiceCrush"],"picked":"sneckomod:UnknownDraw","floor":15.0},{"not_picked":["sneckomod:Mudshield","sneckomod:Unknown3Cost"],"picked":"sneckomod:UnlimitedRolls","floor":16.0},{"not_picked":["sneckomod:UnendingSupply","sneckomod:RainOfDice"],"picked":"sneckomod:Nope","floor":19.0},{"not_picked":["sneckomod:Nope","sneckomod:QuickMove"],"picked":"sneckomod:Unknown1Cost+1","floor":20.0},{"not_picked":["sneckomod:MasterEye","sneckomod:UnknownUncommonPower"],"picked":"sneckomod:Mudshield","floor":22.0},{"not_picked":["sneckomod:SoulRoll+1","sneckomod:SoulDraw"],"picked":"sneckomod:Mudshield","floor":25.0},{"not_picked":["sneckomod:Nope+1","sneckomod:UnknownStrike"],"picked":"sneckomod:SoulDraw","floor":26.0},{"not_picked":["sneckomod:UnknownClassSLIMEBOUND","sneckomod:UnknownUncommonSkill"],"picked":"sneckomod:UnknownClassGREEN","floor":27.0},{"not_picked":["sneckomod:UnknownCommonSkill","sneckomod:ImprovisedAttack+1"],"picked":"sneckomod:UnknownCommonAttack+1","floor":28.0},{"not_picked":["sneckomod:SnakeSap","sneckomod:IronFang"],"picked":"sneckomod:UnknownClassRED","floor":29.0},{"not_picked":["sneckomod:SlitherStrike","sneckomod:MasterEye"],"picked":"sneckomod:Unknown1Cost+1","floor":32.0},{"not_picked":["sneckomod:Restock","sneckomod:SerpentMind"],"picked":"sneckomod:SoulExchange","floor":33.0},{"not_picked":["sneckomod:QuickBite","sneckomod:SlitherStrike+1"],"picked":"sneckomod:UnknownClassRED+1","floor":36},{"not_picked":["sneckomod:SoulRoll","sneckomod:UnknownUncommonAttack+1"],"picked":"sneckomod:DiceCrush","floor":37},{"not_picked":["sneckomod:SoulDraw","sneckomod:ImprovisedGuard+1"],"picked":"sneckomod:UnknownWeak","floor":39},{"not_picked":["sneckomod:UnknownClassSLIMEBOUND","sneckomod:Unknown1Cost"],"picked":"sneckomod:UnknownClassGREEN","floor":40},{"not_picked":["sneckomod:DiceBoulder+1","sneckomod:CheapStock+1"],"picked":"sneckomod:DiceBlock","floor":42},{"not_picked":["sneckomod:QuickMove+1","sneckomod:UnknownClassSLIMEBOUND"],"picked":"sneckomod:DiceCrush","floor":43},{"not_picked":["sneckomod:UnknownBlock","sneckomod:ImprovisedGuard+1"],"picked":"sneckomod:TrashToTreasure","floor":45},{"not_picked":["sneckomod:CheapStock","sneckomod:UnknownDraw+1"],"picked":"sneckomod:UnknownUncommonAttack","floor":49}],"player_experience":303572,"relics_obtained":[{"floor":13.0,"key":"Toy Ornithopter"},{"floor":24.0,"key":"InkBottle"},{"floor":25.0,"key":"Bag of Preparation"},{"floor":41,"key":"sneckomod:LoadedDie"},{"floor":47,"key":"sneckomod:SneckoCommon"}],"event_choices":[{"damage_healed":0.0,"max_hp_gain":0.0,"max_hp_loss":0.0,"gold_gain":0.0,"event_name":"Accursed Blacksmith","player_choice":"Rummage","floor":4.0,"gold_loss":0.0,"damage_taken":0.0,"relics_obtained":["WarpedTongs"],"cards_obtained":["Pain"]},{"cards_removed":["Pain"],"damage_healed":0.0,"max_hp_gain":0.0,"max_hp_loss":0.0,"gold_gain":0.0,"event_name":"Living Wall","player_choice":"Forget","floor":14.0,"gold_loss":0.0,"damage_taken":0.0},{"cards_removed":["sneckomod:Strike"],"damage_healed":0.0,"max_hp_gain":0.0,"max_hp_loss":0.0,"gold_gain":0.0,"event_name":"Wheel of Change","player_choice":"Card Removal","floor":31.0,"gold_loss":0.0,"damage_taken":0.0},{"damage_healed":0,"gold_gain":0,"player_choice":"Got Potions","damage_taken":0,"max_hp_gain":0,"max_hp_loss":0,"event_name":"Lab","floor":38,"gold_loss":0}],"is_beta":false,"boss_relics":[{"not_picked":["Fusion Hammer","Philosopher\u0027s Stone"],"picked":"Runic Pyramid"},{"not_picked":["Snecko Eye","Velvet Choker"],"picked":"Sozu"}],"items_purged_floors":[37,42],"is_endless":false,"potions_floor_spawned":[5,9,13,15,16,20,27,29,33,40,43,45],"killed_by":"DF_ARCHETYPE_ORBS","ascension_level":0}}