{"host":"6a9c3xws62y7efyw","time":1612402036,"event":{"mods":["BaseMod","Colored Map","Minty Spire (QoL Compilation)","Relic Stats","StSLib"],"gold_per_floor":[113,113,123,123,67,100,100,100,100,100,100,120,120,153,153,227,227,243,243,243,255,255,255],"floor_reached":22,"language":"ENG","playtime":454,"items_purged":[],"score":430,"play_id":"3d3db319-e379-4f8b-8fb4-a039a70b83e5","local_time":"20210203172716","is_ascension_mode":true,"campfire_choices":[{"data":"Riddle With Holes","floor":8,"key":"SMITH"},{"data":"Neutralize","floor":11,"key":"SMITH"},{"data":"Blur","floor":13,"key":"SMITH"},{"data":"1","floor":15,"key":"LIFT"}],"circlet_count":0,"master_deck":["AscendersBane","Strike_G+1","Strike_G","Strike_G","Strike_G","Strike_G","Defend_G","Defend_G","Defend_G","Defend_G","Defend_G","Survivor","Neutralize+1","Masterful Stab+1","Riddle With Holes+1","Blur+1","Infinite Blades","Die Die Die","RitualDagger","Dagger Throw+1"],"relics":["Ring of the Snake","NeowsBlessing","FaceOfCleric","Bronze Scales","Girya","Fusion Hammer"],"acts_visited":["Exordium","TheCity"],"potions_floor_usage":[14,16],"damage_taken":[{"damage":0,"enemies":"Small Slimes","floor":1,"turns":1},{"damage":0,"enemies":"Cultist","floor":3,"turns":1},{"damage":0,"enemies":"Gremlin Nob","floor":6,"turns":1},{"damage":4,"enemies":"Jaw Worm","floor":12,"turns":2},{"damage":13,"enemies":"Lagavulin","floor":14,"turns":6},{"damage":29,"enemies":"Hexaghost","floor":16,"turns":11},{"damage":0,"enemies":"Chosen","floor":18,"turns":4},{"damage":22,"enemies":"Spheric Guardian","floor":21,"turns":6},{"damage":23,"enemies":"Shelled Parasite and Fungi","floor":22,"turns":1}],"seed_played":"7959320667125563129","potions_obtained":[{"floor":10,"key":"Fire Potion"},{"floor":10,"key":"FairyPotion"},{"floor":14,"key":"SkillPotion"}],"is_trial":false,"path_per_floor":["M","?","M","$","$","E","?","R","T","?","R","M","R","E","R","B",null,"M","?","?","M","M"],"character_chosen":"THE_SILENT","items_purchased":["PowerPotion"],"campfire_rested":0,"item_purchase_floors":[5],"current_hp_per_floor":[59,59,60,60,60,61,41,41,41,41,41,38,38,26,26,19,58,59,53,33,12,0,0],"gold":255,"neow_bonus":"THREE_ENEMY_KILL","is_daily":false,"chose_seed":false,"campfire_upgraded":3,"win_rate":0.0,"timestamp":1612402036,"path_taken":["M","?","?","?","$","E","?","R","T","?","R","?","R","E","R","BOSS","M","?","?","M","M"],"items_purchased_type":["Potion"],"build_version":"2020-12-22","purchased_purges":0,"victory":false,"max_hp_per_floor":[66,66,67,67,67,68,68,68,68,68,68,69,69,70,70,71,71,72,72,77,78,78,78],"relic_stats":{"FaceOfCleric":7,"counters":[9,33],"Bronze Scales":[87],"obtain_stats":[{"Girya":14,"NeowsBlessing":0,"FaceOfCleric":2,"Bronze Scales":6,"Fusion Hammer":17,"Ring of the Snake":0},{"Girya":5,"NeowsBlessing":0,"FaceOfCleric":1,"Bronze Scales":3,"Fusion Hammer":6,"Ring of the Snake":0},{"Girya":11,"NeowsBlessing":0,"FaceOfCleric":1,"Bronze Scales":3,"Fusion Hammer":22,"Ring of the Snake":0}],"Ring of the Snake":[18]},"card_choices":[{"not_picked":["Outmaneuver","Dagger Spray"],"picked":"Masterful Stab","floor":1},{"not_picked":["Sucker Punch","Quick Slash"],"picked":"Riddle With Holes","floor":3},{"not_picked":["Dagger Throw","Bane"],"picked":"Blur","floor":6},{"not_picked":["Catalyst","Heel Hook","Bane"],"picked":"SKIP","floor":12},{"not_picked":["Venomology","Backflip"],"picked":"Infinite Blades","floor":14},{"not_picked":["Phantasmal Killer","Storm of Steel"],"picked":"Die Die Die","floor":16},{"not_picked":["Setup","Dagger Throw","Poisoned Stab"],"picked":"SKIP","floor":18},{"not_picked":["Dodge and Roll","Accuracy"],"picked":"Dagger Throw+1","floor":21}],"player_experience":1473934,"relics_obtained":[{"floor":6,"key":"Bronze Scales"},{"floor":14,"key":"Girya"}],"event_choices":[{"damage_healed":0,"gold_gain":0,"player_choice":"Trade","damage_taken":0,"relics_obtained":["FaceOfCleric"],"max_hp_gain":0,"max_hp_loss":0,"event_name":"FaceTrader","floor":2,"gold_loss":0},{"damage_healed":0,"gold_gain":0,"player_choice":"Entered Light","damage_taken":20,"max_hp_gain":0,"max_hp_loss":0,"event_name":"Shining Light","floor":7,"gold_loss":0,"cards_upgraded":["Strike_G","Masterful Stab"]},{"damage_healed":0,"gold_gain":0,"player_choice":"Got Potions","damage_taken":0,"max_hp_gain":0,"max_hp_loss":0,"event_name":"Lab","floor":10,"gold_loss":0},{"damage_healed":0,"gold_gain":0,"player_choice":"Joined the Cult","damage_taken":6,"max_hp_gain":0,"max_hp_loss":0,"event_name":"Nest","floor":19,"gold_loss":0,"cards_obtained":["RitualDagger"]},{"damage_healed":0,"gold_gain":0,"player_choice":"Shed Blood","damage_taken":25,"max_hp_gain":5,"max_hp_loss":0,"event_name":"Forgotten Altar","floor":20,"gold_loss":0}],"is_beta":false,"boss_relics":[{"not_picked":["Busted Crown","Ring of the Serpent"],"picked":"Fusion Hammer"}],"items_purged_floors":[],"is_endless":false,"potions_floor_spawned":[12,14],"killed_by":"Shelled Parasite and Fungi","ascension_level":20}}