{"host":"dxldt284mdio0lzg","time":1612462305,"event":{"mods":["AchievementEnabler","BaseMod","Colored Map","Colored Powertips","Minty Spire (QoL Compilation)","SuperFastMode"],"gold_per_floor":[116,116,116,37,53,80,80,93,93,103,117,127,127,104,104,200,250,264,74,74,33,33,62,62,50,50,50,70,81,101,113,113,113,113],"floor_reached":33,"language":"ENG","playtime":1822,"items_purged":[],"score":344,"play_id":"214866b7-4cb7-4264-a5e7-d414ed17fd28","local_time":"20210204191145","is_ascension_mode":false,"campfire_choices":[{"floor":7,"key":"REST"},{"floor":15,"key":"REST"},{"floor":24,"key":"REST"},{"floor":27,"key":"REST"},{"floor":32,"key":"REST"}],"circlet_count":0,"master_deck":["Strike_P","Strike_P","Strike_P","Strike_P","Defend_P","Defend_P","Defend_P","Defend_P","Eruption+1","Vigilance","DevaForm","Indignation","Worship","BattleHymn","JustLucky","Consecrate+1","EmptyFist","FlurryOfBlows","Halt","Establishment","EmptyFist","Indignation+1","Apotheosis","WindmillStrike","EmptyBody","Vengeance","Weave","Halt","Sanctity+1","Crescendo+1","Worship"],"relics":["PureWater","Meat on the Bone","Bottled Tornado","GoldenEye","Tiny House","Pear","Peace Pipe"],"acts_visited":["Exordium","TheCity"],"potions_floor_usage":[10,23,23,31,33],"damage_taken":[{"damage":0,"enemies":"Small Slimes","floor":1,"turns":2},{"damage":6,"enemies":"Jaw Worm","floor":5,"turns":4},{"damage":41,"enemies":"3 Sentries","floor":6,"turns":5},{"damage":1,"enemies":"2 Louse","floor":8,"turns":3},{"damage":16,"enemies":"Exordium Wildlife","floor":10,"turns":4},{"damage":12,"enemies":"2 Fungi Beasts","floor":11,"turns":3},{"damage":9,"enemies":"Large Slime","floor":12,"turns":5},{"damage":0,"enemies":"Slime Boss","floor":16,"turns":6},{"damage":0,"enemies":"Spheric Guardian","floor":18,"turns":3},{"damage":48,"enemies":"Book of Stabbing","floor":23,"turns":5},{"damage":22,"enemies":"2 Thieves","floor":25,"turns":4},{"damage":27,"enemies":"Snake Plant","floor":28,"turns":4},{"damage":35,"enemies":"Shelled Parasite and Fungi","floor":29,"turns":4},{"damage":13,"enemies":"Centurion and Healer","floor":30,"turns":4},{"damage":17,"enemies":"Snake Plant","floor":31,"turns":4},{"damage":71,"enemies":"Collector","floor":33,"turns":5}],"seed_played":"-8701240233298938028","potions_obtained":[{"floor":6,"key":"Weak Potion"},{"floor":10,"key":"Ambrosia"},{"floor":11,"key":"Energy Potion"},{"floor":17,"key":"BottledMiracle"},{"floor":29,"key":"SkillPotion"}],"is_trial":false,"path_per_floor":["M","?","?","$","M","E","R","M","T","M","M","M","?","?","R","B",null,"M","$","?","$","?","E","R","M","T","R","M","M","M","M","R","B"],"character_chosen":"WATCHER","items_purchased":["Worship","Apotheosis","WindmillStrike"],"campfire_rested":5,"item_purchase_floors":[4,19,21],"current_hp_per_floor":[72,72,72,72,66,25,46,45,45,41,41,44,32,32,53,53,77,77,77,63,63,63,37,64,54,54,81,54,31,30,25,52,0,0],"gold":113,"neow_bonus":"ONE_RANDOM_RARE_CARD","is_daily":false,"chose_seed":false,"campfire_upgraded":0,"win_rate":0.0,"timestamp":1612462305,"path_taken":["M","?","?","$","M","E","R","M","T","M","?","M","?","?","R","BOSS","M","$","?","$","?","E","R","M","T","R","M","M","M","M","R","BOSS"],"items_purchased_type":["Card","Card","Card"],"build_version":"2020-12-22","purchased_purges":0,"victory":false,"max_hp_per_floor":[72,72,72,72,72,72,72,72,72,72,72,72,72,72,72,72,77,77,77,82,82,82,92,92,92,92,92,92,92,92,92,92,92,92],"card_choices":[{"not_picked":["EmptyFist","FollowUp"],"picked":"Indignation","floor":1},{"not_picked":["WindmillStrike","CrushJoints"],"picked":"BattleHymn","floor":5},{"not_picked":["Nirvana","CrushJoints"],"picked":"JustLucky","floor":6},{"not_picked":["EmptyFist","Perseverance"],"picked":"Consecrate","floor":8},{"not_picked":["PathToVictory","WindmillStrike"],"picked":"EmptyFist","floor":10},{"not_picked":["InnerPeace","JustLucky"],"picked":"FlurryOfBlows","floor":11},{"not_picked":["Evaluate","Study"],"picked":"Halt","floor":12},{"not_picked":["Brilliance","Judgement"],"picked":"Establishment","floor":16},{"not_picked":["SashWhip","CrushJoints"],"picked":"EmptyFist","floor":17},{"not_picked":["Consecrate","Halt"],"picked":"Indignation+1","floor":18},{"not_picked":["LessonLearned","FollowUp"],"picked":"Vengeance","floor":23},{"not_picked":["WheelKick","WindmillStrike"],"picked":"Weave","floor":25},{"not_picked":["FlyingSleeves","SashWhip"],"picked":"Halt","floor":28},{"not_picked":["FollowUp","SashWhip"],"picked":"Sanctity+1","floor":29},{"not_picked":["Omniscience","SashWhip+1"],"picked":"Crescendo+1","floor":30},{"not_picked":["Collect","DeceiveReality"],"picked":"Worship","floor":31}],"player_experience":98193,"relics_obtained":[{"floor":6,"key":"Meat on the Bone"},{"floor":9,"key":"Bottled Tornado"},{"floor":23,"key":"Pear"},{"floor":26,"key":"Peace Pipe"}],"event_choices":[{"damage_healed":0,"gold_gain":0,"player_choice":"Grow","damage_taken":0,"max_hp_gain":0,"max_hp_loss":0,"event_name":"Living Wall","floor":2,"gold_loss":0,"cards_upgraded":["Eruption"]},{"damage_healed":0,"gold_gain":0,"player_choice":"Ignored","damage_taken":0,"max_hp_gain":0,"max_hp_loss":0,"event_name":"Golden Wing","floor":3,"gold_loss":0},{"damage_healed":0,"gold_gain":0,"player_choice":"Success","damage_taken":12,"relics_obtained":["GoldenEye"],"max_hp_gain":0,"max_hp_loss":0,"event_name":"Scrap Ooze","floor":13,"gold_loss":0},{"damage_healed":0,"gold_gain":0,"player_choice":"Left Gold","damage_taken":0,"max_hp_gain":0,"max_hp_loss":0,"event_name":"World of Goop","floor":14,"gold_loss":23},{"damage_healed":0,"gold_gain":0,"player_choice":"Shed Blood","damage_taken":19,"max_hp_gain":5,"max_hp_loss":0,"event_name":"Forgotten Altar","floor":20,"gold_loss":0},{"damage_healed":0,"gold_gain":0,"player_choice":"Read","damage_taken":0,"max_hp_gain":0,"max_hp_loss":0,"event_name":"The Library","floor":22,"gold_loss":0,"cards_obtained":["EmptyBody"]}],"is_beta":false,"boss_relics":[{"not_picked":["Coffee Dripper","SacredBark"],"picked":"Tiny House"}],"items_purged_floors":[],"is_endless":false,"potions_floor_spawned":[6,10,11,18,29],"killed_by":"Collector","ascension_level":0}}