{"host":"h2gxemxa99wv6yfu","time":1612459659,"event":{"mods":["BaseMod","Better Note","BetterRewards","Block Reminder","Colored Powertips","Friendly Minions","Highlight Path","Infinite Spire","Minty Spire (QoL Compilation)","Permanent Neow","Quick Restart","Relic Sorter","Relic Stats","Reliquary","Replay The Spire","Shop Mod","StSLib","Uncapped"],"gold_per_floor":[112,37,112,112,191,191,221,221,221,171,187,214,280,290,290,393,393,411,163,163,163],"floor_reached":20,"language":"ENG","playtime":628,"items_purged":["Strike_R","Strike_R"],"score":196,"play_id":"74eaef4c-667b-46bd-8414-e3893867c6a0","local_time":"20210204112739","is_ascension_mode":true,"campfire_choices":[{"data":"Reaper","floor":6.0,"key":"SMITH"},{"floor":8.0,"key":"RECALL"},{"floor":15.0,"key":"REST"}],"circlet_count":0,"master_deck":["Strike_R","Strike_R","Strike_R","Defend_R","Defend_R","Defend_R","Bash","Reaper+1","Heavy Blade","Double Tap","Reaper","Writhe","Double Tap","infinitespire:Execution"],"relics":["Burning Blood","infinitespire:CheckeredPen","infinitespire:EmpoweringShard","infinitespire:Lychee Nut","Ginger","Blood Vial","infinitespire:WardingShard","ReplayTheSpireMod:SealedPack","Potion Belt"],"acts_visited":["Exordium","TheCity"],"potions_floor_usage":[18],"damage_taken":[{"damage":12.0,"enemies":"Jaw Worm","floor":1.0,"turns":3.0},{"damage":20.0,"enemies":"Gremlin Nob","floor":7.0,"turns":4.0},{"damage":6.0,"enemies":"2 Louse","floor":11.0,"turns":2.0},{"damage":49.0,"enemies":"Lagavulin","floor":12.0,"turns":7.0},{"damage":0.0,"enemies":"Small Slimes","floor":14.0,"turns":3.0},{"damage":56,"enemies":"Slime Boss","floor":16,"turns":11},{"damage":11,"enemies":"Spheric Guardian","floor":18,"turns":3},{"damage":37,"enemies":"3 Byrds","floor":20,"turns":4}],"seed_played":"7196166815049361074","potions_obtained":[{"floor":7.0,"key":"ElixirPotion"},{"floor":12.0,"key":"Languid Potion"},{"floor":13.0,"key":"SmokeBomb"},{"floor":16,"key":"Energy Potion"},{"floor":18,"key":"LifebloodPotion"}],"is_trial":false,"path_per_floor":["M","$","?","?","T","R","E","R","T","?","M","E","?","M","R","B",null,"M","$","M"],"character_chosen":"IRONCLAD","items_purchased":["Potion Belt"],"campfire_rested":1,"item_purchase_floors":[19],"current_hp_per_floor":[78,78,67,67,67,67,59,59,59,59,60,26,2,21,39,15,60,58,58,41,41],"gold":163,"neow_bonus":"ONE_RANDOM_RARE_CARD","is_daily":false,"chose_seed":false,"campfire_upgraded":1,"win_rate":0.0,"timestamp":1612459659,"path_taken":["M","$","?","?","?","R","E","R","T","?","M","E","?","M","R","BOSS","M","?","M"],"items_purchased_type":["Relic"],"build_version":"2020-12-22","purchased_purges":2,"victory":false,"max_hp_per_floor":[80,80,80,80,80,80,60,60,60,60,60,60,60,60,60,60,60,60,60,60,60],"relic_stats":{"Blood Vial":6,"counters":[8,37],"Ginger":[6],"obtain_stats":[{"Blood Vial":12,"Potion Belt":19,"infinitespire:WardingShard":13,"infinitespire:Lychee Nut":7,"ReplayTheSpireMod:SealedPack":17,"infinitespire:EmpoweringShard":5,"infinitespire:CheckeredPen":4,"Ginger":9,"Burning Blood":0},{"Blood Vial":4,"Potion Belt":7,"infinitespire:WardingShard":4,"infinitespire:Lychee Nut":2,"ReplayTheSpireMod:SealedPack":6,"infinitespire:EmpoweringShard":1,"infinitespire:CheckeredPen":1,"Ginger":2,"Burning Blood":0},{"Blood Vial":16,"Potion Belt":33,"infinitespire:WardingShard":16,"infinitespire:Lychee Nut":7,"ReplayTheSpireMod:SealedPack":30,"infinitespire:EmpoweringShard":3,"infinitespire:CheckeredPen":3,"Ginger":7,"Burning Blood":0}],"Burning Blood":42},"card_choices":[{"not_picked":["ReplayTheSpireMod:Muscle Training","Carnage","Body Slam"],"picked":"SKIP","floor":1.0},{"not_picked":["Massacre","Armaments","Blood for Blood"],"picked":"SKIP","floor":7.0},{"not_picked":["Entrench","Searing Blow"],"picked":"Heavy Blade","floor":11.0},{"not_picked":["Shrug It Off","Pommel Strike"],"picked":"Double Tap","floor":12.0},{"not_picked":["Body Slam","Pummel","Headbutt"],"picked":"SKIP","floor":14.0},{"not_picked":["Replay:Many Hands","Hemogenesis"],"picked":"Reaper","floor":16},{"not_picked":["Barricade","Fiend Fire"],"picked":"Double Tap","floor":17},{"not_picked":["infinitespire:Punishment","infinitespire:TheBestDefense"],"picked":"infinitespire:Execution","floor":17},{"not_picked":["True Grit","Thunderclap+1","Pommel Strike"],"picked":"SKIP","floor":18}],"player_experience":30928,"relics_obtained":[{"floor":4.0,"key":"infinitespire:CheckeredPen"},{"floor":5.0,"key":"infinitespire:EmpoweringShard"},{"floor":7.0,"key":"infinitespire:Lychee Nut"},{"floor":9.0,"key":"Ginger"},{"floor":12.0,"key":"Blood Vial"},{"floor":13.0,"key":"infinitespire:WardingShard"}],"event_choices":[{"damage_healed":0.0,"max_hp_gain":0.0,"max_hp_loss":0.0,"gold_gain":75.0,"event_name":"World of Goop","player_choice":"Gather Gold","floor":3.0,"gold_loss":0.0,"damage_taken":11.0},{"cards_removed":["Defend_R"],"damage_healed":0.0,"max_hp_gain":0.0,"max_hp_loss":0.0,"gold_gain":0.0,"event_name":"The Cleric","player_choice":"Card Removal","floor":10.0,"gold_loss":50.0,"damage_taken":0.0}],"is_beta":false,"boss_relics":[{"not_picked":["Ring of Chaos","Empty Cage"],"picked":"ReplayTheSpireMod:SealedPack"}],"items_purged_floors":[2,19],"is_endless":false,"potions_floor_spawned":[7,12,16,18],"killed_by":"3 Byrds","ascension_level":2}}