{"host":"rtw1tnr74gozsrw1","time":1612403465,"event":{"mods":["BaseMod","Colored Map","Colored Powertips","Highlight Path","Minty Spire (QoL Compilation)","StSLib","The Jungle"],"gold_per_floor":[115,115,115,40,57,57,84,84,84,84,109,9,9,35,35,135,135,152,152,166,95,109,109,109,109],"floor_reached":24,"language":"ENG","playtime":505,"items_purged":["Strike_B","Defend_B"],"score":282,"play_id":"09e5e3df-a448-4a3c-9ebc-8616cee69601","local_time":"20210204025105","is_ascension_mode":true,"campfire_choices":[{"data":"Darkness","floor":6,"key":"SMITH"},{"data":"Conserve Battery","floor":8,"key":"SMITH"},{"data":"Dualcast","floor":13,"key":"SMITH"},{"floor":15,"key":"REST"},{"data":"Rainbow","floor":23,"key":"SMITH"}],"circlet_count":0,"master_deck":["Strike_B","Strike_B","Defend_B","Zap","Dualcast+1","Darkness+1","Conserve Battery+1","Machine Learning","Rainbow+1","Self Repair","Auto Shields","Capacitor","Conserve Battery"],"relics":["Cracked Core","NeowsBlessing","Eternal Feather","Matryoshka","Oddly Smooth Stone","Ornamental Fan","WingedGreaves","Emotion Chip","Empty Cage"],"acts_visited":["Exordium","TheCity"],"potions_floor_usage":[11,22,22,24],"damage_taken":[{"damage":0,"enemies":"2 Louse","floor":1,"turns":1},{"damage":0,"enemies":"Small Slimes","floor":5,"turns":1},{"damage":0,"enemies":"Gremlin Nob","floor":7,"turns":1},{"damage":28,"enemies":"3 Sentries","floor":11,"turns":7},{"damage":20,"enemies":"Gremlin Nob","floor":14,"turns":4},{"damage":21,"enemies":"Slime Boss","floor":16,"turns":6},{"damage":10,"enemies":"Shell Parasite","floor":18,"turns":3},{"damage":1,"enemies":"Chosen","floor":20,"turns":4},{"damage":19,"enemies":"Snake Plant","floor":22,"turns":3},{"damage":63,"enemies":"Gremlin Leader","floor":24,"turns":3}],"seed_played":"5580157437194167900","potions_obtained":[{"floor":1,"key":"Explosive Potion"},{"floor":11,"key":"Ancient Potion"},{"floor":18,"key":"EssenceOfSteel"},{"floor":19,"key":"DistilledChaos"},{"floor":22,"key":"Block Potion"}],"is_trial":false,"path_per_floor":["M","?","?","$","M","R","E","R","T","T","E","$","R","E","R","B",null,"M","?","M","$","M","R","E"],"character_chosen":"DEFECT","items_purchased":["Capacitor"],"campfire_rested":1,"item_purchase_floors":[21],"current_hp_per_floor":[75,75,75,75,75,75,75,75,75,75,47,47,50,30,58,37,75,65,65,71,71,59,65,2,2],"gold":109,"neow_bonus":"THREE_ENEMY_KILL","is_daily":false,"chose_seed":false,"campfire_upgraded":4,"win_rate":0.0,"timestamp":1612403465,"path_taken":["M","?","?","$","M","R","E","R","T","?","E","?","R","E","R","BOSS","M","?","M","$","M","R","E"],"items_purchased_type":["Card"],"build_version":"2020-12-22","purchased_purges":2,"victory":false,"max_hp_per_floor":[75,75,75,75,75,75,75,75,75,75,75,75,75,75,75,75,75,75,75,75,75,75,75,75,75],"card_choices":[{"not_picked":["Consume","Streamline"],"picked":"Darkness","floor":1},{"not_picked":["Beam Cell","Skim","Coolheaded"],"picked":"SKIP","floor":5},{"not_picked":["Heatsinks","Reboot"],"picked":"Conserve Battery","floor":7},{"not_picked":["Hologram","Streamline","Turbo"],"picked":"SKIP","floor":11},{"not_picked":["Coolheaded","Leap"],"picked":"Machine Learning","floor":14},{"not_picked":["Reboot","Thunder Strike"],"picked":"Rainbow","floor":16},{"not_picked":["Streamline+1","Steam+1"],"picked":"Self Repair","floor":18},{"not_picked":["Storm+1","Streamline"],"picked":"Auto Shields","floor":20},{"not_picked":["Hologram","Undo"],"picked":"Conserve Battery","floor":22}],"player_experience":100190,"relics_obtained":[{"floor":7,"key":"Eternal Feather"},{"floor":9,"key":"Matryoshka"},{"floor":10,"key":"Oddly Smooth Stone"},{"floor":10,"key":"Ornamental Fan"},{"floor":11,"key":"WingedGreaves"},{"floor":14,"key":"Emotion Chip"}],"event_choices":[{"cards_removed":["Strike_B"],"damage_healed":0,"gold_gain":0,"player_choice":"Forget","damage_taken":0,"max_hp_gain":0,"max_hp_loss":0,"event_name":"Living Wall","floor":2,"gold_loss":0},{"damage_healed":0,"gold_gain":0,"player_choice":"Ignored","damage_taken":0,"max_hp_gain":0,"max_hp_loss":0,"event_name":"Golden Idol","floor":3,"gold_loss":0},{"damage_healed":0,"gold_gain":0,"player_choice":"Got Potions","damage_taken":0,"max_hp_gain":0,"max_hp_loss":0,"event_name":"Lab","floor":19,"gold_loss":0}],"is_beta":false,"boss_relics":[{"not_picked":["Runic Pyramid","Ectoplasm"],"picked":"Empty Cage"}],"items_purged_floors":[4,12],"is_endless":false,"potions_floor_spawned":[1,11,18,22],"killed_by":"Gremlin Leader","ascension_level":4}}