{"host":"640uue19m79c7wbt","time":1612403587,"event":{"mods":["BaseMod","Colored Map","Googly Eyes","Highlight Path","Minty Spire (QoL Compilation)","Quick Restart","StSLib"],"gold_per_floor":[112,187,187,187,207,237,256,275,275,275,275,295,295,322,322,322,322],"floor_reached":16,"language":"ENG","playtime":498,"items_purged":[],"score":257,"play_id":"fbf78c60-df79-4670-b7aa-cd7044e8102c","local_time":"20210203205307","is_ascension_mode":true,"campfire_choices":[{"data":"Venomology","floor":11,"key":"SMITH"},{"data":"Terror","floor":13,"key":"SMITH"},{"floor":15,"key":"REST"}],"circlet_count":0,"master_deck":["AscendersBane","Strike_G","Strike_G","Strike_G","Strike_G","Strike_G","Defend_G","Defend_G","Defend_G","Defend_G","Defend_G","Survivor","Neutralize","Terror+1","Blade Dance","Venomology+1","Dagger Throw","Heel Hook","Cloak And Dagger","Storm of Steel"],"relics":["Ring of the Snake","NeowsBlessing","HornCleat","Peace Pipe","Mummified Hand","Toy Ornithopter","Pantograph"],"acts_visited":["Exordium"],"potions_floor_usage":[7,7,8,12,12,16],"damage_taken":[{"damage":0.0,"enemies":"2 Louse","floor":1.0,"turns":2.0},{"damage":0,"enemies":"Jaw Worm","floor":5,"turns":1},{"damage":0,"enemies":"Lagavulin","floor":6,"turns":1},{"damage":0,"enemies":"Small Slimes","floor":7,"turns":3},{"damage":8,"enemies":"Looter","floor":8,"turns":4},{"damage":15,"enemies":"Exordium Wildlife","floor":12,"turns":3},{"damage":39,"enemies":"3 Sentries","floor":14,"turns":10},{"damage":71,"enemies":"The Guardian","floor":16,"turns":10}],"seed_played":"2443606583727349533","potions_obtained":[{"floor":1.0,"key":"Energy Potion"},{"floor":8,"key":"AttackPotion"},{"floor":12,"key":"FairyPotion"}],"is_trial":false,"path_per_floor":["M","?","?","T","M","E","M","M","T","?","R","M","R","E","R","B"],"character_chosen":"THE_SILENT","items_purchased":[],"campfire_rested":1,"item_purchase_floors":[],"current_hp_per_floor":[59,48,53,53,53,53,53,45,45,40,40,35,35,21,42,0,0],"gold":322,"neow_bonus":"THREE_ENEMY_KILL","is_daily":false,"chose_seed":false,"campfire_upgraded":2,"win_rate":0.0,"timestamp":1612403587,"path_taken":["M","?","?","?","M","E","M","M","T","?","R","M","R","E","R","BOSS"],"items_purchased_type":[],"build_version":"2020-12-22","purchased_purges":0,"victory":false,"max_hp_per_floor":[66,66,71,71,71,71,71,71,71,71,71,71,71,71,71,71,71],"card_choices":[{"not_picked":["Slice","All Out Attack"],"picked":"Terror","floor":1.0},{"not_picked":["Catalyst","PiercingWail"],"picked":"Blade Dance","floor":5},{"not_picked":["PiercingWail","Choke"],"picked":"Venomology","floor":6},{"not_picked":["Flying Knee","Quick Slash"],"picked":"Dagger Throw","floor":7},{"not_picked":["Setup","Acrobatics"],"picked":"Heel Hook","floor":8},{"not_picked":["Deflect","Riddle With Holes"],"picked":"Cloak And Dagger","floor":12},{"not_picked":["Endless Agony","Dagger Throw"],"picked":"Storm of Steel","floor":14}],"player_experience":655881,"relics_obtained":[{"floor":4,"key":"HornCleat"},{"floor":6,"key":"Peace Pipe"},{"floor":9,"key":"Mummified Hand"},{"floor":14,"key":"Pantograph"}],"event_choices":[{"damage_healed":0.0,"max_hp_gain":0.0,"max_hp_loss":0.0,"gold_gain":75.0,"event_name":"World of Goop","player_choice":"Gather Gold","floor":2.0,"gold_loss":0.0,"damage_taken":11.0},{"damage_healed":0,"gold_gain":0,"player_choice":"Donut","damage_taken":0,"max_hp_gain":5,"max_hp_loss":0,"event_name":"Big Fish","floor":3,"gold_loss":0},{"damage_healed":0,"gold_gain":0,"player_choice":"Success","damage_taken":5,"relics_obtained":["Toy Ornithopter"],"max_hp_gain":0,"max_hp_loss":0,"event_name":"Scrap Ooze","floor":10,"gold_loss":0}],"is_beta":false,"boss_relics":[],"items_purged_floors":[],"is_endless":false,"potions_floor_spawned":[1,8,12],"killed_by":"The Guardian","ascension_level":18}}