{"host":"sav7uxregyirlf69","time":1612439585,"event":{"mods":["AchievementEnabler","BaseMod","Colored Map","DeckTracker","Keyboard Shortcuts","Minty Spire (QoL Compilation)","READ ME - Guardian Mod","StSLib","SuperFastMode"],"gold_per_floor":[114,189,189,189,213,213,237,281,281,325,325,338,362,400,400,489,489,503,32,46,59,59,59,59,59],"floor_reached":24,"language":"KOR","playtime":566,"items_purged":["Strike_G"],"score":432,"play_id":"6a741712-674f-4e05-bc00-672a0531c9b8","local_time":"20210204205305","is_ascension_mode":true,"campfire_choices":[{"data":"Cloak And Dagger","floor":6.0,"key":"SMITH"},{"data":"Cloak And Dagger","floor":15.0,"key":"SMITH"},{"data":"Malaise","floor":23,"key":"SMITH"}],"circlet_count":0,"master_deck":["AscendersBane","Strike_G+1","Strike_G+1","Strike_G","Strike_G+1","Defend_G","Defend_G","Defend_G","Defend_G","Defend_G","Survivor","Neutralize","Eviscerate","Cloak And Dagger+1","Dagger Throw","Blade Dance+1","Burst","Cloak And Dagger","Cloak And Dagger+1","Malaise+1","Well Laid Plans","Infinite Blades"],"relics":["Ring of the Snake","Whetstone","Golden Idol","Meat on the Bone","Kunai","Juzu Bracelet","Smiling Mask","Cursed Key","Happy Flower","Chemical X"],"acts_visited":["Exordium","TheCity"],"potions_floor_usage":[24],"damage_taken":[{"damage":4.0,"enemies":"2 Louse","floor":1.0,"turns":3.0},{"damage":4.0,"enemies":"Small Slimes","floor":5.0,"turns":4.0},{"damage":0.0,"enemies":"Cultist","floor":7.0,"turns":3.0},{"damage":26.0,"enemies":"Lagavulin","floor":8.0,"turns":6.0},{"damage":3.0,"enemies":"3 Sentries","floor":10.0,"turns":9.0},{"damage":0.0,"enemies":"Lots of Slimes","floor":12.0,"turns":5.0},{"damage":0.0,"enemies":"2 Fungi Beasts","floor":13.0,"turns":4.0},{"damage":9.0,"enemies":"Lagavulin","floor":14.0,"turns":8.0},{"damage":26.0,"enemies":"Hexaghost","floor":16.0,"turns":14.0},{"damage":8.0,"enemies":"Chosen","floor":18.0,"turns":7.0},{"damage":10.0,"enemies":"Spheric Guardian","floor":20.0,"turns":5.0},{"damage":20.0,"enemies":"Centurion and Healer","floor":21.0,"turns":7.0},{"damage":25,"enemies":"Slavers","floor":24,"turns":3}],"seed_played":"-6719398381091523642","potions_obtained":[{"floor":5.0,"key":"Weak Potion"},{"floor":7.0,"key":"CunningPotion"},{"floor":12.0,"key":"Dexterity Potion"},{"floor":20.0,"key":"FearPotion"},{"floor":21.0,"key":"BlessingOfTheForge"}],"is_trial":false,"path_per_floor":["M","?","?","?","M","R","M","E","T","E","?","M","M","E","R","B",null,"M","$","M","M","?","R","E"],"character_chosen":"THE_SILENT","items_purchased":["Happy Flower","Chemical X","Well Laid Plans"],"campfire_rested":0,"item_purchase_floors":[19,19,19],"current_hp_per_floor":[55,44,49,49,45,45,45,19,19,28,9,21,33,36,36,22,54,46,46,36,28,22,22,0,0],"gold":59,"neow_bonus":"RANDOM_COMMON_RELIC","is_daily":false,"chose_seed":false,"campfire_upgraded":3,"win_rate":0.0,"timestamp":1612439585,"path_taken":["M","?","?","?","M","R","M","E","T","E","?","M","M","E","R","BOSS","M","$","M","M","?","R","E"],"items_purchased_type":["Relic","Relic","Card"],"build_version":"2020-12-22","purchased_purges":1,"victory":false,"max_hp_per_floor":[66,66,71,64,64,64,64,64,64,64,64,64,64,64,64,64,64,64,64,64,64,64,64,64,64],"card_choices":[{"not_picked":["Quick Slash","Bane"],"picked":"Eviscerate","floor":1.0},{"not_picked":["Sucker Punch","Acrobatics"],"picked":"Cloak And Dagger","floor":5.0},{"not_picked":["PiercingWail","Concentrate"],"picked":"Dagger Throw","floor":7.0},{"not_picked":["Acrobatics","Bane"],"picked":"Blade Dance","floor":8.0},{"not_picked":["Slice","Backflip"],"picked":"Burst","floor":10.0},{"not_picked":["Acrobatics","Dagger Throw"],"picked":"Cloak And Dagger","floor":12.0},{"not_picked":["Doppelganger","Quick Slash"],"picked":"Cloak And Dagger","floor":13.0},{"not_picked":["Bane","Acrobatics","Leg Sweep"],"picked":"SKIP","floor":14.0},{"not_picked":["Phantasmal Killer","Glass Knife"],"picked":"Malaise","floor":16.0},{"not_picked":["Bane","Quick Slash","Concentrate"],"picked":"SKIP","floor":18.0},{"not_picked":["Caltrops","Dagger Spray"],"picked":"Infinite Blades","floor":20.0},{"not_picked":["Backstab","Dagger Spray","Setup"],"picked":"SKIP","floor":21.0}],"player_experience":1486629,"relics_obtained":[{"floor":8.0,"key":"Meat on the Bone"},{"floor":9.0,"key":"Kunai"},{"floor":10.0,"key":"Juzu Bracelet"},{"floor":14.0,"key":"Smiling Mask"}],"event_choices":[{"damage_healed":0.0,"max_hp_gain":0.0,"max_hp_loss":0.0,"gold_gain":75.0,"event_name":"World of Goop","player_choice":"Gather Gold","floor":2.0,"gold_loss":0.0,"damage_taken":11.0},{"damage_healed":0.0,"max_hp_gain":5.0,"max_hp_loss":0.0,"gold_gain":0.0,"event_name":"Big Fish","player_choice":"Donut","floor":3.0,"gold_loss":0.0,"damage_taken":0.0},{"damage_healed":0.0,"max_hp_gain":0.0,"max_hp_loss":7.0,"gold_gain":0.0,"event_name":"Golden Idol","player_choice":"Lose Max HP","floor":4.0,"gold_loss":0.0,"damage_taken":0.0,"relics_obtained":["Golden Idol"]},{"damage_healed":0.0,"max_hp_gain":0.0,"max_hp_loss":0.0,"gold_gain":0.0,"event_name":"Shining Light","player_choice":"Entered Light","floor":11.0,"gold_loss":0.0,"damage_taken":19.0,"cards_upgraded":["Strike_G","Blade Dance"]},{"damage_healed":0,"gold_gain":0,"player_choice":"","damage_taken":6,"max_hp_gain":0,"max_hp_loss":0,"event_name":"Knowing Skull","floor":22,"potions_obtained":[],"gold_loss":0,"cards_obtained":[]}],"is_beta":false,"boss_relics":[{"not_picked":["Pandora\u0027s Box","Runic Pyramid"],"picked":"Cursed Key"}],"items_purged_floors":[19],"is_endless":false,"potions_floor_spawned":[5,7,12,20,21],"killed_by":"Slavers","ascension_level":20}}