{"host":"x5w9zppki4gdwvc7","time":1612443658,"event":{"mods":["AchievementEnabler","BaseMod","Colored Powertips","DeckTracker","Minty Spire (QoL Compilation)"],"gold_per_floor":[111,43,58,58,76,102,102,102,156,136,136,136,61,61,61,161,161,110,10,10,10,10,10,10,10,37,37,37,37,52,0,0,0,0],"floor_reached":33,"language":"ENG","playtime":1302,"items_purged":["Strike_G","Strike_G"],"score":268,"play_id":"3d921912-da37-49e3-ae2a-661d40e0fd74","local_time":"20210204140058","is_ascension_mode":true,"campfire_choices":[{"data":"Neutralize","floor":8,"key":"SMITH"},{"data":"Survivor","floor":12,"key":"SMITH"},{"data":"Acrobatics","floor":15,"key":"SMITH"},{"data":"Defend_G","floor":23,"key":"SMITH"},{"data":"Defend_G","floor":25,"key":"SMITH"},{"data":"Defend_G","floor":27,"key":"SMITH"},{"data":"Defend_G","floor":29,"key":"SMITH"},{"data":"Defend_G","floor":32,"key":"SMITH"}],"circlet_count":0,"master_deck":["Strike_G","Strike_G","Strike_G","Defend_G+1","Defend_G+1","Defend_G+1","Defend_G+1","Defend_G+1","Survivor+1","Neutralize+1","Noxious Fumes+1","Well Laid Plans","Acrobatics+1","CurseOfTheBell","Blade Dance+1"],"relics":["Ring of the Snake","NeowsBlessing","Lantern","Juzu Bracelet","Calling Bell","CeramicFish","Eternal Feather","Gambling Chip","Regal Pillow"],"acts_visited":["Exordium","TheCity"],"potions_floor_usage":[6,16,16,33],"damage_taken":[{"damage":0,"enemies":"Cultist","floor":1,"turns":1},{"damage":0,"enemies":"Jaw Worm","floor":3,"turns":1},{"damage":0,"enemies":"Small Slimes","floor":5,"turns":1},{"damage":34,"enemies":"Gremlin Nob","floor":6,"turns":6},{"damage":20,"enemies":"The Guardian","floor":16,"turns":13},{"damage":19,"enemies":"2 Thieves","floor":18,"turns":4},{"damage":19,"enemies":"3 Byrds","floor":30,"turns":5},{"damage":61,"enemies":"Champ","floor":33,"turns":18}],"seed_played":"-1869334758349906483","potions_obtained":[{"floor":3,"key":"Energy Potion"},{"floor":4,"key":"Ancient Potion"},{"floor":4,"key":"Ancient Potion"},{"floor":10,"key":"CunningPotion"}],"is_trial":false,"path_per_floor":["M","$","M","?","M","E","?","R","T","?","?","R","$","?","R","B",null,"M","$","?","?","$","R","$","R","T","R","?","R","M","?","R","B"],"character_chosen":"THE_SILENT","items_purchased":["Noxious Fumes"],"campfire_rested":0,"item_purchase_floors":[2],"current_hp_per_floor":[70,70,70,70,70,36,41,41,41,41,41,41,41,41,41,21,75,56,56,56,56,56,65,65,74,74,75,61,70,51,51,60,0,0],"gold":0,"neow_bonus":"THREE_ENEMY_KILL","is_daily":false,"chose_seed":false,"campfire_upgraded":8,"win_rate":0.0,"timestamp":1612443658,"path_taken":["M","$","M","?","?","E","?","R","T","?","?","R","$","?","R","BOSS","M","$","?","?","$","R","$","R","T","R","?","R","M","?","R","BOSS"],"items_purchased_type":["Card"],"build_version":"2020-12-22","purchased_purges":2,"victory":false,"max_hp_per_floor":[70,70,70,70,70,70,75,75,75,75,75,75,75,75,75,75,75,75,75,75,75,75,75,75,75,75,75,80,80,80,80,80,80,80],"card_choices":[{"not_picked":["Dagger Throw","Backstab","Prepared"],"picked":"SKIP","floor":1},{"not_picked":["Flying Knee","Well Laid Plans","Outmaneuver"],"picked":"SKIP","floor":3},{"not_picked":["Flying Knee","Outmaneuver"],"picked":"Well Laid Plans","floor":3},{"not_picked":["Poisoned Stab","Noxious Fumes"],"picked":"Acrobatics","floor":5},{"not_picked":["Bane","Concentrate","Unload"],"picked":"SKIP","floor":6},{"not_picked":["Well Laid Plans+1","Expertise"],"picked":"Blade Dance","floor":18},{"not_picked":["Prepared+1","Deadly Poison","Expertise"],"picked":"SKIP","floor":30}],"player_experience":468249,"relics_obtained":[{"floor":6,"key":"Lantern"},{"floor":9,"key":"Juzu Bracelet"},{"floor":17,"key":"CeramicFish"},{"floor":17,"key":"Eternal Feather"},{"floor":17,"key":"Gambling Chip"},{"floor":26,"key":"Regal Pillow"}],"event_choices":[{"damage_healed":0,"gold_gain":0,"player_choice":"Got Potions","damage_taken":0,"max_hp_gain":0,"max_hp_loss":0,"event_name":"Lab","floor":4,"gold_loss":0},{"damage_healed":0,"gold_gain":0,"player_choice":"Donut","damage_taken":0,"max_hp_gain":5,"max_hp_loss":0,"event_name":"Big Fish","floor":7,"gold_loss":0},{"damage_healed":0,"gold_gain":0,"player_choice":"Bought 1 Potion","damage_taken":0,"max_hp_gain":0,"max_hp_loss":0,"event_name":"The Woman in Blue","floor":10,"gold_loss":0},{"damage_healed":0,"gold_gain":0,"player_choice":"Upgraded","damage_taken":0,"max_hp_gain":0,"max_hp_loss":0,"event_name":"Upgrade Shrine","floor":11,"gold_loss":0,"cards_upgraded":["Noxious Fumes"]},{"damage_healed":0,"gold_gain":0,"player_choice":"Ignored","damage_taken":0,"max_hp_gain":0,"max_hp_loss":0,"event_name":"Liars Game","floor":14,"gold_loss":0},{"damage_healed":0,"gold_gain":0,"player_choice":"Forge","damage_taken":0,"max_hp_gain":0,"max_hp_loss":0,"event_name":"Accursed Blacksmith","floor":20,"gold_loss":0,"cards_upgraded":["Blade Dance"]},{"damage_healed":0,"gold_gain":0,"player_choice":"Ignored","damage_taken":0,"max_hp_gain":0,"max_hp_loss":0,"event_name":"Ghosts","floor":21,"gold_loss":0},{"damage_healed":0,"gold_gain":0,"player_choice":"Shed Blood","damage_taken":19,"max_hp_gain":5,"max_hp_loss":0,"event_name":"Forgotten Altar","floor":28,"gold_loss":0},{"damage_healed":0,"gold_gain":0,"player_choice":"Paid Fearfully","damage_taken":0,"max_hp_gain":0,"max_hp_loss":0,"event_name":"Masked Bandits","floor":31,"gold_loss":52}],"is_beta":false,"boss_relics":[{"not_picked":["Snecko Eye","SlaversCollar"],"picked":"Calling Bell"}],"items_purged_floors":[13,19],"is_endless":false,"potions_floor_spawned":[3,5],"killed_by":"Champ","ascension_level":3}}