{"host":"gf8hyl7jhl0is674","time":1612468431,"event":{"mods":["2.2 Compatiblity","Act Like it!","Aspiration","BaseMod","CapriCore","Chen","Colored Map","Gensokyo","Hallownest","Jorbs\u0027s Wanderer Trilogy","Koishi","Marisa????????","Minty Spire (QoL Compilation)","Onozuka Komachi Mod","Permanent Neow","Reimu??????","StSLib","The Administrix","The Blue Laboratory","The Immortal","The Jungle","The Servant 0.9.4","Waifu the Spire","Yakumo Yukari mod"],"gold_per_floor":[117,42,53,63,28,62,62,90,113,133,133,133,133,151,151,246,246,258,258,258,268,279,279,294,294,345,371,371,387,387,399,399,498,498,508,508,524,536,328,328,359,359,359,274,274,274,286,286,286,286,286,286,86,117,117,117],"floor_reached":55,"language":"ENG","playtime":3261,"items_purged":["Eruption","Catalyst","Underhanded Strike"],"score":724,"play_id":"4a9c5bc6-905d-4f5d-9cf3-31f98dc3b633","local_time":"20210204125351","is_ascension_mode":false,"campfire_choices":[{"data":"Prostrate","floor":7,"key":"SMITH"},{"data":"CrushJoints","floor":13,"key":"SMITH"},{"data":"Defend_P","floor":15,"key":"SMITH"},{"floor":23,"key":"RECALL"},{"data":"SashWhip","floor":25,"key":"SMITH"},{"data":"WheelKick","floor":32,"key":"SMITH"},{"data":"Wallop","floor":40,"key":"SMITH"},{"data":"WindmillStrike","floor":42,"key":"SMITH"},{"data":"Establishment","floor":46,"key":"SMITH"},{"data":"SandsOfTime","floor":49,"key":"SMITH"},{"data":"Vigilance","floor":52,"key":"SMITH"}],"circlet_count":0,"master_deck":["Defend_P+1","Vigilance+1","EmptyFist","Prostrate+1","CutThroughFate","CrushJoints+1","SandsOfTime+1","Vault","SashWhip+1","WheelKick+1","Establishment+1","Cloak And Dagger","Wallop+1","WindmillStrike+1","DeceiveReality+1"],"relics":["aspiration:RunicSpoon","Hallownest:BankAccountRelic","aspiration:SeaSaltIceCream","Hallownest:TeacherSealRelic","Ornamental Fan","Bag of Marbles","Snecko Eye","HornCleat","theJungle:SpiritDisease","Hallownest:DreamNailRelic","Runic Pyramid","Mastiff:ReiMu","Pen Nib","Spirit Poop","Molten Egg 2","Shuriken","aspiration:FetidBarrel"],"acts_visited":["Hallownest:Greenpath","Hallownest:Greenpath","Gensokyo:Gensokyoest","TheEnding"],"potions_floor_usage":[6,16,16,41,41,41,50,50,50,55,55],"damage_taken":[{"damage":4,"enemies":"Hallownest:monsterHuskWarrior","floor":1,"turns":4},{"damage":8,"enemies":"Hallownest:2_MossCreeps","floor":3,"turns":4},{"damage":2,"enemies":"2_ Uuma","floor":4,"turns":4},{"damage":18,"enemies":"Hallownest:eliteMossKnight","floor":6,"turns":12},{"damage":14,"enemies":"Hallownest:eliteCrystalGuardian","floor":8,"turns":6},{"damage":0,"enemies":"Hallownest:1_Ooma_and_2_Uuma","floor":10,"turns":5},{"damage":0,"enemies":"Hallownest:monsterMarmu","floor":11,"turns":3},{"damage":2,"enemies":"Hallownest:monsterAspidMother","floor":12,"turns":4},{"damage":1,"enemies":"Hallownest:1_Baldur_1_Crawlid_1_Warrior","floor":14,"turns":4},{"damage":10,"enemies":"Hallownest:BossHornet","floor":16,"turns":5},{"damage":3,"enemies":"Shell Parasite","floor":18,"turns":5},{"damage":4,"enemies":"theJungle:MUSHROOMGANG","floor":21,"turns":3},{"damage":0,"enemies":"theJungle:Lyon","floor":22,"turns":3},{"damage":29,"enemies":"theJungle:Snecko_Cultist_And_Trap","floor":24,"turns":5},{"damage":0,"enemies":"theJungle:MamaSnecko","floor":27,"turns":4},{"damage":0,"enemies":"theJungle:SlimyTreeVines","floor":29,"turns":3},{"damage":0,"enemies":"theJungle:Lyon","floor":31,"turns":2},{"damage":1,"enemies":"theJungle:QueenSpyder","floor":33,"turns":8},{"damage":0,"enemies":"Gensokyo:3_Bats","floor":35,"turns":2},{"damage":0,"enemies":"Gensokyo:AncientGuardian","floor":37,"turns":4},{"damage":0,"enemies":"Gensokyo:3_Boulders","floor":38,"turns":5},{"damage":14,"enemies":"Gensokyo:Kasen","floor":41,"turns":7},{"damage":3,"enemies":"Gensokyo:Rafflesia","floor":47,"turns":4},{"damage":31,"enemies":"Gensokyo:Shinki","floor":50,"turns":9},{"damage":19,"enemies":"Shield and Spear","floor":54,"turns":7},{"damage":68,"enemies":"The Heart","floor":55,"turns":7}],"seed_played":"8646661766822132371","potions_obtained":[{"floor":4,"key":"blueLaboratory:BubblePotion"},{"floor":6,"key":"Ancient Potion"},{"floor":8,"key":"blueLaboratory:PyrophylliteBrew"},{"floor":14,"key":"Swift Potion"},{"floor":18,"key":"MagicPotion:ReiMu"},{"floor":47,"key":"Strength Potion"}],"is_trial":false,"path_per_floor":["M","?","M","M","$","E","R","E","T","M","?","M","R","M","R","B",null,"M","?","?","M","M","R","M","R","T","E","?","M","?","M","R","B",null,"M","?","M","M","$","R","E","R","T","$","T","R","M","?","R","B",null,"R","$","E","B"],"character_chosen":"WATCHER","items_purchased":["Mastiff:ReiMu","Shuriken"],"campfire_rested":0,"item_purchase_floors":[39,53],"current_hp_per_floor":[68,68,60,58,58,40,40,26,26,26,26,24,24,23,23,13,72,69,69,69,65,65,65,36,36,36,36,36,36,36,36,36,35,72,72,72,72,72,72,72,72,72,72,72,72,72,69,69,69,38,72,72,72,53,0,0],"gold":117,"neow_bonus":"BOSS_RELIC","is_daily":false,"chose_seed":false,"campfire_upgraded":10,"win_rate":0.0,"timestamp":1612468431,"path_taken":["M","?","M","M","$","E","R","E","T","M","?","M","R","M","R","BOSS","M","?","?","?","M","R","M","R","T","E","?","M","?","M","R","BOSS","M","?","M","?","$","R","E","R","T","?","?","R","M","?","R","BOSS","R","$","E","BOSS"],"items_purchased_type":["Relic","Relic"],"build_version":"2020-12-22","purchased_purges":3,"victory":false,"max_hp_per_floor":[72,72,72,72,72,72,72,72,72,72,72,72,72,72,72,72,72,72,72,72,72,72,72,72,72,72,72,72,72,72,72,72,72,72,72,72,72,72,72,72,72,72,72,72,72,72,72,72,72,72,72,72,72,72,72,72],"card_choices":[{"not_picked":["Vengeance","ReachHeaven"],"picked":"EmptyFist","floor":1},{"not_picked":["Crescendo","Adaptation","WaveOfTheHand"],"picked":"SKIP","floor":3},{"not_picked":["Protect","Adaptation"],"picked":"Prostrate","floor":4},{"not_picked":["Pray","EmptyFist","Omniscience"],"picked":"SKIP","floor":6},{"not_picked":["Swivel","Prostrate"],"picked":"CutThroughFate","floor":8},{"not_picked":["ClearTheMind","Meditate"],"picked":"CrushJoints","floor":10},{"not_picked":["CutThroughFate","Meditate"],"picked":"SandsOfTime","floor":12},{"not_picked":["TalkToTheHand","FlurryOfBlows","Blasphemy"],"picked":"SKIP","floor":14},{"not_picked":["Scrawl","Judgement"],"picked":"Vault","floor":16},{"not_picked":["FlurryOfBlows","EmptyFist+1","SandsOfTime"],"picked":"SKIP","floor":18},{"not_picked":["JustLucky","Prostrate","CrushJoints"],"picked":"SKIP","floor":21},{"not_picked":["Halt","Study","ThirdEye"],"picked":"SKIP","floor":22},{"not_picked":["ClearTheMind","ConjureBlade"],"picked":"SashWhip","floor":24},{"not_picked":["Prostrate","Evaluate","FlurryOfBlows"],"picked":"SKIP","floor":27},{"not_picked":["EmptyFist","PathToVictory"],"picked":"WheelKick","floor":29},{"not_picked":["Worship","BowlingBash+1","Halt"],"picked":"SKIP","floor":31},{"not_picked":["ConjureBlade","Scrawl"],"picked":"Establishment","floor":33},{"not_picked":["ReachHeaven","PathToVictory+1","Crescendo"],"picked":"SKIP","floor":35},{"not_picked":["ReachHeaven+1","Collect+1","JustLucky"],"picked":"SKIP","floor":37},{"not_picked":["CrushJoints+1","ThirdEye"],"picked":"Wallop","floor":38},{"not_picked":["CrushJoints","Pray"],"picked":"WindmillStrike","floor":41},{"not_picked":["SashWhip+1","Vengeance+1","Evaluate"],"picked":"SKIP","floor":47},{"not_picked":["FearNoEvil+1","ConjureBlade"],"picked":"DeceiveReality+1","floor":54}],"player_experience":417560,"relics_obtained":[{"floor":6,"key":"aspiration:SeaSaltIceCream"},{"floor":8,"key":"Ornamental Fan"},{"floor":9,"key":"Bag of Marbles"},{"floor":27,"key":"HornCleat"},{"floor":41,"key":"Pen Nib"},{"floor":43,"key":"Spirit Poop"},{"floor":45,"key":"Molten Egg 2"},{"floor":54,"key":"aspiration:FetidBarrel"}],"event_choices":[{"damage_healed":0,"gold_gain":0,"player_choice":"Cursed","damage_taken":0,"max_hp_gain":0,"max_hp_loss":0,"event_name":"Wheel of Change","floor":20,"gold_loss":0,"cards_obtained":["Decay"]}],"is_beta":false,"boss_relics":[{"not_picked":["SacredBark","aspiration:PoetsPen_weak"],"picked":"Snecko Eye"},{"not_picked":["aspiration:IroncladSkillbook","Busted Crown"],"picked":"Runic Pyramid"}],"items_purged_floors":[5,39,44],"is_endless":false,"potions_floor_spawned":[4,6,8,11,14,18,21,27,31,37,47],"killed_by":"The Heart","ascension_level":0}}