{"host":"x000krxjblg8jdg4","time":1612466513,"event":{"mods":["BaseMod","Downfall","Hermit","Minty Spire (QoL Compilation)","StSLib","The Runesmith","The Servant 0.9.4"],"gold_per_floor":[118,118,118,134,147,176,176,211,276,288,311,323,354,382,394,505,517,548,571,595,233,247,247,247,247,247,247,260,298,309,339,339,339,339],"floor_reached":33,"language":"ENG","playtime":5020,"items_purged":[],"score":281,"play_id":"961a55ec-7962-403d-a95a-b17c36f6c79b","local_time":"20210204172153","is_ascension_mode":false,"campfire_choices":[{"floor":7,"key":"REST"},{"floor":10,"key":"REST"},{"floor":15,"key":"REST"},{"floor":23,"key":"REST"},{"data":"Runesmith:Firestorm","floor":25,"key":"SMITH"},{"floor":32,"key":"REST"}],"circlet_count":0,"master_deck":["Runesmith:Strike_RS+1","Runesmith:Strike_RS+1","Runesmith:Strike_RS","Runesmith:Strike_RS+1","Runesmith:Defend_RS","Runesmith:Defend_RS","Runesmith:Defend_RS","Runesmith:Defend_RS","Runesmith:CraftFirestone+1","Runesmith:Fortify","Runesmith:CraftMagma","Runesmith:RuneHurl","Runesmith:RuneHurl","Runesmith:Firestorm+1","Runesmith:EarthShield","Runesmith:BackupBattery","Runesmith:HeatExchange+1","Runesmith:HeatedChisel+1","Runesmith:ArcReactor","Runesmith:ShiftingStrike+1","Runesmith:EnergizedChisel+1","Runesmith:CraftIncendium","Runesmith:HammerThrow+1","HandOfGreed+1","Runesmith:GrandSlam+1","Runesmith:LithiumIon+1","Runesmith:Electrocute+1","Runesmith:HeatExchange+1","Runesmith:Grindstone+1"],"relics":["Runesmith:BrokenRuby","Whetstone","Bottled Lightning","MawBank","Boot","Molten Egg 2","Philosopher\u0027s Stone","Bronze Scales","Bottled Flame","White Beast Statue","Ancient Tea Set"],"acts_visited":["Exordium","TheCity"],"potions_floor_usage":[19,19,19,30,31,33],"damage_taken":[{"damage":0,"enemies":"Cultist","floor":1,"turns":3},{"damage":1,"enemies":"Jaw Worm","floor":4,"turns":3},{"damage":0,"enemies":"Small Slimes","floor":5,"turns":3},{"damage":23,"enemies":"3 Sentries","floor":6,"turns":7},{"damage":20,"enemies":"Lagavulin","floor":8,"turns":5},{"damage":3,"enemies":"Red Slaver","floor":11,"turns":4},{"damage":10,"enemies":"Looter","floor":13,"turns":2},{"damage":0,"enemies":"2 Fungi Beasts","floor":14,"turns":3},{"damage":18,"enemies":"Slime Boss","floor":16,"turns":8},{"damage":0,"enemies":"Spheric Guardian","floor":18,"turns":3},{"damage":28,"enemies":"3 Byrds","floor":19,"turns":4},{"damage":15,"enemies":"3 Cultists","floor":20,"turns":6},{"damage":8,"enemies":"Snecko","floor":22,"turns":4},{"damage":15,"enemies":"Snake Plant","floor":28,"turns":4},{"damage":23,"enemies":"Sentry and Sphere","floor":29,"turns":5},{"damage":0,"enemies":"3 Cultists","floor":30,"turns":3},{"damage":22,"enemies":"Gremlin Leader","floor":31,"turns":5},{"damage":29,"enemies":"Champ","floor":33,"turns":7}],"seed_played":"-5935836609087935510","potions_obtained":[{"floor":4,"key":"Regen Potion"},{"floor":8,"key":"DistilledChaos"},{"floor":11,"key":"LiquidBronze"},{"floor":14,"key":"champ:CounterPotion"},{"floor":19,"key":"Guardian:BlockOnCardUsePotion"},{"floor":28,"key":"Fire Potion"},{"floor":29,"key":"SmokeBomb"},{"floor":30,"key":"Block Potion"},{"floor":31,"key":"sneckomod:MuddlingPotion"}],"is_trial":false,"path_per_floor":["M","?","?","M","M","E","R","E","T","R","M","?","M","M","R","B",null,"M","M","M","$","M","R","?","R","T","T","M","M","M","E","R","B"],"character_chosen":"RUNESMITH_CLASS","items_purchased":["Bronze Scales","Runesmith:HammerThrow+1","HandOfGreed+1"],"campfire_rested":5,"item_purchase_floors":[21,21,21],"current_hp_per_floor":[70,70,56,55,55,32,53,33,33,54,51,51,41,41,62,44,70,70,47,32,32,24,45,68,68,68,68,53,30,30,8,29,0,0],"gold":339,"neow_bonus":"RANDOM_COMMON_RELIC","is_daily":false,"chose_seed":false,"campfire_upgraded":1,"win_rate":0.0,"timestamp":1612466513,"path_taken":["M","?","?","M","M","E","R","E","T","R","M","?","?","M","R","BOSS","M","M","M","$","M","R","?","R","T","?","M","M","M","E","R","BOSS"],"items_purchased_type":["Relic","Card","Card"],"build_version":"2020-12-22","purchased_purges":0,"victory":false,"max_hp_per_floor":[70,70,70,70,70,70,70,70,70,70,70,70,70,70,70,70,70,70,70,70,70,70,70,70,70,70,70,70,70,70,70,70,70,70],"card_choices":[{"not_picked":["Runesmith:Repurpose","Runesmith:Overpower"],"picked":"Runesmith:CraftMagma","floor":1},{"not_picked":["Runesmith:Electrocute","Runesmith:CraftReservo"],"picked":"Runesmith:RuneHurl","floor":4},{"not_picked":["Runesmith:ShiftingStrike","Runesmith:Superposition"],"picked":"Runesmith:RuneHurl","floor":5},{"not_picked":["Runesmith:ShiftingStrike","Runesmith:CraftObretio"],"picked":"Runesmith:Firestorm","floor":6},{"not_picked":["Runesmith:MakeshiftArmor","Runesmith:Discharge"],"picked":"Runesmith:EarthShield","floor":8},{"not_picked":["Runesmith:CraftMedicinae","Runesmith:Grindstone"],"picked":"Runesmith:BackupBattery","floor":11},{"not_picked":["Runesmith:ChargedHammer+1","Runesmith:ShiftingStrike+1"],"picked":"Runesmith:HeatExchange+1","floor":13},{"not_picked":["Runesmith:ChaoticBlast+1","Runesmith:RuneHurl+1"],"picked":"Runesmith:HeatedChisel+1","floor":14},{"not_picked":["Runesmith:LightningRod","Runesmith:FissionHammer+1"],"picked":"Runesmith:ArcReactor","floor":16},{"not_picked":["Runesmith:CraftReservo","Runesmith:Refine+1"],"picked":"Runesmith:ShiftingStrike+1","floor":18},{"not_picked":["Runesmith:Malloc","Runesmith:Grindstone"],"picked":"Runesmith:EnergizedChisel+1","floor":19},{"not_picked":["Runesmith:PoweredAnvil+1","Runesmith:ChiselStab+1"],"picked":"Runesmith:CraftIncendium","floor":20},{"not_picked":["Runesmith:Repurpose+1","Runesmith:CraftMagma"],"picked":"Runesmith:GrandSlam+1","floor":22},{"not_picked":["Runesmith:CraftProtectio","Runesmith:StaticCage"],"picked":"Runesmith:LithiumIon+1","floor":28},{"not_picked":["Runesmith:ElementalConversion","Runesmith:ShiftingStrike+1"],"picked":"Runesmith:Electrocute+1","floor":29},{"not_picked":["Runesmith:RuneHurl+1","Runesmith:ChiselStab+1"],"picked":"Runesmith:HeatExchange+1","floor":30},{"not_picked":["Runesmith:OneForEveryone+1","Runesmith:DuctTape"],"picked":"Runesmith:Grindstone+1","floor":31}],"player_experience":27231,"relics_obtained":[{"floor":6,"key":"Bottled Lightning"},{"floor":8,"key":"MawBank"},{"floor":9,"key":"Boot"},{"floor":12,"key":"Molten Egg 2"},{"floor":26,"key":"Bottled Flame"},{"floor":27,"key":"White Beast Statue"},{"floor":31,"key":"Ancient Tea Set"}],"event_choices":[{"damage_healed":0,"gold_gain":0,"player_choice":"Leave","damage_taken":0,"max_hp_gain":0,"max_hp_loss":0,"event_name":"The Cleric","floor":2,"gold_loss":0},{"damage_healed":0,"gold_gain":0,"player_choice":"Entered Light","damage_taken":14,"max_hp_gain":0,"max_hp_loss":0,"event_name":"Shining Light","floor":3,"gold_loss":0,"cards_upgraded":["Runesmith:Strike_RS","Runesmith:CraftFirestone"]},{"damage_healed":0,"gold_gain":0,"player_choice":"Relic","damage_taken":0,"max_hp_gain":0,"max_hp_loss":0,"event_name":"Wheel of Change","floor":12,"gold_loss":0},{"damage_healed":23,"gold_gain":0,"player_choice":"Heal","damage_taken":0,"max_hp_gain":0,"max_hp_loss":0,"event_name":"The Library","floor":24,"gold_loss":0}],"is_beta":false,"boss_relics":[{"not_picked":["Runesmith:PocketReactor","Runic Dome"],"picked":"Philosopher\u0027s Stone"}],"items_purged_floors":[],"is_endless":false,"potions_floor_spawned":[4,8,11,14,18,19,28,29,30,31],"killed_by":"Champ","ascension_level":0}}