{"host":"0y7rggrn2c7yxnri","time":1612475366,"event":{"mods":["AchievementEnabler","Act Like it!","AlwaysNeverKeys","Aspiration","Bartender","BaseMod","Better Altar","Better Sensory Stone","Better Skull","Better Third Choice","Better Vampires","BetterRewards","Colored Map","Colored Powertips","Displayed Cursed Tome","Gensokyo","GifTheSpireLib","Good Game Mod","Magitek Elite","Minty Spire (QoL Compilation)","Permanent Neow","Quick Restart","Rare Cards Sparkle","Relic Filter Mod","Reliquary","Replay The Spire","Shop Mod","Spicy Shops","Spire Arcade","StSLib","Stuff the Spire","The Alterego","The Animator","The Marked","The Servant 0.9.4","Transform Curses","Virulent Crown","Wandering Minibosses"],"gold_per_floor":[110,121,339,350,350,379,392,421,421,435,435,449,449,466,466,564,564,584,599,9,27,42,68,68,100,100,375,64,164,193,193,193,289,289,305,27,43,43,43,73,90,90,90,90,90,644,669,680,680,680,680,680,22,47,47],"floor_reached":56,"language":"ENG","playtime":6125,"items_purged":["Clumsy","alterego_mod:ClassAdvantage","Regret","Delirium"],"score":2045,"play_id":"a5ec25a9-086d-4041-9b53-97c549fad3c7","local_time":"20210204164926","is_ascension_mode":true,"campfire_choices":[{"data":"alterego_mod:Palingenesis+1","floor":15,"key":"SMITH"},{"data":"alterego_mod:Palingenesis+2","floor":24,"key":"SMITH"},{"data":"alterego_mod:Palingenesis+4","floor":42,"key":"SMITH"},{"data":"alterego_mod:Palingenesis+5","floor":45,"key":"SMITH"},{"data":"Dazed","floor":49,"key":"PURGE"},{"data":"alterego_mod:MaintainEyeContact","floor":52,"key":"SMITH"}],"circlet_count":0,"master_deck":["alterego_mod:Strike+1","alterego_mod:Strike","alterego_mod:Strike","alterego_mod:Strike","alterego_mod:Defend","alterego_mod:Defend","alterego_mod:Defend","alterego_mod:Defend+1","alterego_mod:Impale","alterego_mod:BigMeatyClaws+1","alterego_mod:BrynhildrsRune","alterego_mod:Bounce+1","alterego_mod:BiFurious","alterego_mod:Bounce+1","alterego_mod:Bounce+1","alterego_mod:PainIsPleasure+1","alterego_mod:BiFurious","alterego_mod:Palingenesis+6","alterego_mod:DiscoLights+1","alterego_mod:Weigh+1","alterego_mod:Nekomimi+1","alterego_mod:Bounce+1","Sadistic Nature+1","alterego_mod:MaintainEyeContact+1","alterego_mod:Bounce+1","alterego_mod:Tantrum","alterego_mod:Birthday","Mayhem+1","alterego_mod:BiFurious+1"],"relics":["alterego_mod:MasochisticConstitution","REME:ComplimentaryCards","Durian","Nunchaku","Bronze Scales","Boot","StuffTheSpire:GrapeVine","Counterbalance","MerchantsRug","Gensokyo:NagashiBinaDoll","reliquary:IridiumChain","Replay:Accelerometer","Bird Faced Urn","StuffTheSpire:Expresso","Unceasing Top","Chameleon Ring","Gambling Chip","ReplayTheSpireMod:Ring of Challenge","Ring of Panic","Busted Crown","Coffee Dripper","SlaversCollar","aspiration:StickyExplosives","StuffTheSpire:DarkSteelAnvil","FossilizedHelix","wanderingMiniBosses:AbyssPearl","Gremlin Food","Potion Belt","Happy Flower","Blue Doll","BargainBundle","StuffTheSpire:HeavyRock","reliquary:ExpiredCoupon","StuffTheSpire:PointBlank","Replay:Bottled Eggs"],"acts_visited":["Exordium","TheCity","TheBeyond","TheEnding"],"potions_floor_usage":[16,18,21,23,50,55,55,55,55,55,55,55],"damage_taken":[{"damage":4,"enemies":"Gensokyo:2_Kodama","floor":1,"turns":2},{"damage":0,"enemies":"Gensokyo:3_Fairies","floor":2,"turns":2},{"damage":0,"enemies":"Gensokyo:Gryphon","floor":4,"turns":1},{"damage":7,"enemies":"Gensokyo:Aya","floor":6,"turns":3},{"damage":0,"enemies":"Gensokyo:VengefulSpirit","floor":7,"turns":2},{"damage":11,"enemies":"Gensokyo:Cirno","floor":8,"turns":5},{"damage":0,"enemies":"Gensokyo:LivingMonolith","floor":10,"turns":3},{"damage":9,"enemies":"Gensokyo:Python_and_Kodama","floor":12,"turns":3},{"damage":0,"enemies":"Gensokyo:Kitsune","floor":14,"turns":1},{"damage":0,"enemies":"Gensokyo:Reimu","floor":16,"turns":4},{"damage":27,"enemies":"3 Byrds","floor":18,"turns":6},{"damage":21,"enemies":"2 Thieves","floor":19,"turns":3},{"damage":7,"enemies":"Snake Plant","floor":21,"turns":5},{"damage":12,"enemies":"Cultist and Chosen","floor":22,"turns":2},{"damage":38,"enemies":"Slavers","floor":23,"turns":7},{"damage":31,"enemies":"Replay:Snechameleon","floor":25,"turns":5},{"damage":4,"enemies":"Colosseum Slavers","floor":29,"turns":4},{"damage":4,"enemies":"Colosseum Nobs","floor":29,"turns":3},{"damage":12,"enemies":"Book of Stabbing","floor":30,"turns":2},{"damage":20,"enemies":"Automaton","floor":33,"turns":4},{"damage":9,"enemies":"Orb Walker","floor":35,"turns":3},{"damage":8,"enemies":"3 Darklings","floor":37,"turns":3},{"damage":26,"enemies":"R_Hoarder","floor":40,"turns":4},{"damage":19,"enemies":"Maw","floor":41,"turns":4},{"damage":8,"enemies":"Reptomancer","floor":47,"turns":2},{"damage":4,"enemies":"Sphere and 2 Shapes","floor":48,"turns":1},{"damage":28,"enemies":"Donu and Deca","floor":50,"turns":3},{"damage":35,"enemies":"Shield and Spear","floor":54,"turns":4},{"damage":99,"enemies":"The Heart","floor":55,"turns":3}],"seed_played":"7520886407587243763","potions_obtained":[{"floor":6,"key":"Toxic Potion"},{"floor":7,"key":"Adrenaline Potion"},{"floor":10,"key":"Dexterity Potion"},{"floor":12,"key":"Fire Potion"},{"floor":21,"key":"ColorlessPotion"},{"floor":25,"key":"Elixir"},{"floor":29,"key":"Strength Potion"},{"floor":33,"key":"SpeedPotion"},{"floor":40,"key":"Swift Potion"},{"floor":54,"key":"Strength Potion"}],"is_trial":false,"path_per_floor":["M","M","?","M","?","E","M","E","T","M","?","M","?","M","R_BF","B",null,"M","M","$","M","M","E","R","E","T","?","$","?","E","?","R_BF","B",null,"M","$","M","?","$","E","M","R","T","?","R","?","E","M","R_BF","B",null,"R","$","E","B",null],"character_chosen":"The_Alterego","items_purchased":["Durian","Nunchaku","Bronze Scales","Boot","Frozen Egg 2","alterego_mod:Bounce","alterego_mod:BiFurious","alterego_mod:Bounce","StuffTheSpire:GrapeVine","Counterbalance","Orrery","MerchantsRug","alterego_mod:Bounce","Sadistic Nature+1","Eternal Feather","StuffTheSpire:Expresso","alterego_mod:Bounce","aspiration:StickyExplosives","Mayhem+1","Blue Doll","BargainBundle","StuffTheSpire:HeavyRock","reliquary:ExpiredCoupon","StuffTheSpire:PointBlank","Doom Potion","ColorlessPotion","Explosive Potion","CultistPotion"],"campfire_rested":0,"item_purchase_floors":[0,0,0,0,0,0,0,0,0,0,0,0,20,20,20,28,28,36,36,53,53,53,53,53,53,53,53,53],"current_hp_per_floor":[72,72,9,17,17,24,33,23,23,23,31,30,23,23,23,72,77,51,31,31,66,55,62,77,64,64,64,64,83,80,80,88,69,84,89,89,87,87,87,84,80,93,93,93,93,37,42,39,57,56,86,96,96,89,11],"gold":47,"neow_bonus":"","is_daily":false,"chose_seed":false,"campfire_upgraded":5,"win_rate":0.0,"timestamp":1612475366,"path_taken":["M","M","?","?","?","E","M","E","T","M","?","?","?","M","R_BF","BOSS","M","M","$","M","M","E","R","E","T","?","?","?","E","?","R_BF","BOSS","M","$","M","?","$","E","?","R","T","?","R","?","E","?","R_BF","BOSS","R","$","E","BOSS"],"items_purchased_type":["Relic","Relic","Relic","Relic","Relic","Card","Card","Card","Relic","Relic","Relic","Relic","Card","Card","Relic","Relic","Card","Relic","Card","Relic","Relic","Relic","Relic","Relic","Potion","Potion","Potion","Potion"],"build_version":"2020-12-22","purchased_purges":4,"victory":true,"max_hp_per_floor":[76,76,76,76,76,77,77,78,78,78,78,79,79,79,79,79,79,80,81,81,82,83,84,84,85,85,85,85,87,88,88,88,89,89,90,90,91,91,91,92,93,93,93,93,93,93,94,95,95,96,96,96,96,97,98],"card_choices":[{"not_picked":["alterego_mod:Bunnysuit","alterego_mod:BreastValley+1"],"picked":"alterego_mod:Bounce","floor":0},{"not_picked":["alterego_mod:HighServant","alterego_mod:Pet"],"picked":"alterego_mod:PainIsPleasure+1","floor":0},{"not_picked":["alterego_mod:Clones","alterego_mod:Pet"],"picked":"alterego_mod:Schoolgirl","floor":0},{"not_picked":["alterego_mod:GoddessCore","alterego_mod:BeGentle"],"picked":"alterego_mod:BiFurious","floor":1},{"not_picked":["alterego_mod:Pet","alterego_mod:BoobPocket","alterego_mod:1TonWallop"],"picked":"SKIP","floor":2},{"not_picked":["alterego_mod:Mirror","alterego_mod:Jiggle","alterego_mod:TrashNCrash"],"picked":"SKIP","floor":4},{"not_picked":["alterego_mod:Bloomers","alterego_mod:Rip","alterego_mod:Jiggle"],"picked":"SKIP","floor":6},{"not_picked":["alterego_mod:GachaTicket+1","alterego_mod:SuperDuperMasochism","alterego_mod:Clones"],"picked":"SKIP","floor":7},{"not_picked":["alterego_mod:Schoolgirl","alterego_mod:Bunnysuit","alterego_mod:BoobPocket"],"picked":"SKIP","floor":8},{"not_picked":["alterego_mod:Clap","alterego_mod:PerceptionDisorder+1","alterego_mod:SuperDuperMasochism"],"picked":"SKIP","floor":10},{"not_picked":["alterego_mod:Santa","alterego_mod:HighServant"],"picked":"alterego_mod:Palingenesis+1","floor":12},{"not_picked":["alterego_mod:BiFurious","alterego_mod:Rip"],"picked":"alterego_mod:DiscoLights+1","floor":14},{"not_picked":["alterego_mod:InsideBaseball+1","alterego_mod:GIGAMILK"],"picked":"alterego_mod:Weigh","floor":16},{"not_picked":["alterego_mod:DestructionOfProperty+1","alterego_mod:PerceptionDisorder+1","alterego_mod:GoddessCore"],"picked":"SKIP","floor":18},{"not_picked":["alterego_mod:Clap","alterego_mod:Maid"],"picked":"alterego_mod:Nekomimi+1","floor":19},{"not_picked":["alterego_mod:Pet+1","alterego_mod:1TonWallop","alterego_mod:Undulate"],"picked":"SKIP","floor":21},{"not_picked":["alterego_mod:Punishment+1","alterego_mod:GachaTicket+1"],"picked":"alterego_mod:MaintainEyeContact","floor":22},{"not_picked":["alterego_mod:DestructionOfProperty","alterego_mod:PerceptionDisorder+1","alterego_mod:Antipathy"],"picked":"SKIP","floor":23},{"not_picked":["alterego_mod:Santa+1","alterego_mod:Schoolgirl+1","alterego_mod:Cycle+1"],"picked":"SKIP","floor":25},{"not_picked":["alterego_mod:Smother+1","alterego_mod:Punishment+1","alterego_mod:VirginLaserPalladion"],"picked":"SKIP","floor":30},{"not_picked":["alterego_mod:RingBreak+1","alterego_mod:GIGAMILK"],"picked":"alterego_mod:Tantrum","floor":33},{"not_picked":[],"picked":"alterego_mod:Birthday","floor":35},{"not_picked":["alterego_mod:HighServant+1"],"picked":"SKIP","floor":37},{"not_picked":["alterego_mod:SakuraPetals"],"picked":"SKIP","floor":40},{"not_picked":["alterego_mod:Rip+1"],"picked":"SKIP","floor":41},{"not_picked":["alterego_mod:Lift+1"],"picked":"SKIP","floor":47},{"not_picked":["alterego_mod:Clap"],"picked":"SKIP","floor":48},{"not_picked":[],"picked":"alterego_mod:BiFurious+1","floor":54}],"player_experience":303055,"relics_obtained":[{"floor":6,"key":"War Paint"},{"floor":8,"key":"Blue Candle"},{"floor":9,"key":"reliquary:IridiumChain"},{"floor":23,"key":"Replay:Accelerometer"},{"floor":23,"key":"Bird Faced Urn"},{"floor":25,"key":"reliquary:TridentHead"},{"floor":25,"key":"StuffTheSpire:OldFever"},{"floor":26,"key":"Shovel"},{"floor":29,"key":"Unceasing Top"},{"floor":29,"key":"Sundial"},{"floor":30,"key":"Chameleon Ring"},{"floor":30,"key":"Gambling Chip"},{"floor":31,"key":"ReplayTheSpireMod:Ring of Challenge"},{"floor":31,"key":"Ring of Panic"},{"floor":40,"key":"StuffTheSpire:DarkSteelAnvil"},{"floor":40,"key":"FossilizedHelix"},{"floor":41,"key":"wanderingMiniBosses:AbyssPearl"},{"floor":43,"key":"Gremlin Food"},{"floor":47,"key":"Potion Belt"},{"floor":47,"key":"Happy Flower"},{"floor":54,"key":"Replay:Bottled Eggs"}],"event_choices":[{"damage_healed":0,"gold_gain":218,"player_choice":"UP UP UP GO GO ","damage_taken":71,"relics_obtained":[],"max_hp_gain":0,"max_hp_loss":0,"event_name":"betterSkull:BetterSkull","floor":3,"gold_loss":0,"cards_upgraded":["alterego_mod:Strike","alterego_mod:Bounce","alterego_mod:BigMeatyClaws"]},{"damage_healed":0,"gold_gain":275,"player_choice":"Desecrate","damage_taken":0,"max_hp_gain":0,"max_hp_loss":0,"event_name":"Golden Shrine","floor":27,"gold_loss":0,"cards_obtained":["Regret"]},{"damage_healed":0,"gold_gain":0,"player_choice":"Fight","damage_taken":0,"max_hp_gain":0,"max_hp_loss":0,"event_name":"Colosseum","floor":29,"gold_loss":0},{"damage_healed":0,"gold_gain":0,"player_choice":"Fought Nobs","damage_taken":0,"max_hp_gain":0,"max_hp_loss":0,"event_name":"Colosseum","floor":29,"gold_loss":0},{"damage_healed":0,"gold_gain":0,"player_choice":"Upgraded","damage_taken":0,"max_hp_gain":0,"max_hp_loss":0,"event_name":"Upgrade Shrine","floor":38,"gold_loss":0,"cards_upgraded":["alterego_mod:Palingenesis"]},{"cards_removed":["alterego_mod:Schoolgirl"],"damage_healed":0,"gold_gain":0,"player_choice":"Removed Skill","damage_taken":0,"max_hp_gain":0,"max_hp_loss":0,"event_name":"Falling","floor":44,"gold_loss":0},{"damage_healed":0,"gold_gain":554,"player_choice":"GO GO GO GO GO ","damage_taken":61,"relics_obtained":[],"max_hp_gain":0,"max_hp_loss":0,"event_name":"betterSkull:BetterSkull","floor":46,"gold_loss":0,"cards_upgraded":[]}],"is_beta":false,"boss_relics":[{"not_picked":["Abe\u0027s Treasure","StuffTheSpire:RunicConfusion"],"picked":"Black Star"},{"not_picked":["Ring of Chaos","StuffTheSpire:RunicHypercube"],"picked":"Replay:Grab Bag"},{"not_picked":["Replay:Bronze Core","ReplayTheSpireMod:DimensionalGlitch"],"picked":"Busted Crown"},{"not_picked":["reliquary:WritOfMandamus","Replay:Wanted Poster"],"picked":"Coffee Dripper"},{"not_picked":["Pandora\u0027s Box","StuffTheSpire:Kangaroo"],"picked":"SlaversCollar"}],"items_purged_floors":[20,20,36,53],"is_endless":false,"potions_floor_spawned":[6,7,10,12,14,21,25,29,29,33,40,41,54],"ascension_level":5}}