{"host":"xo0glkmxta74xh34","time":1612470599,"event":{"mods":["BaseMod","Downfall","Minty Spire (QoL Compilation)","Replay The Spire","StSLib"],"gold_per_floor":[110,121,121,121,121,121,137,168,168,443,467,112,131,149,177,191,191,295,295,311,311,361,276,289,289,317,331,331,365,376,388,388,416,416,519,519,538,636,278,295,175,175,92,92,92,120,136,99,99,152,152,152],"floor_reached":53,"language":"ENG","playtime":3347,"items_purged":["Regret","Amnesia","Delirium"],"score":893,"play_id":"2568b7a3-2c0e-4b07-bc42-07a11c48658d","local_time":"20210204142959","is_ascension_mode":true,"campfire_choices":[{"data":"ReplayTheSpireMod:Limb From Limb","floor":9,"key":"SMITH"},{"data":"ReplayTheSpireMod:Omega Cannon","floor":25,"key":"SMITH"},{"data":"ReplayTheSpireMod:Faulty Equipment","floor":34,"key":"SMITH"},{"data":"Firewall","floor":42,"key":"SMITH"},{"data":"ReplayTheSpireMod:LeadingStrike","floor":44,"key":"SMITH"},{"data":"Perfected Strike","floor":49,"key":"SMITH"},{"floor":51,"key":"DIG"}],"circlet_count":0,"master_deck":["Strike_R+2","Strike_R+2","Strike_R+1","Strike_R+2","Strike_R+2","Defend_R+1","Defend_R+1","Defend_R+1","Bash","ReplayTheSpireMod:Trickstab","ReplayTheSpireMod:Corrosion Curse","Self Repair+1","ReplayTheSpireMod:Limb From Limb+1","Shrug It Off+1","ReplayTheSpireMod:LeadingStrike+1","Firewall+1","ReplayTheSpireMod:Omega Cannon+1","Perfected Strike","Armaments+1","Double Tap+1","Seeing Red","Perfected Strike+1","Demonic Infusion+1","ReplayTheSpireMod:Doomed","ReplayTheSpireMod:Muscle Training+1","Disarm+1","ReplayTheSpireMod:Doomed","Overencumbered","Demon Form+1","Life Link+1"],"relics":["Iron Core","PreservedInsect","Simple Rune","Divine Protection","Mummified Hand","SlaversCollar","Ring of Hypnosis","Ring of Greed","Golden Egg","MealTicket","Lantern","Whetstone","Torii","Pen Nib","Replay:Kaleidoscope","ChewingGum","Letter Opener","ReplayTheSpireMod:CursedCoin","Replay:Rubber Ducky","Replay:Wax Seal","Potion Belt","Question Card","Strawberry","Turnip"],"acts_visited":["Exordium","TheCity","TheBeyond"],"potions_floor_usage":[8,29,35,46,52,52,52],"damage_taken":[{"damage":0,"enemies":"Small Slimes","floor":1,"turns":3},{"damage":5,"enemies":"2 Louse","floor":2,"turns":3},{"damage":15,"enemies":"Cultist","floor":7,"turns":4},{"damage":4,"enemies":"Replay:BlueRogue","floor":8,"turns":5},{"damage":0,"enemies":"Red Slaver","floor":13,"turns":4},{"damage":2,"enemies":"Looter","floor":14,"turns":3},{"damage":0,"enemies":"Gremlin Nob","floor":15,"turns":2},{"damage":1,"enemies":"Exordium Wildlife","floor":16,"turns":4},{"damage":27,"enemies":"Slime Boss","floor":18,"turns":8},{"damage":23,"enemies":"Spheric Guardian","floor":20,"turns":6},{"damage":2,"enemies":"2 Thieves","floor":24,"turns":3},{"damage":3,"enemies":"Replay:Snechameleon","floor":26,"turns":3},{"damage":0,"enemies":"Chosen and Byrds","floor":27,"turns":5},{"damage":0,"enemies":"Slavers","floor":29,"turns":3},{"damage":9,"enemies":"Centurion and Healer","floor":30,"turns":6},{"damage":0,"enemies":"Snecko","floor":31,"turns":3},{"damage":0,"enemies":"Book of Stabbing","floor":33,"turns":2},{"damage":33,"enemies":"Collector","floor":35,"turns":8},{"damage":0,"enemies":"3 Darklings","floor":37,"turns":3},{"damage":22,"enemies":"3 Shapes","floor":40,"turns":1},{"damage":9,"enemies":"Reptomancer","floor":46,"turns":5},{"damage":1,"enemies":"Maw","floor":47,"turns":6},{"damage":7,"enemies":"Awakened One","floor":52,"turns":7}],"seed_played":"-8750771046421310372","potions_obtained":[{"floor":1,"key":"ElixirPotion"},{"floor":7,"key":"sneckomod:MuddlingPotion"},{"floor":13,"key":"Reflective Coating"},{"floor":14,"key":"Elixir"},{"floor":27,"key":"Fire Potion"},{"floor":33,"key":"Block Potion"},{"floor":37,"key":"Weak Potion"},{"floor":46,"key":"EssenceOfSteel"}],"is_trial":false,"path_per_floor":["M","M","?","?","PTL","PTL","M","E","R","?","T","$","M","M","E","M","R","B",null,"M","?","?","?","M","R","E","M","T","E","M","M","?","E","R","B",null,"M","?","$","M","$","R","$","R","T","E","M","$","R","T","R","B",null],"character_chosen":"IRONCLAD","items_purchased":["Shrug It Off+1","Divine Protection","Letter Opener","ReplayTheSpireMod:CursedCoin","Replay:Rubber Ducky","Replay:Wax Seal","Life Link"],"campfire_rested":0,"item_purchase_floors":[12,12,39,41,41,43,48],"current_hp_per_floor":[80,80,80,80,80,80,75,80,80,80,80,80,80,80,80,80,80,53,80,67,67,67,67,75,75,80,80,80,80,80,80,80,80,80,47,80,80,48,63,41,56,56,71,71,71,72,80,80,80,87,87,80],"gold":152,"neow_bonus":"RANDOM_COLORLESS","is_daily":false,"chose_seed":false,"campfire_upgraded":6,"win_rate":0.0,"timestamp":1612470599,"path_taken":["M","M","?","?","PTL","PTL","M","E","R","?","T","$","M","?","E","M","R","BOSS","M","?","?","?","M","R","E","M","T","E","M","M","?","E","R","BOSS","M","?","?","M","$","R","$","R","T","E","M","$","R","?","R","BOSS"],"items_purchased_type":["Card","Relic","Relic","Relic","Relic","Relic","Card"],"build_version":"2020-12-22","purchased_purges":3,"victory":true,"max_hp_per_floor":[80,80,80,80,80,80,80,80,80,80,80,80,80,80,80,80,80,80,80,80,80,80,80,80,80,80,80,80,80,80,80,80,80,80,80,80,80,80,80,80,80,80,80,80,80,80,80,80,80,87,87,87],"card_choices":[{"not_picked":["Trip","Enlightenment"],"picked":"ReplayTheSpireMod:Trickstab","floor":0},{"not_picked":["Havoc","Dual Wield"],"picked":"ReplayTheSpireMod:Corrosion Curse","floor":1},{"not_picked":["Headbutt","Wild Strike","Anger"],"picked":"SKIP","floor":2},{"not_picked":["Perfected Strike","Pummel"],"picked":"ReplayTheSpireMod:Limb From Limb","floor":7},{"not_picked":["Pommel Strike","Force Field","Flex"],"picked":"SKIP","floor":8},{"not_picked":["Dark Embrace","Heavy Blade"],"picked":"ReplayTheSpireMod:LeadingStrike","floor":13},{"not_picked":["Shockwave","Havoc","Flex"],"picked":"SKIP","floor":14},{"not_picked":["Reckless Charge","ReplayTheSpireMod:GoodbyeWorld"],"picked":"Firewall","floor":15},{"not_picked":["Combust","Body Slam","Wild Strike"],"picked":"SKIP","floor":16},{"not_picked":["Demon Form","Immolate"],"picked":"ReplayTheSpireMod:Omega Cannon","floor":18},{"not_picked":["Flame Barrier+1","Shockwave+1","Body Slam"],"picked":"SKIP","floor":20},{"not_picked":["Replay:Undeath\u0027s Touch","Hemokinesis","Feel No Pain"],"picked":"SKIP","floor":24},{"not_picked":["Dropkick+1","Flex"],"picked":"Perfected Strike","floor":26},{"not_picked":["Hemokinesis","Wild Strike","Flame Barrier"],"picked":"SKIP","floor":27},{"not_picked":["Cleave","ReplayTheSpireMod:Corrosion Curse","Body Slam+1"],"picked":"SKIP","floor":29},{"not_picked":["ReplayTheSpireMod:Strike From Hell","Thunderclap+1"],"picked":"Armaments+1","floor":30},{"not_picked":["Sword Boomerang+1","Thunderclap"],"picked":"Double Tap","floor":31},{"not_picked":["Wild Strike+1","Second Wind"],"picked":"Perfected Strike","floor":33},{"not_picked":["Corruption","Demon Form"],"picked":"Demonic Infusion","floor":35},{"not_picked":["Defy Death","Run Through","Iron Wave+1"],"picked":"SKIP","floor":37},{"not_picked":["Shockwave","Armaments"],"picked":"ReplayTheSpireMod:Muscle Training+1","floor":38},{"not_picked":["Heavy Blade","Twin Strike"],"picked":"Disarm+1","floor":40},{"not_picked":["ReplayTheSpireMod:Strike From Hell","ReplayReversal+1"],"picked":"Demon Form","floor":46},{"not_picked":["Cleave+1","Wild Strike+1","Infernal Blade","Ghostly Armor"],"picked":"SKIP","floor":47}],"player_experience":356664,"relics_obtained":[{"floor":8,"key":"PreservedInsect"},{"floor":11,"key":"Simple Rune"},{"floor":15,"key":"Mummified Hand"},{"floor":22,"key":"Ring of Hypnosis"},{"floor":22,"key":"Ring of Greed"},{"floor":22,"key":"Golden Egg"},{"floor":22,"key":"MealTicket"},{"floor":26,"key":"Whetstone"},{"floor":28,"key":"Torii"},{"floor":29,"key":"Pen Nib"},{"floor":33,"key":"Replay:Kaleidoscope"},{"floor":45,"key":"Potion Belt"},{"floor":46,"key":"Question Card"},{"floor":50,"key":"Strawberry"},{"floor":51,"key":"Turnip"}],"event_choices":[{"damage_healed":0,"gold_gain":275,"player_choice":"Desecrate","damage_taken":0,"max_hp_gain":0,"max_hp_loss":0,"event_name":"Golden Shrine","floor":10,"gold_loss":0,"cards_obtained":["Regret"]},{"damage_healed":0,"gold_gain":0,"player_choice":"Ignored","damage_taken":0,"max_hp_gain":0,"max_hp_loss":0,"event_name":"NoteForYourself","floor":17,"gold_loss":0},{"damage_healed":0,"gold_gain":0,"player_choice":"Simplicity","damage_taken":0,"max_hp_gain":0,"max_hp_loss":0,"event_name":"Back to Basics","floor":21,"gold_loss":0,"cards_upgraded":["Strike_R","Strike_R","Strike_R","Strike_R","Strike_R","Defend_R","Defend_R","Defend_R"]},{"damage_healed":0,"gold_gain":0,"player_choice":"Obtained Relic","damage_taken":0,"relics_obtained":["Lantern"],"max_hp_gain":0,"max_hp_loss":0,"event_name":"Addict","floor":23,"gold_loss":85},{"damage_healed":0,"gold_gain":0,"player_choice":"Read","damage_taken":0,"max_hp_gain":0,"max_hp_loss":0,"event_name":"The Library","floor":32,"gold_loss":0,"cards_obtained":["Seeing Red"]}],"is_beta":false,"boss_relics":[{"not_picked":["Ectoplasm","Busted Crown"],"picked":"SlaversCollar"},{"not_picked":["Runic Dome","Snecko Eye"],"picked":"ChewingGum"}],"items_purged_floors":[12,39,41],"is_endless":false,"potions_floor_spawned":[1,7,13,14,24,27,33,37,40,46],"ascension_level":1}}