{"host":"h7xtspmc2x3i8s2i","time":1612466503,"event":{"mods":["2.2 Compatiblity","AchievementEnabler","Act Like it!","AlwaysNeverKeys","Aspiration","Astrologer","BaseMod","Bestiary","Better Altar","Better Match","Better Note","Better Sensory Stone","Better Skull","Better Third Choice","Better Vampires","Better-Laid Plans","Colored Map","Colored Powertips","Curses Come First","Defuse TimeMaze Blight","Dio Mod","Disable Question Mark Monsters","Dota2Spire","Downfall","Emptier Cage","Energized Spire","Evolution","Friendly Minions","GifTheSpireLib","Gold Saver","Gremlin Skip","Halation","Hubris","Hyrulean Relics","Jedi Mod","Key Reminder","Marked Mod","Minty Spire (QoL Compilation)","Permanent Neow","Potion Indicator Mod","Quick Restart","Random Character Button","Random Character Mod","Rare Cards Sparkle","Relic Filter","Relic Stats","Reliquary","Replay The Spire","SacredBarkPlus","Shop Mod","Smile Girya","Somnambulant","Spicy Shops","Spikes Relics","Spire Birthday Party","StSLib","Steal the Spire","SuperFastMode","The Awakened One except there are too many feathers","The Cursed","The Death Knight","The Edgeheg","The Problem Sleuth","The Runesmith","The Wild Card","Transform Curses","Uncapped","Unceasing Turn Reminder","Virulent Crown","Wide Potions","everything is the same but u backflip on backflip","slay the spire mod where everything is the same but ironclad has a cowboy hat"],"gold_per_floor":[999,1016,1029,1049,1061,1081,1081,1094,994,994,1010,1010,1010,1036,1047,1047,1047,1047],"floor_reached":16,"language":"ENG","playtime":562,"items_purged":[],"score":131,"play_id":"54cf633c-a28c-4668-a713-fca356d38f9b","local_time":"20210204142143","is_ascension_mode":false,"campfire_choices":[{"floor":1,"key":"RECALL"},{"data":"bronze:Optimize","floor":9,"key":"SMITH"},{"data":"bronze:Optimize","floor":12,"key":"SMITH"}],"circlet_count":0,"master_deck":["bronze:Strike","bronze:Strike","bronze:Strike","bronze:Strike","bronze:Defend","bronze:Defend","bronze:Defend","bronze:Defend","bronze:Replicate+1","bronze:Goto","bronze:CloningBeam","bronze:Frontload","bronze:Optimize+1","bronze:Overheat","bronze:Optimize+1","bronze:Backtrace","Finesse","bronze:BronzeOrb","bronze:RecursiveStrike"],"relics":["bronze:BronzeCore","EVO:Axolotl","keyreminder:keyreminder","RoseTintedShades","downfall:HeartBlessingRed","Dota2Spire:ArcaneBoots","Dota2Spire:ArmletOfMordiggian","Dota2Spire:MaskOfMadness"],"acts_visited":["Exordium"],"potions_floor_usage":[14,16,16],"damage_taken":[{"damage":0,"enemies":"Cultist","floor":2,"turns":4},{"damage":1,"enemies":"Jaw Worm","floor":3,"turns":3},{"damage":0,"enemies":"Small Slimes","floor":4,"turns":4},{"damage":0,"enemies":"Blue Slaver","floor":5,"turns":4},{"damage":0,"enemies":"Red Slaver","floor":6,"turns":5},{"damage":9,"enemies":"3 Louse","floor":8,"turns":3},{"damage":0,"enemies":"Large Slime","floor":11,"turns":2},{"damage":0,"enemies":"Gremlin Nob","floor":14,"turns":2},{"damage":0,"enemies":"Red Slaver","floor":15,"turns":3},{"damage":53,"enemies":"WA_ARCHETYPE_RETAIN","floor":16,"turns":7}],"seed_played":"4565318035356392233","potions_obtained":[{"floor":3,"key":"PowerPotion"},{"floor":6,"key":"BlessingOfTheForge"},{"floor":8,"key":"Death Potion"},{"floor":14,"key":"Adrenaline Potion"}],"is_trial":false,"path_per_floor":["R","M","M","M","M","M","T","M","R","?","M","R","?","E","M","B"],"character_chosen":"THE_AUTOMATON","items_purchased":[],"campfire_rested":0,"item_purchase_floors":[],"current_hp_per_floor":[70,70,69,69,69,69,69,60,60,60,60,60,43,43,43,0,0,0],"gold":1047,"neow_bonus":"UPGRADE_CARD","is_daily":false,"chose_seed":false,"campfire_upgraded":2,"win_rate":0.0,"timestamp":1612466503,"path_taken":["R","M","?","?","M","M","T","M","R","?","?","R","?","E","M","BOSS"],"items_purchased_type":[],"build_version":"2020-12-22","purchased_purges":0,"victory":false,"max_hp_per_floor":[70,70,70,70,70,70,70,70,70,70,70,70,70,70,70,70,70,70],"relic_stats":{"counters":[10,37],"obtain_stats":[{"keyreminder:keyreminder":1,"Dota2Spire:MaskOfMadness":14,"bronze:BronzeCore":0,"downfall:HeartBlessingRed":9,"Dota2Spire:ArmletOfMordiggian":13,"RoseTintedShades":7,"EVO:Axolotl":0,"Dota2Spire:ArcaneBoots":13},{"keyreminder:keyreminder":0,"Dota2Spire:MaskOfMadness":8,"bronze:BronzeCore":0,"downfall:HeartBlessingRed":6,"Dota2Spire:ArmletOfMordiggian":7,"RoseTintedShades":5,"EVO:Axolotl":0,"Dota2Spire:ArcaneBoots":7},{"keyreminder:keyreminder":0,"Dota2Spire:MaskOfMadness":27,"bronze:BronzeCore":0,"downfall:HeartBlessingRed":23,"Dota2Spire:ArmletOfMordiggian":25,"RoseTintedShades":20,"EVO:Axolotl":0,"Dota2Spire:ArcaneBoots":25}]},"card_choices":[{"not_picked":["bronze:BitShift","bronze:ItsAFeature"],"picked":"bronze:CloningBeam","floor":2},{"not_picked":["bronze:Philosophize","bronze:Overheat"],"picked":"bronze:Frontload","floor":3},{"not_picked":["bronze:Iterate","bronze:Safeguard"],"picked":"bronze:Optimize","floor":4},{"not_picked":["bronze:MaxOutput","bronze:WildBeam"],"picked":"bronze:Overheat","floor":5},{"not_picked":["bronze:FollowUp","bronze:CutThrough"],"picked":"bronze:Optimize","floor":6},{"not_picked":["bronze:Shell","bronze:Shield","bronze:BitShift"],"picked":"SKIP","floor":8},{"not_picked":["bronze:Shell","bronze:BugBarrage","bronze:BuggyMess"],"picked":"SKIP","floor":11},{"not_picked":["bronze:Allocate","bronze:NullPointer"],"picked":"bronze:BronzeOrb","floor":14},{"not_picked":["bronze:Deprecate","bronze:BugBarrage"],"picked":"bronze:RecursiveStrike","floor":15}],"player_experience":368119,"relics_obtained":[{"floor":7,"key":"RoseTintedShades"},{"floor":14,"key":"Dota2Spire:MaskOfMadness"}],"event_choices":[{"damage_healed":0,"gold_gain":1,"player_choice":"Relic Relic ","damage_taken":17,"max_hp_gain":0,"max_hp_loss":0,"event_name":"betterThird:BetterScrap","floor":13,"gold_loss":0,"cards_obtained":["Auto Shields"]}],"is_beta":false,"boss_relics":[],"items_purged_floors":[],"is_endless":false,"potions_floor_spawned":[3,6,8,11,14],"killed_by":"WA_ARCHETYPE_RETAIN","ascension_level":0}}