{"host":"gc6vr5n3q8f0hswe","time":1612467209,"event":{"mods":["Act Like it!","Aspiration","BaseMod","Better Altar","Better Sensory Stone","Better Third Choice","Block Reminder","Conspire","Fox Events","Gensokyo","Hallownest","Highlight Path","Hubris","Infinite Spire","Jedi Mod","Lobotomy","LobotomyExtend","MarisaÅiñ∂âJÅ@ñÇóùçπÅj","Minty Spire (QoL Compilation)","Pale of the Ancients","Relic Stats","Reliquary","Replay The Spire","Somnambulant","StSLib","The Alterego","The Blue Laboratory","The Bug Knight","The Jungle","The Poker Player","The Wild Card","Uncapped","Wandering Minibosses"],"gold_per_floor":[111,41,70,88,88,115,115,140,166,186,219,219,251,278,278,374,374,388,388,388],"floor_reached":19,"language":"ENG","playtime":1161,"items_purged":[],"score":263,"play_id":"dc7e5fe2-e556-4beb-a927-efdcdf09b4d8","local_time":"20210204193329","is_ascension_mode":true,"campfire_choices":[{"floor":7.0,"key":"REST"},{"floor":12,"key":"REST"},{"floor":15,"key":"REST"},{"data":"Worship","floor":15,"key":"SMITH"}],"circlet_count":0,"master_deck":["Strike_P","Strike_P","Strike_P+1","Strike_P","Defend_P+1","Defend_P","Defend_P+1","Defend_P+1","Eruption","Vigilance","SignatureMove","Languid","Worship+1","ClearTheMind","DevaForm","FlurryOfBlows+1","FlurryOfBlows","Omniscience","Worship+1"],"relics":["PureWater","aspiration:Nostalgia","somnambulantmod: DreamJournal","LetterFromLob","infinitespire:Lychee Nut","Ring of Peace","Ring of Fury","Replay:Towering Pillar of Hats","jedi:arcanewood","Nunchaku","infinitespire:Magic Flask","reliquary:RedPaperclip","Heaven_r"],"acts_visited":["Exordium","TheCity"],"potions_floor_usage":[18,18],"damage_taken":[{"damage":9.0,"enemies":"Gensokyo:Python","floor":1.0,"turns":5.0},{"damage":38.0,"enemies":"conspire:MimicChest","floor":3.0,"turns":5.0},{"damage":1.0,"enemies":"Gensokyo:3_Fairies","floor":4.0,"turns":3.0},{"damage":9.0,"enemies":"Gensokyo:Mamizou","floor":6.0,"turns":8.0},{"damage":10.0,"enemies":"Gensokyo:Aya","floor":8.0,"turns":5.0},{"damage":0.0,"enemies":"Gensokyo:Gryphon","floor":10.0,"turns":3.0},{"damage":0,"enemies":"Gensokyo:Mamizou","floor":11,"turns":6},{"damage":11,"enemies":"Gensokyo:Aya","floor":13,"turns":4},{"damage":0,"enemies":"Gensokyo:Aya","floor":14,"turns":3},{"damage":19,"enemies":"Gensokyo:Reimu","floor":16,"turns":7},{"damage":9,"enemies":"3 Byrds","floor":18,"turns":4},{"damage":28,"enemies":"2 Thieves","floor":19,"turns":3}],"seed_played":"-6941109191838700629","potions_obtained":[{"floor":4.0,"key":"blueLaboratory:HorrorPotion"},{"floor":6.0,"key":"Regen Potion"},{"floor":8.0,"key":"SmokeBomb"},{"floor":13,"key":"Fire Potion"},{"floor":16,"key":"Fire Potion"},{"floor":18,"key":"conspire:TimeTravelPotion"}],"is_trial":false,"path_per_floor":["M","?","?","M","?","E","R","E","T","M","E","R","?","E","R","B",null,"M","M"],"character_chosen":"WATCHER","items_purchased":[],"campfire_rested":3,"item_purchase_floors":[],"current_hp_per_floor":[63,63,25,29,29,26,44,56,56,56,66,68,58,63,70,51,70,62,0,0],"gold":388,"neow_bonus":"NOSTALGIA","is_daily":false,"chose_seed":false,"campfire_upgraded":1,"win_rate":0.0,"timestamp":1612467209,"path_taken":["M","?","?","M","?","E","R","E","T","M","E","R","?","E","R","BOSS","M","M"],"items_purchased_type":[],"build_version":"2020-12-22","purchased_purges":0,"victory":false,"max_hp_per_floor":[72,72,54,54,54,54,56,56,56,56,66,68,68,68,70,70,70,70,21,21],"relic_stats":{"Nunchaku":[4],"counters":[12,56],"obtain_stats":[{"HollowMod:LifeEnderRelic":8,"Pear":11,"Replay:Towering Pillar of Hats":6,"aspiration:Nostalgia":0,"infinitespire:Magic Flask":14,"Heaven_r":19,"Nunchaku":13,"reliquary:RedPaperclip":17,"infinitespire:Lychee Nut":3,"Ring of Peace":5,"somnambulantmod: DreamJournal":0,"Ring of Fury":5,"LetterFromLob":1,"PureWater":0,"jedi:arcanewood":9},{"HollowMod:LifeEnderRelic":5,"Pear":7,"Replay:Towering Pillar of Hats":4,"aspiration:Nostalgia":0,"infinitespire:Magic Flask":9,"Heaven_r":12,"Nunchaku":8,"reliquary:RedPaperclip":10,"infinitespire:Lychee Nut":2,"Ring of Peace":3,"somnambulantmod: DreamJournal":0,"Ring of Fury":3,"LetterFromLob":1,"PureWater":0,"jedi:arcanewood":5},{"HollowMod:LifeEnderRelic":26,"Pear":35,"Replay:Towering Pillar of Hats":21,"aspiration:Nostalgia":0,"infinitespire:Magic Flask":42,"Heaven_r":56,"Nunchaku":39,"reliquary:RedPaperclip":49,"infinitespire:Lychee Nut":10,"Ring of Peace":13,"somnambulantmod: DreamJournal":0,"Ring of Fury":13,"LetterFromLob":5,"PureWater":0,"jedi:arcanewood":26}]},"card_choices":[{"not_picked":["BowlingBash","SashWhip","WindmillStrike"],"picked":"SKIP","floor":1.0},{"not_picked":["CrushJoints","Replay:BluntJabs"],"picked":"SignatureMove","floor":4.0},{"not_picked":["PathToVictory","WheelKick"],"picked":"Worship","floor":6.0},{"not_picked":["FlurryOfBlows","MentalFortress"],"picked":"ClearTheMind","floor":8.0},{"not_picked":["Perseverance","PathToVictory"],"picked":"DevaForm","floor":10.0},{"not_picked":["BowlingBash","CrushJoints"],"picked":"FlurryOfBlows","floor":11},{"not_picked":["Meditate","CrushJoints"],"picked":"FlurryOfBlows","floor":13},{"not_picked":["Replay:Cycle","ClearTheMind","FlyingSleeves"],"picked":"SKIP","floor":14},{"not_picked":["Scrawl","SpiritShield"],"picked":"Omniscience","floor":16},{"not_picked":["Replay:BluntJabs","SashWhip"],"picked":"Worship+1","floor":18}],"player_experience":469519,"relics_obtained":[{"floor":1.0,"key":"LetterFromLob"},{"floor":3.0,"key":"infinitespire:Lychee Nut"},{"floor":5.0,"key":"Ring of Peace"},{"floor":5.0,"key":"Ring of Fury"},{"floor":6.0,"key":"Replay:Towering Pillar of Hats"},{"floor":8.0,"key":"HollowMod:LifeEnderRelic"},{"floor":9.0,"key":"jedi:arcanewood"},{"floor":11,"key":"Pear"},{"floor":13,"key":"Nunchaku"},{"floor":14,"key":"infinitespire:Magic Flask"}],"event_choices":[],"is_beta":false,"boss_relics":[{"not_picked":["ReplayTheSpireMod:DimensionalGlitch","aspiration:RitualDagger"],"picked":"reliquary:RedPaperclip"}],"items_purged_floors":[],"is_endless":false,"potions_floor_spawned":[4,6,8,13,16,18,19],"killed_by":"2 Thieves","ascension_level":1}}