{"host":"5dhwd44u3dydylwe","time":1612406866,"event":{"mods":["AchievementEnabler","BaseMod","BetterRewards","Dota2Spire","Downfall","Hubris","Minty Spire (QoL Compilation)","Shop Mod","StSLib","Wandering Minibosses"],"gold_per_floor":[99,117,131,41,41,26,26,51,51,66,79,79,141,141,126,126,106,207,207,207,223,133,146,81,99,99,124,150,150,135,153,251,351,364,392,404,504,504,304,324,424,440,454,472,472,487,487,507,540,540,560,319,319,333,333],"floor_reached":56,"language":"ENG","playtime":7144,"items_purged":["Normality","champ:FanOfKnives"],"score":870,"play_id":"46e52bb1-75f5-41de-ae06-642e5c6daf72","local_time":"20210204104746","is_ascension_mode":false,"campfire_choices":[{"data":"champ:Taunt","floor":1,"key":"SMITH"},{"data":"champ:IronFortress","floor":12,"key":"SMITH"},{"data":"champ:UltimateStance","floor":20,"key":"SMITH"},{"data":"champ:ShieldWall","floor":29,"key":"SMITH"},{"data":"champ:DancingMaster","floor":39,"key":"SMITH"},{"data":"champ:SkillfulDodge","floor":47,"key":"SMITH"},{"data":"champ:HoldFirm","floor":50,"key":"SMITH"}],"circlet_count":0,"master_deck":["champ:Execute","champ:Taunt+1","champ:SetATrap","champ:Endure","champ:IronFortress+1","champ:ShieldWall+1","champ:SkillfulDodge+1","champ:UltimateStance+1","champ:RapidStrikes","champ:HoldFirm+1","champ:ArenaPreparation+1","champ:FancyFootwork+1","champ:TornadoPunch","champ:HoldFirm","champ:RisingSlash","champ:SteelEdge","champ:Parry+1","champ:DancingMaster+1","champ:FlashCut+1","champ:Lariat+1","champ:DefensiveShout+1","champ:ShieldSlam+1","champ:StanceDance+1","champ:StanceDance+1"],"relics":["champ:ChampionCrown","hubris:Towel","TungstenRod","Dota2Spire:MonkeyKingBar","champ:LiftRelic","Dota2Spire:Bloodstone","hubris:Icosahedron","Ancient Tea Set","wanderingMiniBosses:ThiefScarf","Dota2Spire:Vanguard","Dota2Spire:DrumOfEndurance","champ:BlackKnightHelmet","hubris:MysteriousPyramids","Lantern","Pandora\u0027s Box","downfall:HeartBlessingGreen","downfall:HeartBlessingBlue","Potion Belt","hubris:DisguiseKit","Dota2Spire:AghanimScepter","Dota2Spire:EchoSabre","Dota2Spire:Desolator"],"acts_visited":["Exordium","TheCity","TheBeyond"],"potions_floor_usage":[13,24,35,41,43,55,55,55],"damage_taken":[{"damage":20,"enemies":"Cultist","floor":2,"turns":4},{"damage":22,"enemies":"Jaw Worm","floor":3,"turns":5},{"damage":20,"enemies":"downfall:FleeingMerchant","floor":4,"turns":4},{"damage":10,"enemies":"downfall:FleeingMerchant","floor":6,"turns":4},{"damage":2,"enemies":"2 Louse","floor":10,"turns":3},{"damage":9,"enemies":"Blue Slaver","floor":11,"turns":4},{"damage":13,"enemies":"Gremlin Nob","floor":13,"turns":4},{"damage":14,"enemies":"downfall:FleeingMerchant","floor":15,"turns":4},{"damage":23,"enemies":"Exordium Thugs","floor":17,"turns":5},{"damage":44,"enemies":"DF_ARCHETYPE_STREAMLINE","floor":18,"turns":10},{"damage":21,"enemies":"Shell Parasite","floor":21,"turns":4},{"damage":18,"enemies":"downfall:FleeingMerchant","floor":22,"turns":4},{"damage":16,"enemies":"Snake Plant","floor":23,"turns":4},{"damage":50,"enemies":"downfall:FleeingMerchant","floor":24,"turns":7},{"damage":1,"enemies":"Cultist and Chosen","floor":25,"turns":6},{"damage":13,"enemies":"downfall:FleeingMerchant","floor":30,"turns":4},{"damage":30,"enemies":"Centurion and Healer","floor":31,"turns":6},{"damage":0,"enemies":"Snake Plant","floor":32,"turns":3},{"damage":24,"enemies":"Snake Plant","floor":33,"turns":5},{"damage":0,"enemies":"Sentry and Sphere","floor":34,"turns":5},{"damage":30,"enemies":"Gremlin Leader","floor":35,"turns":12},{"damage":21,"enemies":"Snecko","floor":36,"turns":5},{"damage":8,"enemies":"SI_MIRROR_ARCHETYPE","floor":37,"turns":9},{"damage":4,"enemies":"3 Darklings","floor":40,"turns":5},{"damage":12,"enemies":"downfall:LadyInBlue","floor":41,"turns":6},{"damage":0,"enemies":"3 Shapes","floor":42,"turns":4},{"damage":0,"enemies":"Writhing Mass","floor":43,"turns":5},{"damage":6,"enemies":"Jaw Worm Horde","floor":44,"turns":4},{"damage":3,"enemies":"Spire Growth","floor":46,"turns":4},{"damage":0,"enemies":"4 Shapes","floor":48,"turns":4},{"damage":23,"enemies":"Reptomancer","floor":49,"turns":6},{"damage":0,"enemies":"Writhing Mass","floor":51,"turns":2},{"damage":3,"enemies":"downfall:FleeingMerchant","floor":52,"turns":3},{"damage":0,"enemies":"Spire Growth","floor":54,"turns":3},{"damage":21,"enemies":"WA_ARCHETYPE_DIVINITY","floor":55,"turns":6}],"seed_played":"-290055165301779516","potions_obtained":[{"floor":3,"key":"EssenceOfSteel"},{"floor":10,"key":"Fruit Juice"},{"floor":17,"key":"SkillPotion"},{"floor":18,"key":"Dota2Spire:Clarity"},{"floor":25,"key":"BlessingOfTheForge"},{"floor":36,"key":"FearPotion"},{"floor":41,"key":"sneckomod:MuddlingPotion"},{"floor":41,"key":"champ:UltimateStancePotion"},{"floor":41,"key":"champ:UltimateStancePotion"},{"floor":41,"key":"Dota2Spire:HealingSalve"},{"floor":42,"key":"DistilledChaos"},{"floor":46,"key":"SmokeBomb"}],"is_trial":false,"path_per_floor":["R","M","M","$","?","$","T","T","T","M","M","R","?","?","$","?","M","B",null,"R","M","$","M","$","M","?","T","T","R","$","M","M","?","M","E","M","B",null,"R","M","?","M","M","M","T","M","R","M","E","R","M","$","?","M","B",null],"character_chosen":"THE_CHAMP","items_purchased":["champ:ShieldWall","Dota2Spire:EchoSabre","Dota2Spire:Desolator","PowerPotion","DuplicationPotion"],"campfire_rested":0,"item_purchase_floors":[4,52,52,52,52],"current_hp_per_floor":[99,99,97,97,97,97,97,97,97,95,86,86,88,88,84,84,76,52,104,104,93,95,99,89,88,88,88,88,88,90,85,85,91,91,81,80,82,104,114,114,114,114,114,108,108,105,105,105,107,107,107,104,104,104,114],"gold":333,"neow_bonus":"TEN_PERCENT_HP_BONUS","is_daily":false,"chose_seed":false,"campfire_upgraded":7,"win_rate":0.0,"timestamp":1612406866,"path_taken":["R","M","M","?","?","$","T","T","?","M","?","R","?","?","?","?","M","BOSS","R","M","$","?","?","M","?","T","T","R","$","M","M","?","M","E","M","BOSS","R","M","?","M","M","M","T","?","R","M","E","R","M","$","?","M","BOSS"],"items_purchased_type":["Card","Relic","Relic","Potion","Potion"],"build_version":"2020-12-22","purchased_purges":2,"victory":true,"max_hp_per_floor":[99,99,99,99,99,99,99,99,99,99,99,99,104,104,104,104,104,104,104,104,104,104,104,104,104,104,104,104,104,104,104,104,104,104,104,104,104,104,114,114,114,114,114,114,114,114,114,114,114,114,114,114,114,114,114],"card_choices":[{"not_picked":["champ:BerserkersShout","champ:CalledShot"],"picked":"champ:SetATrap","floor":2},{"not_picked":["champ:ShieldSlam","champ:Haymaker"],"picked":"champ:Endure","floor":3},{"not_picked":["champ:Shatter","champ:PerfectedStrike"],"picked":"champ:IronFortress","floor":4},{"not_picked":["champ:EnragedBash","champ:EndlessRage"],"picked":"champ:SkillfulDodge","floor":6},{"not_picked":["champ:GutPunch","champ:Endure"],"picked":"champ:FanOfKnives","floor":10},{"not_picked":["champ:ShieldWall","champ:Encircle","champ:TornadoPunch"],"picked":"SKIP","floor":11},{"not_picked":["champ:CrownThrow","champ:RapidStrikes"],"picked":"champ:UltimateStance","floor":13},{"not_picked":["champ:FocusedDefense","champ:DeathBlow","champ:EndlessRage"],"picked":"SKIP","floor":15},{"not_picked":["champ:GutPunch","champ:RecklessLeap"],"picked":"champ:RapidStrikes","floor":17},{"not_picked":["champ:VampiricStrike","champ:MurderStrike"],"picked":"champ:HoldFirm","floor":18},{"not_picked":["champ:Backstep","champ:GutPunch","champ:Shatter"],"picked":"SKIP","floor":21},{"not_picked":["champ:SwordThrow","champ:Encircle"],"picked":"champ:ArenaPreparation+1","floor":22},{"not_picked":["champ:SetATrap","champ:Duel"],"picked":"champ:FancyFootwork+1","floor":23},{"not_picked":["champ:EndlessRage","champ:EnGarde+1"],"picked":"champ:TornadoPunch","floor":24},{"not_picked":["champ:Circumvent","champ:PreciseThrust"],"picked":"champ:HoldFirm","floor":25},{"not_picked":["champ:FocusedDefense","champ:DeathBlow"],"picked":"champ:RisingSlash","floor":30},{"not_picked":["champ:Backstep","champ:CalledShot"],"picked":"champ:SteelEdge","floor":31},{"not_picked":["champ:CalledShot","champ:DefensiveShout","champ:Shatter"],"picked":"SKIP","floor":32},{"not_picked":["champ:Haymaker","champ:Encircle"],"picked":"champ:Parry+1","floor":33},{"not_picked":["champ:Circumvent","champ:FalseCounter","champ:ShieldSlam"],"picked":"SKIP","floor":34},{"not_picked":["champ:VampiricStrike","champ:GladiatorStyle","champ:CrownThrow+1"],"picked":"SKIP","floor":35},{"not_picked":["champ:BringItOn","champ:Shatter","champ:BladeFlurry"],"picked":"SKIP","floor":36},{"not_picked":["champ:IgnorePain","champ:CheapShot"],"picked":"champ:DancingMaster","floor":37},{"not_picked":["champ:Circumvent","champ:CrownThrow+1"],"picked":"champ:FlashCut+1","floor":40},{"not_picked":["champ:FanOfKnives","champ:BerserkersShout+1"],"picked":"champ:Lariat+1","floor":41},{"not_picked":["champ:Shatter","champ:Circumvent+1"],"picked":"champ:DefensiveShout+1","floor":42},{"not_picked":["champ:EnGarde+1","champ:ArenaPreparation+1"],"picked":"champ:ShieldSlam+1","floor":43},{"not_picked":["champ:CalledShot+1","champ:Haymaker+1","champ:ArenaPreparation+1"],"picked":"SKIP","floor":44},{"not_picked":["champ:GladiatorStyle+1","champ:Circumvent+1","champ:Parry+1","Carnage"],"picked":"SKIP","floor":46},{"not_picked":["champ:ShieldSlam","champ:CrownThrow","True Grit"],"picked":"champ:StanceDance+1","floor":48},{"not_picked":["champ:RecklessLeap","champ:EnGarde","champ:Backstep","Cleave"],"picked":"SKIP","floor":49},{"not_picked":["champ:FanOfKnives+1","champ:DefensiveShout+1","champ:TornadoPunch+1","Warcry"],"picked":"SKIP","floor":51},{"not_picked":["champ:DefensiveShout+1","champ:PreciseThrust","hubris:SharpeningStone"],"picked":"champ:StanceDance+1","floor":52},{"not_picked":["champ:BerserkersShout+1","champ:SetATrap","champ:BladeFlurry","Flex"],"picked":"SKIP","floor":54}],"player_experience":188592,"relics_obtained":[{"floor":7,"key":"TungstenRod"},{"floor":8,"key":"Bronze Scales"},{"floor":9,"key":"Dota2Spire:MonkeyKingBar"},{"floor":13,"key":"Dota2Spire:Vanguard"},{"floor":27,"key":"Ancient Tea Set"},{"floor":32,"key":"wanderingMiniBosses:ThiefScarf"},{"floor":32,"key":"Dota2Spire:Vanguard"},{"floor":32,"key":"Dota2Spire:DrumOfEndurance"},{"floor":33,"key":"champ:BlackKnightHelmet"},{"floor":33,"key":"hubris:MysteriousPyramids"},{"floor":35,"key":"Lantern"},{"floor":41,"key":"Potion Belt"},{"floor":45,"key":"hubris:DisguiseKit"},{"floor":49,"key":"Dota2Spire:AghanimScepter"}],"event_choices":[],"is_beta":false,"boss_relics":[{"not_picked":["Cursed Key","hubris:ScarierMask"],"picked":"Dota2Spire:Bloodstone"},{"not_picked":["hubris:GrandSneckoEye","Tiny House"],"picked":"Pandora\u0027s Box"}],"items_purged_floors":[22,52],"is_endless":false,"potions_floor_spawned":[3,10,17,18,21,25,32,36,41,42,46,48,49],"ascension_level":0}}