{"host":"Black","time":1612414358,"event":{"mods":["2.2 Compatiblity","Act Like it!","Always Whale","AlwaysNeverKeys","Ascension Reborn","Aspiration","BaseMod","Beta Mode","BetterRewards","Colored Map","Colored Powertips","Custom Start","DeckTracker","Downfall","Duelist Mod","FetchMod","Friendly Minions","Halation","Hallownest","Highlight Path","Hubris","Marisa????????","Minty Spire (QoL Compilation)","MoreRelics","Quick Restart","Random Character Button","Reimu??????","Shop Mod","StSLib","SuperFastMode","The Animator","The Bug Knight","The Disciple","Unceasing Turn Reminder","everything is the same but u backflip on backflip"],"gold_per_floor":[119,119,21,36,55,55,66,66,114,114,129,129,158,176,176,279,279,298,298,45,63,63,63,79,79,106,140,156,156,229,242,242,341,341,361,247,264,282,309,309,309,335,347,363,363,363,363,363],"floor_reached":50,"language":"ENG","playtime":2296,"items_purged":["Defend_R"],"score":542,"play_id":"0290e552-0138-43ed-8577-7e03a017f2a4","local_time":"20210204055238","is_ascension_mode":false,"campfire_choices":[{"data":"Flex","floor":6,"key":"SMITH"},{"data":"Inflame","floor":8,"key":"SMITH"},{"data":"Perfected Strike","floor":12,"key":"SMITH"},{"data":"Sword Boomerang","floor":15,"key":"SMITH"},{"data":"True Grit","floor":23,"key":"SMITH"},{"data":"Trip","floor":25,"key":"SMITH"},{"data":"Metallicize","floor":29,"key":"SMITH"},{"floor":32,"key":"REST"},{"data":"Flame Barrier","floor":41,"key":"SMITH"},{"floor":47,"key":"REST"},{"data":"Clash","floor":49,"key":"SMITH"}],"circlet_count":0,"master_deck":["Strike_R","Strike_R","Strike_R","Strike_R","Strike_R","Defend_R","Defend_R","Bash","Perfected Strike+1","Trip+1","Flex+1","Inflame+1","Clash+1","Intimidate","Sword Boomerang+1","Disarm","True Grit+1","Impervious","Metallicize+1","Heavy Blade","Cleave+1","Flame Barrier+1","Spot Weakness+1","Offering","Flame Barrier+1","Disarm","Shockwave","Dual Wield+1","Dramatic Entrance","Dramatic Entrance","Dramatic Entrance","Battle Trance+1"],"relics":["Burning Blood","aspiration:Nostalgia","champ:ChampionCrown","Red Skull","Tiny Chest","aspiration:FutureDiary","Ancient Tea Set","hubris:Teleporter","Ornamental Fan","hubris:RunicObelisk","Regal Pillow","Bronze Scales"],"acts_visited":["Exordium","TheCity","TheBeyond"],"potions_floor_usage":[18,33,33,33,40,50],"damage_taken":[{"damage":2,"enemies":"2 Louse","floor":1,"turns":4},{"damage":0,"enemies":"Cultist","floor":4,"turns":2},{"damage":0,"enemies":"Small Slimes","floor":5,"turns":3},{"damage":18,"enemies":"Exordium Wildlife","floor":7,"turns":3},{"damage":16,"enemies":"Red Slaver","floor":11,"turns":3},{"damage":6,"enemies":"Gremlin Nob","floor":13,"turns":3},{"damage":6,"enemies":"2 Fungi Beasts","floor":14,"turns":3},{"damage":35,"enemies":"The Guardian","floor":16,"turns":6},{"damage":10,"enemies":"2 Thieves","floor":18,"turns":3},{"damage":3,"enemies":"Chosen","floor":21,"turns":4},{"damage":12,"enemies":"Snecko","floor":24,"turns":6},{"damage":20,"enemies":"HollowMod:Nosk","floor":27,"turns":6},{"damage":7,"enemies":"Chosen and Byrds","floor":28,"turns":7},{"damage":28,"enemies":"Sentry and Sphere","floor":31,"turns":6},{"damage":20,"enemies":"hubris:MusketHawk","floor":33,"turns":6},{"damage":8,"enemies":"Orb Walker","floor":35,"turns":2},{"damage":6,"enemies":"3 Darklings","floor":38,"turns":4},{"damage":14,"enemies":"Jaw Worm Horde","floor":39,"turns":3},{"damage":25,"enemies":"Reptomancer","floor":40,"turns":5},{"damage":9,"enemies":"Transient","floor":44,"turns":5},{"damage":12,"enemies":"Writhing Mass","floor":46,"turns":5},{"damage":121,"enemies":"Donu and Deca","floor":50,"turns":8}],"seed_played":"-8598987487983859918","potions_obtained":[{"floor":4,"key":"bronze:BurnAndBuffPotion"},{"floor":5,"key":"FearPotion"},{"floor":13,"key":"EssenceOfSteel"},{"floor":16,"key":"Fire Potion"},{"floor":18,"key":"hexamod:SoulburnPotion"},{"floor":33,"key":"SkillPotion"},{"floor":44,"key":"FairyPotion"},{"floor":46,"key":"ZuzhouPotion:ReiMu"}],"is_trial":false,"path_per_floor":["M","?","$","M","M","R","M","R","T","?","M","R","E","M","R","B",null,"M","?","$","M","$","R","M","R","T","E","M","R","T","M","R","B",null,"M","$","M","M","E","R","?","T","M","M","R","R","B"],"character_chosen":"IRONCLAD","items_purchased":["Trip","True Grit","Impervious","Metallicize","Flame Barrier"],"campfire_rested":2,"item_purchase_floors":[3,20,20,20,37],"current_hp_per_floor":[80,80,80,80,80,80,68,68,68,68,58,58,58,58,58,29,80,76,76,76,79,79,79,73,73,73,59,58,58,58,36,60,46,80,78,78,78,70,51,51,41,41,38,32,71,71,0,0],"gold":363,"neow_bonus":"NOSTALGIA","is_daily":false,"chose_seed":false,"campfire_upgraded":9,"win_rate":0.0,"timestamp":1612414358,"path_taken":["M","?","$","?","M","R","M","R","T","?","M","R","E","M","R","BOSS","M","?","?","M","$","R","M","R","T","E","?","R","?","M","R","BOSS","M","$","?","M","E","R","?","T","M","M","R","R","BOSS"],"items_purchased_type":["Card","Card","Card","Card","Card"],"build_version":"2020-12-22","purchased_purges":1,"victory":false,"max_hp_per_floor":[80,80,80,80,80,80,80,80,80,80,80,80,80,80,80,80,80,80,80,80,80,80,80,80,80,80,80,80,80,80,80,80,80,80,80,80,80,80,80,80,80,80,80,80,80,80,80,80],"card_choices":[{"not_picked":["Twin Strike","Havoc"],"picked":"Perfected Strike","floor":1},{"not_picked":["Wild Strike","Fiend Fire","Heavy Blade"],"picked":"SKIP","floor":4},{"not_picked":["Dual Wield","Dropkick"],"picked":"Flex","floor":5},{"not_picked":["Shrug It Off","Heavy Blade"],"picked":"Inflame","floor":7},{"not_picked":["True Grit","Spot Weakness"],"picked":"Clash","floor":11},{"not_picked":["Carnage","Iron Wave"],"picked":"Intimidate","floor":13},{"not_picked":["Feel No Pain","Corruption"],"picked":"Sword Boomerang","floor":14},{"not_picked":["Corruption","Double Tap"],"picked":"Limit Break","floor":16},{"not_picked":["Warcry","Uppercut","Power Through"],"picked":"SKIP","floor":18},{"not_picked":["Thunderclap","Anger+1"],"picked":"Heavy Blade","floor":21},{"not_picked":["hubris:StunningStrike","Reckless Charge"],"picked":"Cleave+1","floor":24},{"not_picked":["Sword Boomerang","Anger+1","Heavy Blade"],"picked":"SKIP","floor":27},{"not_picked":["Combust+1","Body Slam+1"],"picked":"Flame Barrier+1","floor":28},{"not_picked":["Pommel Strike","Barricade"],"picked":"Spot Weakness+1","floor":31},{"not_picked":["Double Tap","Exhume"],"picked":"Offering","floor":33},{"not_picked":["Dropkick","Armaments","Sentinel"],"picked":"SKIP","floor":35},{"not_picked":["Cleave","Power Through+1"],"picked":"Disarm","floor":38},{"not_picked":["Clothesline","Body Slam+1"],"picked":"Shockwave","floor":39},{"not_picked":["Berserk","Armaments"],"picked":"Dual Wield+1","floor":40},{"not_picked":["Dark Shackles","Purity"],"picked":"Dramatic Entrance","floor":42},{"not_picked":["Forethought","Finesse"],"picked":"Dramatic Entrance","floor":42},{"not_picked":["Jack Of All Trades","Panacea"],"picked":"Dramatic Entrance","floor":42},{"not_picked":["Havoc+1","Hemokinesis","Second Wind"],"picked":"SKIP","floor":44},{"not_picked":["Havoc","Anger"],"picked":"Battle Trance+1","floor":46}],"player_experience":464589,"relics_obtained":[{"floor":9,"key":"Red Skull"},{"floor":13,"key":"Tiny Chest"},{"floor":26,"key":"Ancient Tea Set"},{"floor":27,"key":"hubris:Teleporter"},{"floor":30,"key":"Ornamental Fan"},{"floor":40,"key":"Regal Pillow"},{"floor":43,"key":"Bronze Scales"}],"event_choices":[{"damage_healed":0,"gold_gain":0,"player_choice":"Ignored","damage_taken":0,"max_hp_gain":0,"max_hp_loss":0,"event_name":"WeMeetAgain","floor":2,"gold_loss":0},{"cards_removed":["Defend_R"],"damage_healed":0,"gold_gain":0,"player_choice":"Forget","damage_taken":0,"max_hp_gain":0,"max_hp_loss":0,"event_name":"Living Wall","floor":10,"gold_loss":0},{"cards_removed":["Limit Break"],"damage_healed":0,"gold_gain":0,"player_choice":"Took Card","damage_taken":0,"max_hp_gain":0,"max_hp_loss":0,"event_name":"NoteForYourself","floor":19,"gold_loss":0,"cards_obtained":["Disarm"]},{"damage_healed":0,"gold_gain":0,"player_choice":"Memory 3","damage_taken":10,"max_hp_gain":0,"max_hp_loss":0,"event_name":"SensoryStone","floor":42,"gold_loss":0}],"is_beta":true,"boss_relics":[{"not_picked":["aspiration:RunicSpoon","Snecko Eye"],"picked":"aspiration:FutureDiary"},{"not_picked":["hubris:BlackHole","halation:Yufonium"],"picked":"hubris:RunicObelisk"}],"items_purged_floors":[37],"is_endless":false,"potions_floor_spawned":[4,5,13,16,18,21,27,33,38,44,46],"killed_by":"Donu and Deca","ascension_level":0}}