{"host":"rpu0b34yn88n8zeb","time":1612479687,"event":{"mods":["Act Like it!","BaseMod","CapriCore","Chen","Colored Powertips","Defuse TimeMaze Blight","Koishi","Marisa£¨ìFÓê¡¡Ä§ÀíÉ³£©","Minty Spire (QoL Compilation)","Quick Restart","Reimu£¨²©ÀöÁéÃÎ£©","RumiaBox-Â¶Ã×æ«µÄÉñÃØºÐ×Ó","Shop Mod","Spicy Shops","StSLib","The Immortal","The Servant 0.9.4","Yakumo Yukari mod","Youmu£¨»êÆÇÑýÃÎ£©"],"gold_per_floor":[112,129,204,169,184,215,215,250,250,250,285,285,349,349,349,448,448,466,466,446,461,127,127,153,153,204,234,234,263,275,313,325,439,451,479,491,491],"floor_reached":36,"language":"ZHS","playtime":2178,"items_purged":["Injury"],"score":704,"play_id":"7b139e2f-3e33-4355-b50e-b448e4098577","local_time":"20210204160127","daily_mods":["Heirloom","Time Dilation","Elite Swarm"],"is_ascension_mode":false,"campfire_choices":[{"data":"Koishi:TerrifyingSpectre","floor":7.0,"key":"SMITH"},{"data":"Koishi:HeartStoppingHorror","floor":10,"key":"SMITH"},{"floor":15,"key":"REST"},{"data":"Koishi:TerrifyingSpectre","floor":23,"key":"SMITH"},{"data":"Koishi:ImGoingToCallYouNow","floor":25,"key":"SMITH"},{"data":"Koishi:JumpScare","floor":28,"key":"SMITH"},{"data":"Koishi:EmbersOfLove","floor":30,"key":"SMITH"},{"data":"Koishi:HauntingSlash","floor":32,"key":"SMITH"}],"circlet_count":0,"master_deck":["Koishi:BasicStrike","Koishi:BasicStrike","Koishi:BasicStrike","Koishi:BasicStrike","Koishi:BasicDefend","Koishi:BasicDefend","Koishi:BasicDefend","Koishi:BasicDefend","Koishi:Provoke","Koishi:HauntingSlash+1","Koishi:UnseenTerror","Koishi:SpiritedAway","Koishi:EmbersOfLove+1","Koishi:TerrifyingSpectre+1","Koishi:HeartStoppingHorror+1","Koishi:ImGoingToCallYouNow+1","Koishi:Untouchable","Koishi:Untouchable+1","Koishi:TerrifyingSpectre+1","Koishi:TremblingHands","Necronomicurse","Koishi:JumpScare+1","Koishi:PhantomBarrier","Koishi:BloodcurdlingScream","Koishi:BloodcurdlingScream+1","Koishi:GrowingPain","Koishi:Jaunt"],"relics":["Koishi:ImaginaryFriend","FossilizedHelix","Baka2","Question Card","Kunai","Mummified Hand","Matryoshka","Ginger","MagicDraw4","Busted Crown","Necronomicon","Lantern","Anchor","Happy Flower","MealTicket","Art of War","MagicDraw2","Vajra","MawBank","Dream Catcher","Philosopher\u0027s Stone"],"acts_visited":["Exordium","TheCity","TheBeyond"],"potions_floor_usage":[13,13,29,36,36],"damage_taken":[{"damage":0.0,"enemies":"2 Louse","floor":1.0,"turns":4.0},{"damage":0.0,"enemies":"Jaw Worm","floor":2.0,"turns":4.0},{"damage":9.0,"enemies":"Small Slimes","floor":5.0,"turns":4.0},{"damage":11.0,"enemies":"3 Sentries","floor":6.0,"turns":10.0},{"damage":1,"enemies":"Gremlin Nob","floor":8,"turns":5},{"damage":36,"enemies":"Lagavulin","floor":11,"turns":6},{"damage":0,"enemies":"Lagavulin Event","floor":13,"turns":6},{"damage":1,"enemies":"Slime Boss","floor":16,"turns":12},{"damage":0,"enemies":"Shell Parasite","floor":18,"turns":6},{"damage":0,"enemies":"Chosen","floor":20,"turns":4},{"damage":0,"enemies":"Snake Plant","floor":21,"turns":2},{"damage":0,"enemies":"Slavers","floor":24,"turns":3},{"damage":0,"enemies":"Book of Stabbing","floor":27,"turns":4},{"damage":0,"enemies":"Slavers","floor":29,"turns":3},{"damage":0,"enemies":"Gremlin Leader","floor":31,"turns":3},{"damage":90,"enemies":"Champ","floor":33,"turns":7},{"damage":0,"enemies":"Orb Walker","floor":35,"turns":3},{"damage":102,"enemies":"Orb Walker","floor":36,"turns":14}],"seed_played":"-9137217209830120247","potions_obtained":[{"floor":1.0,"key":"SkillPotion"},{"floor":8,"key":"Weak Potion"},{"floor":13,"key":"GamblersBrew"},{"floor":16,"key":"PowerPotion"},{"floor":18,"key":"SkillPotion"},{"floor":20,"key":"PowerPotion"},{"floor":27,"key":"Block Potion"}],"is_trial":true,"path_per_floor":["M","M","?","?","M","E","R","E","T","R","E","?","?","?","R","B",null,"M","?","M","M","$","R","E","R","T","E","R","E","R","E","R","B",null,"M","?"],"character_chosen":"KOISHI","items_purchased":["Lantern","Koishi:BloodcurdlingScream","Anchor"],"campfire_rested":1,"item_purchase_floors":[22,22,22],"current_hp_per_floor":[60,60,49,60,58,53,53,45,45,45,14,36,36,24,44,47,67,67,51,67,67,67,67,67,67,67,67,67,67,67,67,67,16,67,67,0,0],"gold":491,"neow_bonus":"","is_daily":false,"chose_seed":false,"campfire_upgraded":7,"win_rate":0.0,"timestamp":1612479687,"path_taken":["M","M","?","?","M","E","R","E","T","R","E","?","?","?","R","BOSS","M","?","M","M","$","R","E","R","T","E","R","E","R","E","R","BOSS","M","?"],"items_purchased_type":["Relic","Card","Relic"],"build_version":"2020-12-22","purchased_purges":1,"victory":false,"max_hp_per_floor":[60,60,60,60,60,60,60,67,67,67,67,67,67,67,67,67,67,67,67,67,67,67,67,67,67,67,67,67,67,67,67,67,67,67,67,67,67],"card_choices":[{"not_picked":["Koishi:VengefulSpirit","Koishi:UnansweredLove"],"picked":"Koishi:UnseenTerror","floor":1.0},{"not_picked":["Koishi:UnconsciousUprising","Koishi:PhilosophyOfTheDespised"],"picked":"Koishi:SpiritedAway","floor":2.0},{"not_picked":["Koishi:ApparitionsStalkTheNight","Koishi:ReleaseOfTheId"],"picked":"Koishi:EmbersOfLove","floor":5.0},{"not_picked":["Koishi:Heartbroken","Koishi:PerfectMindControl"],"picked":"Koishi:TerrifyingSpectre","floor":6.0},{"not_picked":["Koishi:MentalBreakdown","Koishi:ConditionedTeleport","Koishi:MindStellarRelief"],"picked":"Koishi:HeartStoppingHorror","floor":8},{"not_picked":["Koishi:GrowingPain","Koishi:MindStellarRelief","Koishi:MentalBreakdown"],"picked":"Koishi:ImGoingToCallYouNow","floor":11},{"not_picked":["Koishi:FourthEye","Koishi:UnconsciousUprising","Koishi:FleetingPhantom"],"picked":"Koishi:Untouchable","floor":13},{"not_picked":["Koishi:FadingMemory","Koishi:ConditionedTeleport","Koishi:Ego"],"picked":"Koishi:TerrifyingSpectre","floor":16},{"not_picked":["Koishi:ParalyzingFear"],"picked":"Koishi:TremblingHands","floor":18},{"not_picked":["Koishi:Whimsy"],"picked":"Koishi:JumpScare","floor":20},{"not_picked":["Koishi:PhantomStrike"],"picked":"Koishi:PhantomBarrier","floor":21},{"not_picked":["Koishi:Ego","Koishi:ConditionedTeleport"],"picked":"SKIP","floor":24},{"not_picked":["Koishi:RuptureMind","Koishi:FadingMemory"],"picked":"SKIP","floor":27},{"not_picked":["Koishi:ConfinedInnocent","Koishi:RollingInRichesHeart"],"picked":"SKIP","floor":29},{"not_picked":["Koishi:ImGoingToCallYouNow","Koishi:RuptureMind"],"picked":"SKIP","floor":31},{"not_picked":["Koishi:ImGoingToCallYouNow"],"picked":"Koishi:GrowingPain","floor":33},{"not_picked":["Koishi:ApparitionsStalkTheNight"],"picked":"Koishi:Jaunt","floor":35}],"player_experience":581576,"relics_obtained":[{"floor":1.0,"key":"Baka"},{"floor":2.0,"key":"Baka2"},{"floor":6.0,"key":"Question Card"},{"floor":8,"key":"Kunai"},{"floor":9,"key":"Mummified Hand"},{"floor":11,"key":"Matryoshka"},{"floor":13,"key":"Ginger"},{"floor":19,"key":"Necronomicon"},{"floor":24,"key":"Happy Flower"},{"floor":26,"key":"MealTicket"},{"floor":26,"key":"Art of War"},{"floor":27,"key":"MagicDraw2"},{"floor":27,"key":"Vajra"},{"floor":29,"key":"MawBank"},{"floor":31,"key":"Dream Catcher"}],"event_choices":[{"damage_healed":0.0,"max_hp_gain":0.0,"max_hp_loss":0.0,"gold_gain":75.0,"event_name":"World of Goop","player_choice":"Gather Gold","floor":3.0,"gold_loss":0.0,"damage_taken":11.0},{"damage_healed":15.0,"max_hp_gain":0.0,"max_hp_loss":0.0,"gold_gain":0.0,"event_name":"The Cleric","player_choice":"Healed","floor":4.0,"gold_loss":35.0,"damage_taken":0.0},{"damage_healed":22,"gold_gain":0,"player_choice":"Banana","damage_taken":0,"max_hp_gain":0,"max_hp_loss":0,"event_name":"Big Fish","floor":12,"gold_loss":0},{"damage_healed":0,"gold_gain":0,"player_choice":"Searched \u00271\u0027 times","damage_taken":0,"max_hp_gain":0,"max_hp_loss":0,"event_name":"Dead Adventurer","floor":13,"gold_loss":0},{"damage_healed":0,"gold_gain":0,"player_choice":"Success","damage_taken":12,"relics_obtained":["MagicDraw4"],"max_hp_gain":0,"max_hp_loss":0,"event_name":"Scrap Ooze","floor":14,"gold_loss":0},{"damage_healed":0,"gold_gain":0,"player_choice":"Obtained Book","damage_taken":16,"max_hp_gain":0,"max_hp_loss":0,"event_name":"Cursed Tome","floor":19,"gold_loss":0}],"is_beta":false,"boss_relics":[{"not_picked":["Runic Pyramid","Velvet Choker"],"picked":"Busted Crown"},{"not_picked":["Coffee Dripper","Cursed Key"],"picked":"Philosopher\u0027s Stone"}],"items_purged_floors":[22],"is_endless":true,"potions_floor_spawned":[1,8,13,16,18,20,27],"killed_by":"Orb Walker","ascension_level":0}}