{"host":"7jxhn92mkgyil7o5","time":1612454895,"event":{"mods":["BaseMod","Colored Map","Minty Spire (QoL Compilation)"],"gold_per_floor":[117,136,147,147,159,159,187,202,202,202,202,202],"floor_reached":11,"language":"ENG","playtime":536,"items_purged":[],"score":150,"play_id":"f9c2a341-ef60-440d-a7eb-c386a59c72ff","local_time":"20210204170815","is_ascension_mode":true,"campfire_choices":[{"data":"Neutralize","floor":6,"key":"SMITH"}],"circlet_count":0,"master_deck":["AscendersBane","Strike_G","Strike_G","Strike_G","Strike_G","Strike_G","Defend_G","Defend_G","Defend_G","Defend_G","Defend_G","Survivor","Neutralize+1","Sadistic Nature","Dagger Spray","Backflip","Masterful Stab","Backstab","Caltrops","Bullet Time+1"],"relics":["Ring of the Snake","Dream Catcher","Mercury Hourglass"],"acts_visited":["Exordium"],"potions_floor_usage":[5,7],"damage_taken":[{"damage":1,"enemies":"Cultist","floor":1,"turns":4},{"damage":3,"enemies":"Jaw Worm","floor":2,"turns":5},{"damage":0,"enemies":"Small Slimes","floor":3,"turns":2},{"damage":0,"enemies":"Looter","floor":5,"turns":3},{"damage":20,"enemies":"3 Sentries","floor":7,"turns":9},{"damage":6,"enemies":"Exordium Wildlife","floor":8,"turns":5},{"damage":31,"enemies":"Gremlin Nob","floor":11,"turns":3}],"seed_played":"4562678827082909357","potions_obtained":[{"floor":1,"key":"Block Potion"},{"floor":3,"key":"GamblersBrew"},{"floor":8,"key":"LiquidBronze"}],"is_trial":false,"path_per_floor":["M","M","M","?","M","R","E","M","T","?","E"],"character_chosen":"THE_SILENT","items_purchased":[],"campfire_rested":0,"item_purchase_floors":[],"current_hp_per_floor":[58,55,55,55,55,55,35,29,29,29,0,0],"gold":202,"neow_bonus":"RANDOM_COLORLESS_2","is_daily":false,"chose_seed":false,"campfire_upgraded":1,"win_rate":0.0,"timestamp":1612454895,"path_taken":["M","M","?","?","M","R","E","?","T","?","E"],"items_purchased_type":[],"build_version":"2020-12-22","purchased_purges":0,"victory":false,"max_hp_per_floor":[60,60,60,60,60,60,60,60,60,60,60,60],"card_choices":[{"not_picked":["Violence","Transmutation"],"picked":"Sadistic Nature","floor":0},{"not_picked":["Dagger Throw","Backflip"],"picked":"Dagger Spray","floor":1},{"not_picked":["Eviscerate","Dagger Throw"],"picked":"Backflip","floor":2},{"not_picked":["Prepared","Accuracy"],"picked":"Masterful Stab","floor":3},{"not_picked":["Prepared","Flying Knee"],"picked":"Backstab","floor":5},{"not_picked":["Dagger Throw","Skewer"],"picked":"Caltrops","floor":7},{"not_picked":["Dodge and Roll","Deflect"],"picked":"Bullet Time","floor":8}],"player_experience":977507,"relics_obtained":[{"floor":7,"key":"Dream Catcher"},{"floor":9,"key":"Mercury Hourglass"}],"event_choices":[{"damage_healed":0,"gold_gain":0,"player_choice":"0 cards matched","damage_taken":0,"max_hp_gain":0,"max_hp_loss":0,"event_name":"Match and Keep!","floor":4,"gold_loss":0,"cards_obtained":[]},{"damage_healed":0,"gold_gain":0,"player_choice":"Forge","damage_taken":0,"max_hp_gain":0,"max_hp_loss":0,"event_name":"Accursed Blacksmith","floor":10,"gold_loss":0,"cards_upgraded":["Bullet Time"]}],"is_beta":false,"boss_relics":[],"items_purged_floors":[],"is_endless":false,"potions_floor_spawned":[1,3,8],"killed_by":"Gremlin Nob","ascension_level":20}}