{"host":"9viy3memdfgcf4vy","time":1612471034,"event":{"mods":["BaseMod","Colored Map","Downfall","Minty Spire (QoL Compilation)","StSLib"],"gold_per_floor":[99,116,130,37,54,54,78,109,9,20,54,204,104,14,25,25,75,75,98,118,103,53,153,153,188,188,204,204,215,242,262,282,386,386,286,303,303,314,328,223,223,223,273,0,0,17,17,17,37,37,37,64,30,30,30,30],"floor_reached":57,"language":"ENG","playtime":8512,"items_purged":["downfall:Icky","hexamod:Defend","downfall:Icky"],"score":1242,"play_id":"c6f9511a-4e24-4f58-ab74-b1d3053da1eb","local_time":"20210204223714","is_ascension_mode":false,"campfire_choices":[{"data":"hexamod:Float","floor":1,"key":"SMITH"},{"floor":6,"key":"RECALL"},{"data":"hexamod:Incineration","floor":9,"key":"SMITH"},{"floor":13,"key":"REST"},{"data":"hexamod:TimeWarp","floor":18,"key":"SMITH"},{"data":"hexamod:CatchUp","floor":26,"key":"SMITH"},{"floor":28,"key":"REST"},{"data":"1","floor":35,"key":"LIFT"},{"data":"2","floor":42,"key":"LIFT"},{"floor":47,"key":"REST"},{"floor":54,"key":"REST"}],"circlet_count":0,"master_deck":["hexamod:Strike","hexamod:Strike+1","hexamod:Strike","hexamod:Strike+1","hexamod:Defend","hexamod:Defend","hexamod:Defend","hexamod:Sear","hexamod:Float+1","hexamod:RadiantFlame","hexamod:NightmareStrike+1","hexamod:Incineration+1","hexamod:WildfireWeapon+1","hexamod:CatchUp+1","hexamod:StepThrough","hexamod:InspiringFlames","hexamod:ChargedBarrage+1","hexamod:Hexaguard+1","hexamod:TimeWarp+1","hexamod:ThermalTransfer","hexamod:EmpoweredFlame+1","hexamod:Hexaguard","hexamod:PhantomFireball+1","hexamod:StepThrough+1","hexamod:Hexaguard+1","hexamod:HauntingEcho+1","hexamod:FastForward","hexamod:GhostOfSpirePresent","hexamod:ExtraCrispy","hexamod:HeatMetal+1","hexamod:ExtraCrispy+1","hexamod:AdvancingGuard+1","hexamod:SoulSteal","hexamod:AdvancingGuard+1","hexamod:FirstSeal","expansioncontent:LastStand","expansioncontent:YouAreMine","hexamod:Hexaguard+1","hexamod:RecurringNightmare","hexamod:EmpoweredFlame"],"relics":["hexamod:SpiritBrand","champ:DuelingGlove","Odd Mushroom","downfall:HeartBlessingRed","CaptainsWheel","downfall:HeartBlessingBlue","Tiny House","Potion Belt","Nunchaku","Pantograph","Girya","Cursed Key","downfall:HeartBlessingGreen","hexamod:TheBrokenSeal","Calipers","Thread and Needle","Bottled Lightning","Incense Burner","hexamod:MatchstickCase","Lantern"],"acts_visited":["Exordium","TheCity","TheBeyond","TheEnding"],"potions_floor_usage":[16,16,25,25,25,29,30,33,33,33,36,46,50,50,50,56,56,56,56,56,56],"damage_taken":[{"damage":0,"enemies":"2 Louse","floor":2,"turns":2},{"damage":1,"enemies":"Jaw Worm","floor":3,"turns":3},{"damage":0,"enemies":"downfall:FleeingMerchant","floor":4,"turns":4},{"damage":1,"enemies":"Cultist","floor":5,"turns":4},{"damage":22,"enemies":"The Mushroom Lair","floor":8,"turns":5},{"damage":15,"enemies":"Exordium Thugs","floor":10,"turns":4},{"damage":17,"enemies":"3 Sentries","floor":11,"turns":6},{"damage":0,"enemies":"downfall:FleeingMerchant","floor":14,"turns":4},{"damage":3,"enemies":"Red Slaver","floor":15,"turns":3},{"damage":29,"enemies":"WA_ARCHETYPE_RETAIN","floor":16,"turns":6},{"damage":5,"enemies":"Spheric Guardian","floor":19,"turns":4},{"damage":17,"enemies":"3 Byrds","floor":20,"turns":5},{"damage":15,"enemies":"downfall:FleeingMerchant","floor":21,"turns":4},{"damage":10,"enemies":"downfall:LadyInBlue","floor":23,"turns":8},{"damage":15,"enemies":"Slavers","floor":25,"turns":4},{"damage":22,"enemies":"Snake Plant","floor":27,"turns":3},{"damage":3,"enemies":"3 Cultists","floor":29,"turns":6},{"damage":1,"enemies":"Book of Stabbing","floor":30,"turns":4},{"damage":5,"enemies":"Centurion and Healer","floor":31,"turns":7},{"damage":6,"enemies":"Cultist and Chosen","floor":32,"turns":5},{"damage":50,"enemies":"DF_ARCHETYPE_CLAW","floor":33,"turns":7},{"damage":18,"enemies":"3 Darklings","floor":36,"turns":5},{"damage":0,"enemies":"3 Shapes","floor":38,"turns":4},{"damage":9,"enemies":"Sphere and 2 Shapes","floor":39,"turns":5},{"damage":10,"enemies":"downfall:FleeingMerchant","floor":40,"turns":4},{"damage":22,"enemies":"2 Orb Walkers","floor":43,"turns":4},{"damage":5,"enemies":"Jaw Worm Horde","floor":46,"turns":3},{"damage":6,"enemies":"3 Darklings","floor":49,"turns":3},{"damage":65,"enemies":"IC_BLOCK_ARCHETYPE","floor":50,"turns":9},{"damage":69,"enemies":"downfall:CharBossMerchant","floor":52,"turns":9},{"damage":0,"enemies":"downfall:NeowBoss","floor":55,"turns":15},{"damage":74,"enemies":"downfall:NeowBossFinal","floor":56,"turns":12}],"seed_played":"8901132162978657934","potions_obtained":[{"floor":2,"key":"SpeedPotion"},{"floor":5,"key":"GamblersBrew"},{"floor":8,"key":"Swift Potion"},{"floor":11,"key":"AttackPotion"},{"floor":15,"key":"DistilledChaos"},{"floor":17,"key":"Strength Potion"},{"floor":23,"key":"EntropicBrew"},{"floor":23,"key":"BlessingOfTheForge"},{"floor":23,"key":"SkillPotion"},{"floor":23,"key":"DistilledChaos"},{"floor":25,"key":"PowerPotion"},{"floor":29,"key":"Slimebound:ThreeZeroPotion"},{"floor":29,"key":"GamblersBrew"},{"floor":30,"key":"Fruit Juice"},{"floor":31,"key":"SneckoOil"},{"floor":33,"key":"FairyPotion"},{"floor":33,"key":"DuplicationPotion"},{"floor":36,"key":"hexamod:EctoCoolerPotion"},{"floor":38,"key":"Regen Potion"},{"floor":46,"key":"Fruit Juice"},{"floor":49,"key":"Dexterity Potion"},{"floor":52,"key":"sneckomod:MuddlingPotion"}],"is_trial":false,"path_per_floor":["R","M","M","$","M","R","T","?","R","M","E","?","R","$","M","B",null,"R","M","M","$","?","?","T","E","R","M","R","M","E","M","M","B",null,"R","M","?","M","M","$","T","R","?","$","?","M","R","?","M","B",null,"E","$","R","B","B",null],"character_chosen":"THE_SPIRIT","items_purchased":["hexamod:SecondSeal","hexamod:SoulSteal","Thread and Needle","hexamod:MatchstickCase","hexamod:EmpoweredFlame"],"campfire_rested":4,"item_purchase_floors":[4,40,40,44,53],"current_hp_per_floor":[63,63,62,62,63,63,63,48,48,40,23,23,54,61,65,36,78,78,73,56,48,78,75,75,60,60,38,61,65,71,73,74,33,83,83,93,93,93,84,74,74,74,52,52,45,45,74,69,63,45,98,36,36,65,97,31],"gold":30,"neow_bonus":"ONE_RARE_RELIC","is_daily":false,"chose_seed":false,"campfire_upgraded":4,"win_rate":0.0,"timestamp":1612471034,"path_taken":["R","M","M","$","M","R","T","?","R","M","E","?","R","$","M","BOSS","R","M","M","$","?","?","T","E","R","M","R","M","E","?","M","BOSS","R","M","?","?","M","$","T","R","?","$","?","M","R","?","M","BOSS","E","$","R","BOSS","BOSS"],"items_purchased_type":["Card","Card","Relic","Relic","Card"],"build_version":"2020-12-22","purchased_purges":3,"victory":true,"max_hp_per_floor":[63,63,63,63,63,63,63,63,63,63,63,63,73,73,73,73,78,78,78,78,78,78,78,78,78,78,78,78,78,78,78,78,83,83,83,93,93,93,93,93,93,93,93,93,93,98,98,98,98,98,98,98,98,98,98,98],"card_choices":[{"not_picked":["hexamod:SwordOfDarkness","hexamod:NecessarySacrifice"],"picked":"hexamod:RadiantFlame","floor":2},{"not_picked":["hexamod:BacktrackSmack","hexamod:ThermalTransfer"],"picked":"hexamod:ThirdSeal","floor":3},{"not_picked":["hexamod:EtherealExpedition","hexamod:GhostOfSpireFuture"],"picked":"hexamod:FirstSeal","floor":4},{"not_picked":["hexamod:SwordOfDarkness","hexamod:GhostShield"],"picked":"hexamod:NightmareStrike","floor":4},{"not_picked":["hexamod:GhostShield","hexamod:NightmareStrike"],"picked":"hexamod:Incineration","floor":5},{"not_picked":["hexamod:RetreatToShadows","hexamod:WildfireWeapon","hexamod:CatchUp"],"picked":"SKIP","floor":5},{"not_picked":["hexamod:RetreatToShadows","hexamod:CatchUp"],"picked":"hexamod:WildfireWeapon","floor":5},{"not_picked":["hexamod:PhantomCloak","hexamod:ShieldOfDarkness"],"picked":"hexamod:CatchUp","floor":8},{"not_picked":["hexamod:Firestarter","hexamod:HeatCrush"],"picked":"hexamod:StepThrough","floor":10},{"not_picked":["hexamod:RainOfEmbers","hexamod:PhantomCloak"],"picked":"hexamod:InspiringFlames","floor":11},{"not_picked":["hexamod:GhostLash","hexamod:ShieldOfDarkness"],"picked":"hexamod:ChargedBarrage","floor":14},{"not_picked":["hexamod:ThirdSeal","hexamod:ThermalTransfer"],"picked":"hexamod:Hexaguard","floor":15},{"not_picked":["hexamod:WildfireWeapon","hexamod:UnleashSpirits"],"picked":"hexamod:TimeWarp","floor":16},{"not_picked":["hexamod:ShieldOfDarkness","hexamod:NightmareGuise"],"picked":"hexamod:ThermalTransfer","floor":17},{"not_picked":["hexamod:HeatShield","hexamod:GhostLash"],"picked":"hexamod:EmpoweredFlame+1","floor":19},{"not_picked":["hexamod:BacktrackSmack","hexamod:ChargedBarrage+1"],"picked":"hexamod:Hexaguard","floor":20},{"not_picked":["hexamod:HauntingEcho","hexamod:CatchUp"],"picked":"hexamod:PhantomFireball+1","floor":21},{"not_picked":["hexamod:BacktrackSmack","hexamod:EmpoweredFlame"],"picked":"hexamod:FourthSeal","floor":21},{"not_picked":["hexamod:HeatShield+1","hexamod:ChargedBarrage"],"picked":"hexamod:SixthSeal","floor":23},{"not_picked":["hexamod:SwordOfDarkness+1","hexamod:GhostShield"],"picked":"hexamod:StepThrough+1","floor":25},{"not_picked":["hexamod:NecessarySacrifice+1","hexamod:CatchUp"],"picked":"hexamod:Hexaguard+1","floor":27},{"not_picked":["hexamod:Rewind","hexamod:CatchUp","hexamod:PhantomFireball"],"picked":"SKIP","floor":29},{"not_picked":["hexamod:SwordOfDarkness","hexamod:Firestarter","hexamod:SpectralAdrenaline"],"picked":"SKIP","floor":30},{"not_picked":["hexamod:NightmareGuise","hexamod:NightmareStrike"],"picked":"hexamod:HauntingEcho+1","floor":31},{"not_picked":["hexamod:ThirdSeal","hexamod:SoulSteal","hexamod:ParanormalForm"],"picked":"SKIP","floor":31},{"not_picked":["hexamod:PhantomFireball","hexamod:GhostLash"],"picked":"hexamod:FastForward","floor":32},{"not_picked":["hexamod:TurnItUp","hexamod:SearingWound"],"picked":"hexamod:FifthSeal","floor":33},{"not_picked":["hexamod:TimeWarp","hexamod:SixthSeal"],"picked":"hexamod:GhostOfSpirePresent","floor":33},{"not_picked":["hexamod:InspiringFlames+1","hexamod:SpectralAdrenaline"],"picked":"hexamod:ExtraCrispy","floor":36},{"not_picked":["hexamod:ThermalTransfer","hexamod:GhostShield+1"],"picked":"hexamod:HeatMetal+1","floor":38},{"not_picked":["hexamod:HauntingEcho+1","hexamod:FirstSeal"],"picked":"hexamod:ExtraCrispy+1","floor":39},{"not_picked":["hexamod:Firestarter","hexamod:CatchUp+1"],"picked":"hexamod:AdvancingGuard+1","floor":40},{"not_picked":["hexamod:GhostLash","hexamod:GhostOfSpirePast"],"picked":"hexamod:AdvancingGuard+1","floor":43},{"not_picked":["hexamod:GhostflameBarrier","hexamod:GhostShield+1","hexamod:NecessarySacrifice+1"],"picked":"SKIP","floor":46},{"not_picked":["expansioncontent:HyperBeam","expansioncontent:PrepareCrush"],"picked":"expansioncontent:LastStand","floor":48},{"not_picked":["expansioncontent:PrepareCrush","expansioncontent:GuardianWhirl"],"picked":"expansioncontent:YouAreMine","floor":48},{"not_picked":["hexamod:PhantomCloak+1","hexamod:HeatCrush"],"picked":"hexamod:Hexaguard+1","floor":49},{"not_picked":["hexamod:SpectersWail","hexamod:CatchUp+1"],"picked":"hexamod:RecurringNightmare","floor":52}],"player_experience":475309,"relics_obtained":[{"floor":8,"key":"Odd Mushroom"},{"floor":11,"key":"CaptainsWheel"},{"floor":23,"key":"Potion Belt"},{"floor":24,"key":"Nunchaku"},{"floor":25,"key":"Pantograph"},{"floor":30,"key":"Girya"},{"floor":37,"key":"Calipers"},{"floor":41,"key":"Bottled Lightning"},{"floor":43,"key":"Incense Burner"},{"floor":52,"key":"Lantern"}],"event_choices":[{"damage_healed":0,"gold_gain":0,"player_choice":"Fought Mushrooms","damage_taken":0,"max_hp_gain":0,"max_hp_loss":0,"event_name":"Mushrooms","floor":8,"gold_loss":0},{"damage_healed":0,"gold_gain":0,"player_choice":"Relic","damage_taken":0,"max_hp_gain":0,"max_hp_loss":0,"event_name":"Wheel of Change","floor":37,"gold_loss":0},{"damage_healed":0,"gold_gain":0,"player_choice":"Fight","damage_taken":0,"max_hp_gain":0,"max_hp_loss":0,"event_name":"Mysterious Sphere","floor":43,"gold_loss":0}],"is_beta":false,"boss_relics":[{"not_picked":["Runic Dome","Empty Cage"],"picked":"Tiny House"},{"not_picked":["Black Star","Calling Bell"],"picked":"Cursed Key"}],"items_purged_floors":[14,40,44],"is_endless":false,"potions_floor_spawned":[2,5,8,11,15,16,23,25,29,31,33,38,43,46,49,52],"ascension_level":0}}