{"host":"684z1xpuwaoqmmh1","time":1612439984,"event":{"mods":["A Magickal Journey","BaseMod","Dio Mod","Downfall","Hermit","Jorbs\u0027s Wanderer Trilogy","Marisa????????","Minty Spire (QoL Compilation)","Robot Space Explorer","Shade Mod","StSLib","The Dragon Tamer","The Elementalist","The Hayseed","The Hierophant","The Marked","The Mystic","The Runesmith","The Saiyan","The Vixen","TheBandit","TheFirefly"],"gold_per_floor":[94,111,161,180,6,41,51,51,51,66,66,81,114,134,134,134,134],"floor_reached":16,"language":"ENG","playtime":1255,"items_purged":[],"score":192,"play_id":"72ff2e3d-3e82-434c-b6c2-4e7778ecc277","local_time":"20210204135944","is_ascension_mode":true,"campfire_choices":[{"data":"Saiyan:GenkiDama","floor":11,"key":"SMITH"},{"data":"Saiyan:AugmentedBlast","floor":15,"key":"SMITH"}],"circlet_count":0,"master_deck":["Saiyan:SAIYA_Strike","Saiyan:SAIYA_Strike","Saiyan:SAIYA_Strike","Saiyan:SAIYA_Strike","Saiyan:SAIYA_Defend","Saiyan:SAIYA_Defend","Saiyan:SAIYA_Defend","Saiyan:SAIYA_Defend","Saiyan:EnergyBlast","Saiyan:KaioKen+1","Saiyan:RuthlessBlow","Saiyan:MeteorDash","Saiyan:RemoveWeights+1","Saiyan:FinalFlash","Saiyan:PowerUp","Saiyan:AugmentedBlast+1","Saiyan:GenkiDama+1","Saiyan:TurtleShell","Saiyan:Fly","Saiyan:Furor","Saiyan:ReverberatingForce"],"relics":["SaiyanSoul","SaiyanHeart","Gambling Chip","War Paint","Nunchaku","PreservedInsect","The Courier"],"acts_visited":["Exordium"],"potions_floor_usage":[13,14],"damage_taken":[{"damage":0,"enemies":"2 Louse","floor":1,"turns":4},{"damage":0,"enemies":"Jaw Worm","floor":2,"turns":3},{"damage":0,"enemies":"Small Slimes","floor":4,"turns":3},{"damage":26,"enemies":"Gremlin Nob","floor":6,"turns":4},{"damage":0,"enemies":"2 Fungi Beasts","floor":7,"turns":3},{"damage":0,"enemies":"Blue Slaver","floor":10,"turns":4},{"damage":1,"enemies":"Exordium Wildlife","floor":12,"turns":3},{"damage":0,"enemies":"3 Sentries","floor":13,"turns":5},{"damage":4,"enemies":"Large Slime","floor":14,"turns":3},{"damage":28,"enemies":"The Guardian","floor":16,"turns":6}],"seed_played":"-8921730740416102377","potions_obtained":[{"floor":6,"key":"Swift Potion"},{"floor":10,"key":"sneckomod:MuddlingPotion"},{"floor":12,"key":"sneckomod:MuddlingPotion"}],"is_trial":false,"path_per_floor":["M","M","?","M","$","E","M","?","T","M","R","M","E","M","R","B"],"character_chosen":"SAIYAJIN","items_purchased":["Saiyan:PowerUp","War Paint"],"campfire_rested":0,"item_purchase_floors":[5,5],"current_hp_per_floor":[44,45,45,46,46,21,23,23,23,25,25,26,29,27,27,0,0],"gold":134,"neow_bonus":"ONE_RARE_RELIC","is_daily":false,"chose_seed":false,"campfire_upgraded":2,"win_rate":0.0,"timestamp":1612439984,"path_taken":["M","M","?","M","$","E","M","?","T","M","R","M","E","M","R","BOSS"],"items_purchased_type":["Card","Relic"],"build_version":"2020-12-22","purchased_purges":0,"victory":false,"max_hp_per_floor":[62,63,63,64,64,65,67,67,67,69,69,71,74,76,76,76,76],"card_choices":[{"not_picked":["Saiyan:SaiyanHubris","Saiyan:DoubleMasenko"],"picked":"Saiyan:MeteorDash","floor":1},{"not_picked":["Saiyan:BackAttack","Saiyan:PressOn"],"picked":"Saiyan:RemoveWeights","floor":2},{"not_picked":["Saiyan:SaiyanHubris","Saiyan:Expend"],"picked":"Saiyan:FinalFlash","floor":4},{"not_picked":["Saiyan:BurningSoul","Saiyan:SpiritSword"],"picked":"Saiyan:AugmentedBlast","floor":6},{"not_picked":["Saiyan:Planning","Saiyan:AugmentedBlast"],"picked":"Saiyan:GenkiDama","floor":7},{"not_picked":["Saiyan:PowerPole","Saiyan:BigBangAttack"],"picked":"Saiyan:TurtleShell","floor":10},{"not_picked":["Saiyan:FingerParry","Saiyan:KiExplosion"],"picked":"Saiyan:Fly","floor":12},{"not_picked":["Saiyan:PowerPole","Saiyan:Honing"],"picked":"Saiyan:Furor","floor":13},{"not_picked":["Saiyan:Pacing","Saiyan:Quickening"],"picked":"Saiyan:ReverberatingForce","floor":14}],"player_experience":3003178,"relics_obtained":[{"floor":6,"key":"Nunchaku"},{"floor":9,"key":"PreservedInsect"},{"floor":13,"key":"The Courier"}],"event_choices":[],"is_beta":false,"boss_relics":[],"items_purged_floors":[],"is_endless":false,"potions_floor_spawned":[6,10,12],"killed_by":"The Guardian","ascension_level":4}}