{"host":"v380u9jqfq8325l5","time":1612480378,"event":{"mods":["BaseMod","Bestiary","BetterRewards","Colored Map","Colored Powertips","Curses Come First","Evolution","Halation","Hubris","Infinite Spire","Minty Spire (QoL Compilation)","Reliquary","Spire Arcade","StSLib","SuperFastMode"],"gold_per_floor":[114,114,130,144,173,184,215,242,242,255,215,215,229,229,308,308,319,319,319,291,216,243,261,261,261],"floor_reached":25,"language":"ENG","playtime":1004,"items_purged":["Strike_B","Strike_B","Defend_B"],"score":591,"play_id":"6a2c1789-d23e-47d3-bcb4-43854c545fcd","local_time":"20210205021258","is_ascension_mode":true,"campfire_choices":[{"data":"Storm","floor":10.0,"key":"SMITH"},{"floor":10.0,"key":"RECALL"},{"data":"Genetic Algorithm","floor":15.0,"key":"SMITH"},{"data":"Zap","floor":15.0,"key":"SMITH"}],"circlet_count":0,"master_deck":["AscendersBane","Strike_B","Defend_B","Defend_B","Defend_B","Zap+1","Dualcast","Storm+1","Conserve Battery","Heatsinks","Genetic Algorithm+1","Conserve Battery","Capacitor","Heatsinks","CurseOfTheBell","Loop"],"relics":["Burning Blood","EVO:Axolotl","hubris:Teleporter","reliquary:Knoch","halation:PenCase","reliquary:LoveEmittingDiode","halation:OrihimeAndHikoboshiSamaAndTears","Thread and Needle","infinitespire:Freezer","Blood Vial","Ancient Tea Set","hubris:SlimyHat","infinitespire:Cubic Diamond","Calling Bell","reliquary:RosewoodLute","halation:WeightlessCrab","Incense Burner","hubris:BottledHeart","Lantern"],"acts_visited":["Exordium","TheCity"],"potions_floor_usage":[25],"damage_taken":[{"damage":0.0,"enemies":"Small Slimes","floor":1.0,"turns":3.0},{"damage":1.0,"enemies":"Jaw Worm","floor":4.0,"turns":4.0},{"damage":0.0,"enemies":"2 Louse","floor":5.0,"turns":2.0},{"damage":2.0,"enemies":"Lagavulin","floor":6.0,"turns":7.0},{"damage":0.0,"enemies":"Blue Slaver","floor":7.0,"turns":5.0},{"damage":22.0,"enemies":"Gremlin Nob","floor":8.0,"turns":5.0},{"damage":0.0,"enemies":"Red Slaver","floor":11.0,"turns":4.0},{"damage":9.0,"enemies":"Large Slime","floor":14.0,"turns":8.0},{"damage":6,"enemies":"Slime Boss","floor":16,"turns":7},{"damage":14,"enemies":"Shell Parasite","floor":18,"turns":6},{"damage":0,"enemies":"2 Thieves","floor":21,"turns":5},{"damage":0,"enemies":"Book of Stabbing","floor":23,"turns":6},{"damage":0,"enemies":"Snake Plant","floor":24,"turns":4},{"damage":3,"enemies":"Slavers","floor":25,"turns":2}],"seed_played":"7646091811760631565","potions_obtained":[{"floor":1.0,"key":"Fruit Juice"},{"floor":6.0,"key":"Explosive Potion"},{"floor":16,"key":"CultistPotion"}],"is_trial":false,"path_per_floor":["M","?","M","M","E","M","E","T","R","M","$","?","M","R","B",null,"M","HB","?","M","?","E","M","E"],"character_chosen":"DEFECT","items_purchased":["reliquary:Knoch","halation:PenCase","Storm","reliquary:LoveEmittingDiode","Conserve Battery","Heatsinks","infinitespire:Freezer","Block Potion","Capacitor"],"campfire_rested":0,"item_purchase_floors":[0,0,0,0,0,0,0,0,12],"current_hp_per_floor":[69,74,73,73,71,73,53,53,53,55,55,55,54,54,56,75,69,41,1,1,1,1,1,0,0],"gold":261,"neow_bonus":"","is_daily":false,"chose_seed":false,"campfire_upgraded":3,"win_rate":0.0,"timestamp":1612480378,"path_taken":["M","?","M","M","E","M","E","T","R","M","$","?","M","R","BOSS","M","HB","?","M","?","E","M","E"],"items_purchased_type":["Relic","Relic","Card","Relic","Card","Card","Relic","Potion","Card"],"build_version":"2020-12-22","purchased_purges":3,"victory":false,"max_hp_per_floor":[76,81,81,81,81,81,81,81,81,81,81,81,81,81,81,81,81,41,1,1,1,1,1,1,1],"card_choices":[{"not_picked":["Sweeping Beam","hubris:PowerSurge","Recycle"],"picked":"SKIP","floor":1.0},{"not_picked":["Gash","Hologram","Beam Cell"],"picked":"SKIP","floor":4.0},{"not_picked":["Beam Cell","Undo","Leap"],"picked":"SKIP","floor":5.0},{"not_picked":["Steam","Sweeping Beam"],"picked":"Genetic Algorithm","floor":6.0},{"not_picked":["Compile Driver","Redo"],"picked":"Conserve Battery","floor":7.0},{"not_picked":["Aggregate","Auto Shields","Barrage"],"picked":"SKIP","floor":8.0},{"not_picked":["Coolheaded","Aggregate","Rainbow"],"picked":"SKIP","floor":11.0},{"not_picked":["Glacier","Aggregate"],"picked":"Heatsinks","floor":14.0},{"not_picked":["Ball Lightning","Turbo","Compile Driver"],"picked":"SKIP","floor":18},{"not_picked":["Rebound","Beam Cell","Streamline"],"picked":"SKIP","floor":21},{"not_picked":["Barrage","Steam+1"],"picked":"Loop","floor":23},{"not_picked":["Force Field+1","Biased Cognition","Go for the Eyes"],"picked":"SKIP","floor":24}],"player_experience":229796,"relics_obtained":[{"floor":6.0,"key":"Blood Vial"},{"floor":8.0,"key":"Ancient Tea Set"},{"floor":9.0,"key":"hubris:SlimyHat"},{"floor":17,"key":"reliquary:RosewoodLute"},{"floor":17,"key":"halation:WeightlessCrab"},{"floor":17,"key":"Incense Burner"},{"floor":23,"key":"Lantern"}],"event_choices":[{"damage_healed":0.0,"max_hp_gain":5.0,"max_hp_loss":0.0,"gold_gain":0.0,"event_name":"Big Fish","player_choice":"Donut","floor":2.0,"gold_loss":0.0,"damage_taken":0.0},{"cards_removed":["Strike_B"],"damage_healed":0,"gold_gain":0,"player_choice":"Gave Gold","damage_taken":0,"max_hp_gain":0,"max_hp_loss":0,"event_name":"Beggar","floor":22,"gold_loss":75}],"is_beta":false,"boss_relics":[{"not_picked":["halation:LoveArrow","Astrolabe"],"picked":"Calling Bell"}],"items_purged_floors":[0,0,0],"is_endless":false,"potions_floor_spawned":[1,6,7,16,21],"killed_by":"Slavers","ascension_level":20}}