{"host":"r4aerl4ckfvw1dw3","time":1612472276,"event":{"mods":["BaseMod","BetterRewards","Minty Spire (QoL Compilation)","Quick Restart","StSLib"],"gold_per_floor":[114,114,129,150,163,163,163,163],"floor_reached":7,"language":"ENG","playtime":563,"items_purged":[],"score":56,"play_id":"602a38eb-9791-4c43-b2ca-25ad126736b9","local_time":"20210204125756","is_ascension_mode":true,"campfire_choices":[{"data":"Cleave","floor":6,"key":"SMITH"}],"circlet_count":0,"master_deck":["Strike_R","Strike_R","Strike_R","Strike_R","Strike_R","Defend_R","Defend_R","Defend_R","Defend_R","Bash","Injury","Shrug It Off","Cleave+1","Pummel"],"relics":["Burning Blood","Golden Idol"],"acts_visited":["Exordium"],"potions_floor_usage":[5,7,7,7],"damage_taken":[{"damage":9,"enemies":"Small Slimes","floor":1,"turns":4},{"damage":7,"enemies":"2 Louse","floor":3,"turns":3},{"damage":5,"enemies":"Jaw Worm","floor":4,"turns":4},{"damage":30,"enemies":"Large Slime","floor":5,"turns":6},{"damage":52,"enemies":"Lagavulin","floor":7,"turns":8}],"seed_played":"324021296962596001","potions_obtained":[{"floor":0,"key":"SteroidPotion"},{"floor":0,"key":"DuplicationPotion"},{"floor":0,"key":"SneckoOil"},{"floor":3,"key":"LiquidBronze"},{"floor":5,"key":"DuplicationPotion"}],"is_trial":false,"path_per_floor":["M","?","M","M","M","R","E"],"character_chosen":"IRONCLAD","items_purchased":[],"campfire_rested":0,"item_purchase_floors":[],"current_hp_per_floor":[69,69,68,69,45,45,0,0],"gold":163,"neow_bonus":"THREE_SMALL_POTIONS","is_daily":false,"chose_seed":false,"campfire_upgraded":1,"win_rate":0.0,"timestamp":1612472276,"path_taken":["M","?","M","M","M","R","E"],"items_purchased_type":[],"build_version":"2020-12-22","purchased_purges":0,"victory":false,"max_hp_per_floor":[80,80,80,80,80,80,80,80],"card_choices":[{"not_picked":["Body Slam","Second Wind","Flex"],"picked":"SKIP","floor":1},{"not_picked":["Warcry","Evolve"],"picked":"Shrug It Off","floor":3},{"not_picked":["Iron Wave","Feel No Pain"],"picked":"Cleave","floor":4},{"not_picked":["Iron Wave","Infernal Blade"],"picked":"Pummel","floor":5}],"player_experience":494646,"relics_obtained":[],"event_choices":[{"damage_healed":0,"gold_gain":0,"player_choice":"Take Wound","damage_taken":0,"relics_obtained":["Golden Idol"],"max_hp_gain":0,"max_hp_loss":0,"event_name":"Golden Idol","floor":2,"gold_loss":0,"cards_obtained":["Injury"]}],"is_beta":false,"boss_relics":[],"items_purged_floors":[],"is_endless":false,"potions_floor_spawned":[3,5],"killed_by":"Lagavulin","ascension_level":6}}