{"host":"eebsr5bfap1y39p2","time":1612422785,"event":{"mods":["AchievementEnabler","BaseMod","Colored Map","Minty Spire (QoL Compilation)","StSLib","SuperFastMode"],"gold_per_floor":[111,111,36,54,66,66,66,66,66,97,97,107,67,82,82,178,178,191,207,107,107,121,121,121],"floor_reached":23,"language":"KOR","playtime":489,"items_purged":["Strike_P","Strike_P"],"score":287,"play_id":"e2cc6d58-bcb9-41c0-bbcb-570eca3ab94e","local_time":"20210204021305","is_ascension_mode":true,"campfire_choices":[{"data":"Eruption","floor":6.0,"key":"SMITH"},{"data":"FearNoEvil","floor":8.0,"key":"SMITH"},{"data":"Vigilance","floor":11.0,"key":"SMITH"},{"data":"Consecrate","floor":15.0,"key":"SMITH"}],"circlet_count":0,"master_deck":["AscendersBane","Strike_P","Strike_P","Defend_P","Defend_P","Defend_P","Eruption+1","Vigilance+1","FearNoEvil+1","Consecrate+1","Judgement","Adaptation","FlurryOfBlows+1"],"relics":["PureWater","NeowsBlessing","Prayer Wheel","Toy Ornithopter","Black Star"],"acts_visited":["Exordium","TheCity"],"potions_floor_usage":[],"damage_taken":[{"damage":0.0,"enemies":"Jaw Worm","floor":1.0,"turns":1.0},{"damage":0.0,"enemies":"Cultist","floor":4.0,"turns":1.0},{"damage":0.0,"enemies":"2 Louse","floor":5.0,"turns":1.0},{"damage":15.0,"enemies":"Gremlin Nob","floor":10.0,"turns":3.0},{"damage":13.0,"enemies":"Exordium Thugs","floor":12.0,"turns":5.0},{"damage":8.0,"enemies":"Large Slime","floor":14.0,"turns":3.0},{"damage":27,"enemies":"Slime Boss","floor":16,"turns":7},{"damage":0,"enemies":"3 Byrds","floor":18,"turns":4},{"damage":0,"enemies":"Spheric Guardian","floor":19,"turns":2},{"damage":9,"enemies":"Centurion and Healer","floor":22,"turns":5},{"damage":81,"enemies":"Book of Stabbing","floor":23,"turns":5}],"seed_played":"-7806419352167010438","potions_obtained":[{"floor":4.0,"key":"Explosive Potion"},{"floor":13.0,"key":"Energy Potion"},{"floor":13.0,"key":"FairyPotion"},{"floor":13.0,"key":"StancePotion"}],"is_trial":false,"path_per_floor":["M","?","$","M","M","R","$","R","T","E","R","M","?","M","R","B",null,"M","M","$","?","M","E"],"character_chosen":"WATCHER","items_purchased":[],"campfire_rested":0,"item_purchase_floors":[],"current_hp_per_floor":[65,65,65,65,65,65,65,65,65,50,50,42,42,34,34,7,56,56,56,56,56,47,0,0],"gold":121,"neow_bonus":"THREE_ENEMY_KILL","is_daily":false,"chose_seed":false,"campfire_upgraded":4,"win_rate":0.0,"timestamp":1612422785,"path_taken":["M","?","$","?","M","R","$","R","T","E","R","M","?","?","R","BOSS","M","M","$","?","M","E"],"items_purchased_type":[],"build_version":"2020-12-22","purchased_purges":2,"victory":false,"max_hp_per_floor":[72,72,72,72,72,72,72,72,72,72,72,72,72,72,72,72,72,72,72,72,72,72,72,72],"card_choices":[{"not_picked":["JustLucky","CutThroughFate","Evaluate"],"picked":"SKIP","floor":1.0},{"not_picked":["JustLucky","Protect","EmptyFist"],"picked":"SKIP","floor":4.0},{"not_picked":["Sanctity","BowlingBash"],"picked":"FearNoEvil","floor":5.0},{"not_picked":["CrushJoints","Vault"],"picked":"Consecrate","floor":10.0},{"not_picked":["Protect","EmptyMind","BowlingBash"],"picked":"SKIP","floor":12.0},{"not_picked":["Halt","JustLucky","Prostrate"],"picked":"SKIP","floor":12.0},{"not_picked":["WindmillStrike","Prostrate","FollowUp"],"picked":"SKIP","floor":14.0},{"not_picked":["WheelKick","Fasting2","Protect"],"picked":"SKIP","floor":14.0},{"not_picked":["Alpha","ConjureBlade"],"picked":"Judgement","floor":16},{"not_picked":["EmptyBody+1","Pray","JustLucky"],"picked":"SKIP","floor":18},{"not_picked":["Protect","Swivel","BowlingBash"],"picked":"SKIP","floor":18},{"not_picked":["Worship","JustLucky+1","PathToVictory"],"picked":"SKIP","floor":19},{"not_picked":["Prostrate","FlyingSleeves","Consecrate"],"picked":"SKIP","floor":19},{"not_picked":["BowlingBash","Collect"],"picked":"FlurryOfBlows+1","floor":22},{"not_picked":["Brilliance","Indignation","PathToVictory"],"picked":"SKIP","floor":22}],"player_experience":403200,"relics_obtained":[{"floor":9.0,"key":"Prayer Wheel"},{"floor":10.0,"key":"Toy Ornithopter"}],"event_choices":[{"cards_removed":["Defend_P"],"damage_healed":0.0,"max_hp_gain":0.0,"max_hp_loss":0.0,"gold_gain":0.0,"event_name":"Bonfire Elementals","player_choice":"Offered Basic","floor":2.0,"gold_loss":0.0,"damage_taken":0.0},{"damage_healed":0.0,"max_hp_gain":0.0,"max_hp_loss":0.0,"gold_gain":0.0,"event_name":"The Woman in Blue","player_choice":"Bought 3 Potions","floor":13.0,"gold_loss":0.0,"damage_taken":0.0},{"damage_healed":0,"gold_gain":0,"player_choice":"Read","damage_taken":0,"max_hp_gain":0,"max_hp_loss":0,"event_name":"The Library","floor":21,"gold_loss":0,"cards_obtained":["Adaptation"]}],"is_beta":false,"boss_relics":[{"not_picked":["Sozu","Runic Pyramid"],"picked":"Black Star"}],"items_purged_floors":[3,20],"is_endless":false,"potions_floor_spawned":[4,14,19],"killed_by":"Book of Stabbing","ascension_level":10}}