{"host":"nj4msrt0z6tj4wtb","time":1612467004,"event":{"mods":["AchievementEnabler","BaseMod","Colored Map","Colored Powertips","DeckTracker","Highlight Path","Keyboard Shortcuts","Minty Spire (QoL Compilation)","Quick Restart","Random Character Button","StSLib","SuperFastMode"],"gold_per_floor":[109,34,49,63,73,105,105,105,105,105,118,118,145,155,155,259,259,276,92,108,123,138,138,171,200,200,200,229,329,339,352,352,453,453,468,484,484,503,503,529,539,572,572,589,589,84,306,321,321,321],"floor_reached":51,"language":"KOR","playtime":2757,"items_purged":["Strike_B","Strike_B","Strike_B"],"score":929,"play_id":"d916b1b6-5d0c-466d-9557-02a98e88efd1","local_time":"20210205043004","is_ascension_mode":true,"campfire_choices":[{"data":"Redo","floor":7.0,"key":"SMITH"},{"data":"Coolheaded","floor":10.0,"key":"SMITH"},{"data":"Hologram","floor":12.0,"key":"SMITH"},{"floor":15.0,"key":"REST"},{"data":"Defragment","floor":23.0,"key":"SMITH"},{"floor":27.0,"key":"REST"},{"floor":32.0,"key":"REST"},{"data":"Echo Form","floor":45,"key":"SMITH"},{"data":"Blind","floor":49,"key":"SMITH"}],"circlet_count":0,"master_deck":["Defend_B","Defend_B","Defend_B","Defend_B","Zap+1","Dualcast","Turbo","Leap","Coolheaded+1","Redo+1","Conserve Battery","Hologram+1","Electrodynamics","Echo Form+1","Ball Lightning+1","Finesse","Defragment+1","Defragment+1","Double Energy+1","Glacier+1","Compile Driver+1","Self Repair+1","Conserve Battery+1","Blind+1","Heatsinks+1","Defragment+1","Discovery","Thunder Strike"],"relics":["Cracked Core","Matryoshka","Toy Ornithopter","Mercury Hourglass","Letter Opener","Philosopher\u0027s Stone","Gremlin Horn","Red Mask","InkBottle","Blue Candle","MealTicket","Gambling Chip","Ornamental Fan","Runic Pyramid","Regal Pillow","DataDisk","Lizard Tail","Anchor","Incense Burner"],"acts_visited":["Exordium","TheCity","TheBeyond"],"potions_floor_usage":[35],"damage_taken":[{"damage":0.0,"enemies":"2 Louse","floor":1.0,"turns":3.0},{"damage":1.0,"enemies":"Cultist","floor":3.0,"turns":3.0},{"damage":0.0,"enemies":"Small Slimes","floor":4.0,"turns":3.0},{"damage":8.0,"enemies":"2 Fungi Beasts","floor":5.0,"turns":4.0},{"damage":21.0,"enemies":"3 Sentries","floor":6.0,"turns":7.0},{"damage":4.0,"enemies":"Large Slime","floor":11.0,"turns":6.0},{"damage":31.0,"enemies":"Gremlin Nob","floor":13.0,"turns":4.0},{"damage":0.0,"enemies":"3 Louse","floor":14.0,"turns":1.0},{"damage":8.0,"enemies":"The Guardian","floor":16.0,"turns":10.0},{"damage":0.0,"enemies":"Spheric Guardian","floor":18.0,"turns":3.0},{"damage":3.0,"enemies":"Shell Parasite","floor":20.0,"turns":4.0},{"damage":14.0,"enemies":"Snecko","floor":21.0,"turns":4.0},{"damage":14.0,"enemies":"Cultist and Chosen","floor":22.0,"turns":3.0},{"damage":24.0,"enemies":"Gremlin Leader","floor":24.0,"turns":4.0},{"damage":0.0,"enemies":"Masked Bandits","floor":25.0,"turns":2.0},{"damage":23.0,"enemies":"Book of Stabbing","floor":28.0,"turns":6.0},{"damage":0.0,"enemies":"Colosseum Slavers","floor":29.0,"turns":3.0},{"damage":1.0,"enemies":"Colosseum Nobs","floor":29.0,"turns":3.0},{"damage":17.0,"enemies":"Sentry and Sphere","floor":30.0,"turns":3.0},{"damage":0.0,"enemies":"Centurion and Healer","floor":31.0,"turns":2.0},{"damage":24.0,"enemies":"Automaton","floor":33.0,"turns":8.0},{"damage":2,"enemies":"3 Darklings","floor":35,"turns":3},{"damage":2,"enemies":"3 Shapes","floor":36,"turns":3},{"damage":0,"enemies":"Jaw Worm Horde","floor":38,"turns":3},{"damage":31,"enemies":"Nemesis","floor":40,"turns":5},{"damage":14,"enemies":"Transient","floor":41,"turns":5},{"damage":0,"enemies":"Giant Head","floor":42,"turns":8},{"damage":9,"enemies":"Spire Growth","floor":44,"turns":5},{"damage":8,"enemies":"4 Shapes","floor":48,"turns":3},{"damage":0,"enemies":"Awakened One","floor":50,"turns":11}],"seed_played":"6435890816498625677","potions_obtained":[{"floor":5.0,"key":"Explosive Potion"},{"floor":6.0,"key":"SneckoOil"},{"floor":14.0,"key":"SteroidPotion"},{"floor":16.0,"key":"AttackPotion"},{"floor":20.0,"key":"Ancient Potion"},{"floor":24.0,"key":"DuplicationPotion"},{"floor":29.0,"key":"ColorlessPotion"},{"floor":33.0,"key":"Block Potion"},{"floor":44,"key":"CultistPotion"},{"floor":48,"key":"Strength Potion"}],"is_trial":false,"path_per_floor":["M","$","M","M","M","E","R","?","T","R","M","R","E","M","R","B",null,"M","$","M","M","M","R","E","?","T","R","E","?","M","M","R","B",null,"M","M","?","M","?","E","M","E","T","M","R","$","?","M","R","B",null],"character_chosen":"DEFECT","items_purchased":["Finesse","Discovery","Incense Burner"],"campfire_rested":3,"item_purchase_floors":[19,46,46],"current_hp_per_floor":[75,75,74,74,66,45,45,45,45,45,41,41,10,10,32,24,75,75,75,72,58,44,44,20,20,20,42,19,23,6,16,38,24,75,75,75,75,75,75,54,60,70,70,71,71,75,75,67,67,75],"gold":321,"neow_bonus":"UPGRADE_CARD","is_daily":false,"chose_seed":false,"campfire_upgraded":6,"win_rate":0.0,"timestamp":1612467004,"path_taken":["M","$","M","M","M","E","R","?","T","R","M","R","E","M","R","BOSS","M","$","M","M","?","R","E","?","T","R","E","?","M","M","R","BOSS","M","M","?","M","?","E","?","E","T","M","R","$","?","M","R","BOSS"],"items_purchased_type":["Card","Card","Relic"],"build_version":"2020-12-22","purchased_purges":3,"victory":true,"max_hp_per_floor":[75,75,75,75,75,75,75,75,75,75,75,75,75,75,75,75,75,75,75,75,75,75,75,75,75,75,75,75,75,75,75,75,75,75,75,75,75,75,75,75,75,75,75,75,75,75,75,75,75,75],"card_choices":[{"not_picked":["Stack","Reprogram"],"picked":"Turbo","floor":1.0},{"not_picked":["Self Repair","Beam Cell"],"picked":"Leap","floor":3.0},{"not_picked":["Storm","Steam"],"picked":"Coolheaded","floor":4.0},{"not_picked":["Scrape","Doom and Gloom"],"picked":"Redo","floor":5.0},{"not_picked":["Reprogram","Go for the Eyes"],"picked":"Conserve Battery","floor":6.0},{"not_picked":["Compile Driver","Melter"],"picked":"Hologram","floor":11.0},{"not_picked":["Cold Snap","Conserve Battery"],"picked":"Electrodynamics","floor":13.0},{"not_picked":["Go for the Eyes","Barrage","Sweeping Beam"],"picked":"SKIP","floor":14.0},{"not_picked":["Reboot","Electrodynamics"],"picked":"Echo Form","floor":16.0},{"not_picked":["BootSequence+1","Rip and Tear"],"picked":"Ball Lightning+1","floor":18.0},{"not_picked":["Redo+1","BootSequence"],"picked":"Defragment","floor":20.0},{"not_picked":["Loop","Leap+1"],"picked":"Defragment+1","floor":21.0},{"not_picked":["Beam Cell","Go for the Eyes","Barrage"],"picked":"SKIP","floor":22.0},{"not_picked":["Buffer","Redo+1"],"picked":"Double Energy+1","floor":24.0},{"not_picked":["Rebound","Tempest+1"],"picked":"Glacier+1","floor":28.0},{"not_picked":["Echo Form","Cold Snap"],"picked":"Compile Driver+1","floor":29.0},{"not_picked":["Sweeping Beam","Undo"],"picked":"Self Repair+1","floor":30.0},{"not_picked":["Coolheaded","Compile Driver","Hologram"],"picked":"SKIP","floor":31.0},{"not_picked":["Gash+1","Recycle"],"picked":"Conserve Battery+1","floor":35},{"not_picked":["Gash+1","Ball Lightning+1","Redo"],"picked":"SKIP","floor":36},{"not_picked":["Dramatic Entrance","Trip"],"picked":"Blind","floor":37},{"not_picked":["Turbo+1","Static Discharge"],"picked":"Heatsinks+1","floor":38},{"not_picked":["Barrage","Ball Lightning+1","Streamline+1"],"picked":"SKIP","floor":40},{"not_picked":["Cold Snap+1","Redo","Darkness"],"picked":"SKIP","floor":41},{"not_picked":["Steam+1","Beam Cell+1","Coolheaded+1"],"picked":"SKIP","floor":42},{"not_picked":["Leap+1","Rip and Tear+1"],"picked":"Defragment+1","floor":44},{"not_picked":["Melter+1","Cold Snap+1"],"picked":"Thunder Strike","floor":48}],"player_experience":653649,"relics_obtained":[{"floor":6.0,"key":"Matryoshka"},{"floor":9.0,"key":"Toy Ornithopter"},{"floor":9.0,"key":"Mercury Hourglass"},{"floor":13.0,"key":"Letter Opener"},{"floor":24.0,"key":"Gremlin Horn"},{"floor":25.0,"key":"Red Mask"},{"floor":26.0,"key":"InkBottle"},{"floor":26.0,"key":"Blue Candle"},{"floor":28.0,"key":"MealTicket"},{"floor":29.0,"key":"Gambling Chip"},{"floor":29.0,"key":"Ornamental Fan"},{"floor":40,"key":"DataDisk"},{"floor":42,"key":"Lizard Tail"},{"floor":43,"key":"Anchor"}],"event_choices":[{"cards_removed":["Strike_B"],"damage_healed":0.0,"max_hp_gain":0.0,"max_hp_loss":0.0,"gold_gain":0.0,"event_name":"Purifier","player_choice":"Purged","floor":8.0,"gold_loss":0.0,"damage_taken":0.0},{"damage_healed":0.0,"max_hp_gain":0.0,"max_hp_loss":0.0,"gold_gain":0.0,"event_name":"Masked Bandits","player_choice":"Fought Bandits","floor":25.0,"gold_loss":0.0,"damage_taken":0.0},{"damage_healed":0.0,"max_hp_gain":0.0,"max_hp_loss":0.0,"gold_gain":0.0,"event_name":"Colosseum","player_choice":"Fight","floor":29.0,"gold_loss":0.0,"damage_taken":0.0},{"damage_healed":0.0,"max_hp_gain":0.0,"max_hp_loss":0.0,"gold_gain":0.0,"event_name":"Colosseum","player_choice":"Fought Nobs","floor":29.0,"gold_loss":0.0,"damage_taken":0.0},{"damage_healed":0,"gold_gain":0,"player_choice":"Memory 1","damage_taken":0,"max_hp_gain":0,"max_hp_loss":0,"event_name":"SensoryStone","floor":37,"gold_loss":0},{"damage_healed":0,"gold_gain":0,"player_choice":"Gave Potion","damage_taken":0,"relics_obtained":["Regal Pillow"],"max_hp_gain":0,"max_hp_loss":0,"event_name":"WeMeetAgain","floor":39,"gold_loss":0},{"damage_healed":0,"gold_gain":222,"player_choice":"Wore Mask","damage_taken":0,"max_hp_gain":0,"max_hp_loss":0,"event_name":"Tomb of Lord Red Mask","floor":47,"gold_loss":0}],"is_beta":false,"boss_relics":[{"not_picked":["Astrolabe","Runic Dome"],"picked":"Philosopher\u0027s Stone"},{"not_picked":["SlaversCollar","Tiny House"],"picked":"Runic Pyramid"}],"items_purged_floors":[2,19,46],"is_endless":false,"potions_floor_spawned":[5,6,14,16,20,21,24,29,30,33,44,48],"ascension_level":3}}