{"host":"hr6qo4jjm4ge1z5l","time":1612473503,"event":{"mods":["BaseMod","Highlight Path","Minty Spire (QoL Compilation)","Relic Stats","ojb\u0027s Info Mod"],"gold_per_floor":[118,137,156,173,24,54,54,64,134,149,178,197,122,142,142,213,213,225,244,255,37,53,80,80,80,105,123,1,26,61,81,81,152,152,162,162,96,96,318,351,351,383,383,398,398,432,432,446,446,446,446,446,21,54,54],"floor_reached":56,"language":"ENG","playtime":11554,"items_purged":["Injury","Strike_B"],"score":2305,"play_id":"a0e04d32-4c92-457e-9618-2bab466afb8f","local_time":"20210204221823","is_ascension_mode":true,"campfire_choices":[{"data":"Loop","floor":7.0,"key":"SMITH"},{"floor":15.0,"key":"REST"},{"data":"Biased Cognition","floor":24.0,"key":"SMITH"},{"data":"Echo Form","floor":32.0,"key":"SMITH"},{"data":"Seek","floor":45,"key":"SMITH"},{"floor":49,"key":"RECALL"},{"data":"Apotheosis","floor":52,"key":"SMITH"}],"circlet_count":0,"master_deck":["AscendersBane","Strike_B","Strike_B","Defend_B","Defend_B","Defend_B","Defend_B","Zap","Dualcast","Core Surge","Ball Lightning","Glacier","Beam Cell","Loop+1","Barrage","Capacitor","BootSequence","Reinforced Body","Biased Cognition+1","Steam Power","Cold Snap","Echo Form+1","Hologram","Self Repair+1","Hologram","Doom and Gloom","Glacier","Ball Lightning","Cold Snap+1","Seek+1","Madness","Apotheosis+1","Barrage+1","Compile Driver","Biased Cognition+1","Defragment+1","Master of Strategy","Hologram"],"relics":["Cracked Core","Darkstone Periapt","Pantograph","StoneCalendar","Coffee Dripper","Membership Card","Tiny Chest","OrangePellets","The Courier","Red Mask","SlaversCollar","Lee\u0027s Waffle","Unceasing Top","Frozen Egg 2","Gremlin Horn","Bottled Lightning","Blue Candle","FossilizedHelix","Calipers","Lantern","Dead Branch","DataDisk"],"acts_visited":["TheBeyond","TheEnding"],"potions_floor_usage":[40],"damage_taken":[{"damage":3.0,"enemies":"Small Slimes","floor":1.0,"turns":3.0},{"damage":0.0,"enemies":"2 Louse","floor":2.0,"turns":2.0},{"damage":2.0,"enemies":"Cultist","floor":3.0,"turns":3.0},{"damage":17.0,"enemies":"Exordium Thugs","floor":4.0,"turns":5.0},{"damage":12.0,"enemies":"3 Sentries","floor":6.0,"turns":10.0},{"damage":4.0,"enemies":"Red Slaver","floor":8.0,"turns":3.0},{"damage":0.0,"enemies":"Large Slime","floor":10.0,"turns":4.0},{"damage":4.0,"enemies":"Lagavulin","floor":11.0,"turns":6.0},{"damage":18.0,"enemies":"Gremlin Gang","floor":12.0,"turns":5.0},{"damage":6.0,"enemies":"3 Louse","floor":14.0,"turns":4.0},{"damage":9.0,"enemies":"Hexaghost","floor":16.0,"turns":9.0},{"damage":0.0,"enemies":"3 Byrds","floor":18.0,"turns":6.0},{"damage":15.0,"enemies":"Shell Parasite","floor":19.0,"turns":6.0},{"damage":1.0,"enemies":"Shelled Parasite and Fungi","floor":20.0,"turns":7.0},{"damage":3.0,"enemies":"Snake Plant","floor":22.0,"turns":6.0},{"damage":26.0,"enemies":"Slavers","floor":23.0,"turns":6.0},{"damage":17.0,"enemies":"Centurion and Healer","floor":27.0,"turns":7.0},{"damage":8.0,"enemies":"Book of Stabbing","floor":29.0,"turns":7.0},{"damage":41.0,"enemies":"Masked Bandits","floor":30.0,"turns":4.0},{"damage":2.0,"enemies":"Sentry and Sphere","floor":31.0,"turns":7.0},{"damage":20.0,"enemies":"Collector","floor":33.0,"turns":9.0},{"damage":23,"enemies":"3 Darklings","floor":35,"turns":7},{"damage":34,"enemies":"Reptomancer","floor":40,"turns":10},{"damage":6,"enemies":"Nemesis","floor":42,"turns":7},{"damage":4,"enemies":"Orb Walker","floor":44,"turns":7},{"damage":0,"enemies":"Giant Head","floor":46,"turns":7},{"damage":0,"enemies":"4 Shapes","floor":48,"turns":3},{"damage":0,"enemies":"Time Eater","floor":50,"turns":10},{"damage":15,"enemies":"Shield and Spear","floor":54,"turns":8},{"damage":0,"enemies":"The Heart","floor":55,"turns":9}],"seed_played":"-3871559117813892460","potions_obtained":[{"floor":3.0,"key":"FocusPotion"},{"floor":6.0,"key":"FocusPotion"},{"floor":11.0,"key":"Energy Potion"},{"floor":12.0,"key":"Regen Potion"},{"floor":19.0,"key":"FocusPotion"},{"floor":27.0,"key":"SpeedPotion"},{"floor":29.0,"key":"Block Potion"},{"floor":31.0,"key":"SpeedPotion"},{"floor":33.0,"key":"AttackPotion"},{"floor":35,"key":"GamblersBrew"},{"floor":40,"key":"Weak Potion"},{"floor":48,"key":"DistilledChaos"}],"is_trial":false,"path_per_floor":["M","M","M","M","$","E","R","M","T","M","E","M","$","M","R","B",null,"M","M","M","$","M","E","R","?","T","M","$","E","?","M","R","B",null,"M","?","$","T","?","E","?","E","T","M","R","E","T","M","R","B",null,"R","$","E","B",null],"character_chosen":"DEFECT","items_purchased":["Barrage","Capacitor","Membership Card","OrangePellets","Regen Potion","Lee\u0027s Waffle","Defragment+1","Calipers","Lantern","Dead Branch","Master of Strategy"],"campfire_rested":1,"item_purchase_floors":[5,5,21,28,28,37,53,53,53,53,53],"current_hp_per_floor":[61,61,59,42,42,30,30,26,26,26,22,4,4,10,31,47,65,65,50,49,49,56,40,40,40,40,33,33,50,19,27,27,42,64,51,41,78,78,78,54,54,48,48,64,64,78,78,78,78,78,78,78,78,78,78],"gold":54,"neow_bonus":"THREE_RARE_CARDS","is_daily":false,"chose_seed":false,"campfire_upgraded":5,"win_rate":0.0,"timestamp":1612473503,"path_taken":["M","M","M","M","$","E","R","M","T","M","E","M","$","M","R","BOSS","BOSS","M","M","M","$","M","E","R","?","T","M","$","E","?","M","R","BOSS","M","?","$","?","?","E","?","E","T","?","R","E","?","?","R","BOSS","R","$","E","BOSS"],"items_purchased_type":["Card","Card","Relic","Relic","Potion","Relic","Card","Relic","Relic","Relic","Card"],"build_version":"2020-12-22","purchased_purges":2,"victory":true,"max_hp_per_floor":[71,71,71,71,71,71,71,71,71,71,71,71,71,71,71,71,71,71,71,71,71,71,71,71,71,71,71,71,71,71,71,71,71,71,71,71,78,78,78,78,78,78,78,78,78,78,78,78,78,78,78,78,78,78,78],"relic_stats":{"Darkstone Periapt":0,"OrangePellets":[26],"Lee\u0027s Waffle":37,"Gremlin Horn":[4,4],"counters":[14,102],"Pantograph":25,"Blue Candle":[0],"Dead Branch":[18],"StoneCalendar":[453],"Tiny Chest":2,"obtain_stats":[{"Darkstone Periapt":0,"Lee\u0027s Waffle":37,"Lantern":53,"Calipers":53,"Gremlin Horn":42,"Blue Candle":46,"Dead Branch":53,"StoneCalendar":0,"The Courier":29,"Frozen Egg 2":40,"OrangePellets":28,"SlaversCollar":34,"DataDisk":54,"Pantograph":0,"Tiny Chest":0,"Coffee Dripper":0,"Red Mask":30,"Membership Card":0,"Bottled Lightning":43,"Cracked Core":0,"Unceasing Top":38,"FossilizedHelix":47},{"Darkstone Periapt":0,"Lee\u0027s Waffle":6,"Lantern":12,"Calipers":12,"Gremlin Horn":8,"Blue Candle":10,"Dead Branch":12,"StoneCalendar":0,"The Courier":2,"Frozen Egg 2":7,"OrangePellets":1,"SlaversCollar":5,"DataDisk":13,"Pantograph":0,"Tiny Chest":0,"Coffee Dripper":0,"Red Mask":3,"Membership Card":0,"Bottled Lightning":8,"Cracked Core":0,"Unceasing Top":6,"FossilizedHelix":10},{"Darkstone Periapt":0,"Lee\u0027s Waffle":41,"Lantern":85,"Calipers":85,"Gremlin Horn":58,"Blue Candle":72,"Dead Branch":85,"StoneCalendar":0,"The Courier":14,"Frozen Egg 2":51,"OrangePellets":7,"SlaversCollar":34,"DataDisk":93,"Pantograph":0,"Tiny Chest":0,"Coffee Dripper":0,"Red Mask":18,"Membership Card":0,"Bottled Lightning":58,"Cracked Core":0,"Unceasing Top":41,"FossilizedHelix":72}],"Unceasing Top":[9]},"card_choices":[{"not_picked":["Seek","Fission"],"picked":"Core Surge","floor":0.0},{"not_picked":["Cold Snap","Capacitor"],"picked":"Ball Lightning","floor":1.0},{"not_picked":["Compile Driver","Redo"],"picked":"Glacier","floor":2.0},{"not_picked":["Lockon","Self Repair"],"picked":"Beam Cell","floor":3.0},{"not_picked":["Gash","Chill"],"picked":"Loop","floor":4.0},{"not_picked":["Turbo","Compile Driver"],"picked":"BootSequence","floor":6.0},{"not_picked":["Steam","Stack"],"picked":"Reinforced Body","floor":8.0},{"not_picked":["Ball Lightning","Compile Driver"],"picked":"Biased Cognition","floor":10.0},{"not_picked":["Rip and Tear","Double Energy","Gash"],"picked":"SKIP","floor":11.0},{"not_picked":["Sweeping Beam","Barrage"],"picked":"Steam Power","floor":12.0},{"not_picked":["Rebound","Barrage"],"picked":"Cold Snap","floor":14.0},{"not_picked":["Seek","Meteor Strike"],"picked":"Echo Form","floor":16.0},{"not_picked":["Lockon","Sweeping Beam"],"picked":"Hologram","floor":18.0},{"not_picked":["Rebound","Streamline"],"picked":"Self Repair+1","floor":19.0},{"not_picked":["Gash","Aggregate","Streamline"],"picked":"SKIP","floor":20.0},{"not_picked":["Reinforced Body","Go for the Eyes"],"picked":"Hologram","floor":22.0},{"not_picked":["Fusion","Rebound"],"picked":"Doom and Gloom","floor":23.0},{"not_picked":["Storm","Force Field"],"picked":"Glacier","floor":27.0},{"not_picked":["Chill","Go for the Eyes"],"picked":"Ball Lightning","floor":29.0},{"not_picked":["White Noise","Loop"],"picked":"Cold Snap+1","floor":30.0},{"not_picked":["Auto Shields","Rebound","Streamline"],"picked":"SKIP","floor":31.0},{"not_picked":["Meteor Strike","Buffer"],"picked":"Seek","floor":33.0},{"not_picked":["BootSequence+1","Stack","Streamline+1"],"picked":"SKIP","floor":35},{"not_picked":["Forethought","Purity"],"picked":"Madness","floor":36},{"not_picked":["Transmutation","Finesse"],"picked":"Apotheosis","floor":36},{"not_picked":["Streamline","Go for the Eyes","Beam Cell"],"picked":"SKIP","floor":40},{"not_picked":["White Noise","Streamline","Core Surge"],"picked":"SKIP","floor":42},{"not_picked":["Static Discharge+1","Storm+1"],"picked":"Barrage+1","floor":44},{"not_picked":["Sweeping Beam","Barrage"],"picked":"Compile Driver","floor":46},{"not_picked":["Barrage+1","Redo"],"picked":"Biased Cognition+1","floor":48},{"not_picked":["Rainbow","Self Repair+1"],"picked":"Hologram","floor":54}],"player_experience":530321,"relics_obtained":[{"floor":6.0,"key":"Darkstone Periapt"},{"floor":9.0,"key":"Pantograph"},{"floor":11.0,"key":"StoneCalendar"},{"floor":23.0,"key":"Tiny Chest"},{"floor":29.0,"key":"The Courier"},{"floor":30.0,"key":"Red Mask"},{"floor":38,"key":"Unceasing Top"},{"floor":40,"key":"Frozen Egg 2"},{"floor":42,"key":"Gremlin Horn"},{"floor":43,"key":"Bottled Lightning"},{"floor":46,"key":"Blue Candle"},{"floor":47,"key":"FossilizedHelix"},{"floor":54,"key":"DataDisk"}],"event_choices":[{"damage_healed":0.0,"max_hp_gain":0.0,"max_hp_loss":0.0,"gold_gain":0.0,"event_name":"The Mausoleum","player_choice":"Ignored","floor":25.0,"gold_loss":0.0,"damage_taken":0.0},{"damage_healed":0.0,"max_hp_gain":0.0,"max_hp_loss":0.0,"gold_gain":0.0,"event_name":"Masked Bandits","player_choice":"Fought Bandits","floor":30.0,"gold_loss":0.0,"damage_taken":0.0},{"damage_healed":0,"gold_gain":0,"player_choice":"Memory 3","damage_taken":10,"max_hp_gain":0,"max_hp_loss":0,"event_name":"SensoryStone","floor":36,"gold_loss":0},{"damage_healed":0,"gold_gain":222,"player_choice":"Wore Mask","damage_taken":0,"max_hp_gain":0,"max_hp_loss":0,"event_name":"Tomb of Lord Red Mask","floor":39,"gold_loss":0},{"cards_removed":["Strike_B"],"damage_healed":0,"gold_gain":0,"player_choice":"Purged","damage_taken":0,"max_hp_gain":0,"max_hp_loss":0,"event_name":"Purifier","floor":41,"gold_loss":0}],"is_beta":false,"boss_relics":[{"not_picked":["Inserter","Sozu"],"picked":"Coffee Dripper"},{"not_picked":["Velvet Choker","Black Star"],"picked":"SlaversCollar"}],"items_purged_floors":[13,21],"is_endless":false,"potions_floor_spawned":[3,6,11,12,19,27,29,31,33,35,40,48],"ascension_level":16}}