{"host":"rwmcmr2m88k7tuzm","time":1612479738,"event":{"mods":["Aspiration","BaseMod","BetterRewards","Conspire","Downfall","Hubris","Infinite Spire","Minty Spire (QoL Compilation)","Quick Restart","Replay The Spire","Shop Mod","StSLib","SuperFastMode","The Hayseed"],"gold_per_floor":[129,159,234,83,83,131,153,199,199,211,272,284,296,335,347,498,510,556,607,511,567,7,79,126,126,126,26,94,133,188,248,248,403,403,434,434,414,414,478,478,550,550,600,654,715,404,404,443,443,596,596,629,629,629,629,187,187,187,210,210,260,260,308,357,207,207,305,317,351,363,411,0,26,79,79,81,81,81,81,115,115,197,197,340,340,377,408,408,408,439,475,475,502,502,502,569,569,569,569,569,704,767,786,786,835,835,837,837,873,893,893,913,723,781,731,750,750,878,878,900,920,922,951,808,827,889,973,997,997,1122,1122,1122,1226,1226,1445,1445,1566,1695,1242,1242,648,726,827,926,926,926,188,188,0,31,31,184,184,184,29,79,233],"floor_reached":158,"language":"ENG","playtime":4088,"items_purged":["Strike_R","Defend_R","Defend_R","Defend_R","Defend_R"],"score":4300,"play_id":"435c0789-47c6-4253-9275-bcd1ae9b7e8e","local_time":"20210204230218","is_ascension_mode":false,"campfire_choices":[{"data":"Mayhem","floor":10.0,"key":"SMITH"},{"floor":13.0,"key":"REST"},{"data":"Finesse","floor":15.0,"key":"SMITH"},{"data":"Uppercut","floor":25.0,"key":"SMITH"},{"floor":32.0,"key":"REST"},{"data":"Reaper","floor":40.0,"key":"SMITH"},{"data":"Pummel","floor":42.0,"key":"SMITH"},{"data":"Thunderclap","floor":47.0,"key":"SMITH"},{"data":"Bash","floor":49.0,"key":"SMITH"},{"data":"Clash","floor":58.0,"key":"SMITH"},{"floor":62.0,"key":"DIG"},{"floor":66.0,"key":"DIG"},{"floor":75,"key":"DIG"},{"floor":79,"key":"DIG"},{"floor":81,"key":"DIG"},{"floor":83,"key":"DIG"},{"floor":95,"key":"DIG"},{"data":"infinitespire:DeathsTouch","floor":97,"key":"SMITH"},{"floor":100,"key":"DIG"},{"floor":108,"key":"DIG"},{"floor":117,"key":"DIG"},{"floor":129,"key":"DIG"},{"floor":131,"key":"DIG"},{"floor":134,"key":"DIG"},{"floor":146,"key":"DIG"},{"data":"infinitespire:FutureSight","floor":148,"key":"SMITH"},{"floor":151,"key":"DIG"},{"floor":154,"key":"DIG"}],"circlet_count":1,"master_deck":["Bash+1","Mayhem+1","Shrug It Off","Anger","Finesse+2","Thunderclap","Twin Strike+1","Thunderclap+2","Clash+1","Shrug It Off","Pummel+1","Uppercut+2","Reaper+2","Master of Strategy+2","infinitespire:OneForAll+1","infinitespire:FutureSight+1","infinitespire:DeathsTouch+1","Double Tap+1","ReplayTheSpireMod:Limb From Limb+1","Metallicize+1","infinitespire:Menacing","Dropkick","Survey Options","Bash","Uppercut+1","Apotheosis+1"],"relics":["Burning Blood","Replay:Wax Seal","Replay:Bandana","BargainBundle","Mango","infinitespire:EmpoweringShard","HandDrill","Vajra","infinitespire:Lucky Rock","Singing Bowl","Golden Idol","Juzu Bracelet","hubris:MedicalManual","Lee\u0027s Waffle","MerchantsRug","infinitespire:Midas Blood","Replay:Towering Pillar of Hats","Chameleon Ring","conspire:Dentures","Orichalcum","SlaversCollar","Question Card","Replay:Rubber Ducky","Bag of Preparation","aspiration:StickyExplosives_weak","Paper Frog","Shovel","Sling","Kunai","infinitespire:Broken Mirror","Durian","King of Hearts","Centennial Puzzle","hubris:SlimyHat","MawBank","conspire:SpecialSausage","Anchor","hubris:EmptyBottle","Red Skull","hubris:IronBody","aspiration:RitualStick","Mummified Hand","Replay:Accelerometer","Replay:Baseball","Snack Pack","Self Forming Clay","Black Star","Bottled Flame","hubris:DisguiseKit","infinitespire:PuzzleCube","StoneCalendar","aspiration:Lifesprig","conspire:InfiniteJournal","Garlic","hubris:TinFlute","Tiny House","hubris:ToyBattleship","aspiration:BabyByrd","Circlet","hubris:DeckOfHolding","Pen Nib","Lantern","Prayer Wheel","War Paint","ReplayTheSpireMod:TigerMarble","hubris:FunFungus","aspiration:PoetsPen_weak","ReplayTheSpireMod:Spearhead","aspiration:TomeofQuesting","Happy Flower","infinitespire:EvilPickle","Bag of Marbles","Ancient Tea Set","ReplayTheSpireMod:Lightbulb","PreservedInsect","Toy Ornithopter","Omamori","aspiration:Nostalgia","m_IronCrown","infinitespire:Beetle Shell","aspiration:HatOfInfinitePower","Guide Book","conspire:TopHat","ReplayFunnel","infinitespire:BottledMercury","Another Sword","Matryoshka","Golden Egg","Incense Burner","Red Mask","Replay:Bottled Eggs","Meat on the Bone","Whetstone","Mirror"],"acts_visited":["Exordium","TheCity","TheBeyond","Exordium","TheCity","TheBeyond","Exordium","TheCity","TheBeyond","TheEnding"],"potions_floor_usage":[84,84,101,101,101,101,152,152],"damage_taken":[{"damage":3.0,"enemies":"Small Slimes","floor":1.0,"turns":3.0},{"damage":4.0,"enemies":"Cultist","floor":2.0,"turns":3.0},{"damage":18.0,"enemies":"Lagavulin","floor":6.0,"turns":5.0},{"damage":6.0,"enemies":"Jaw Worm","floor":7.0,"turns":3.0},{"damage":23.0,"enemies":"Gremlin Nob","floor":8.0,"turns":4.0},{"damage":18.0,"enemies":"Lagavulin","floor":11.0,"turns":3.0},{"damage":2.0,"enemies":"Blue Slaver","floor":14.0,"turns":3.0},{"damage":38.0,"enemies":"The Guardian","floor":16.0,"turns":9.0},{"damage":6.0,"enemies":"Chosen","floor":18.0,"turns":3.0},{"damage":0.0,"enemies":"2 Thieves","floor":19.0,"turns":2.0},{"damage":16.0,"enemies":"Shelled Parasite and Fungi","floor":21.0,"turns":3.0},{"damage":9.0,"enemies":"conspire:Head Lice","floor":23.0,"turns":4.0},{"damage":23.0,"enemies":"Snake Plant","floor":24.0,"turns":4.0},{"damage":18.0,"enemies":"conspire:SneckoGhost","floor":28.0,"turns":3.0},{"damage":8.0,"enemies":"Centurion and Healer","floor":29.0,"turns":4.0},{"damage":11.0,"enemies":"3 Cultists","floor":30.0,"turns":4.0},{"damage":16.0,"enemies":"Nightmare","floor":31.0,"turns":5.0},{"damage":64.0,"enemies":"Champ","floor":33.0,"turns":10.0},{"damage":0.0,"enemies":"3 Shapes","floor":35.0,"turns":5.0},{"damage":43.0,"enemies":"3 Darklings","floor":39.0,"turns":6.0},{"damage":11.0,"enemies":"R_Hoarder","floor":41.0,"turns":8.0},{"damage":23.0,"enemies":"Maw","floor":44.0,"turns":7.0},{"damage":32.0,"enemies":"4 Shapes","floor":45.0,"turns":4.0},{"damage":13.0,"enemies":"Sphere and 2 Shapes","floor":48.0,"turns":4.0},{"damage":6.0,"enemies":"Replay:Hell Engine","floor":50.0,"turns":7.0},{"damage":0.0,"enemies":"Cultist","floor":52.0,"turns":1.0},{"damage":0.0,"enemies":"2 Louse","floor":59.0,"turns":1.0},{"damage":0.0,"enemies":"Lagavulin","floor":61.0,"turns":2.0},{"damage":0.0,"enemies":"3 Sentries","floor":63.0,"turns":2.0},{"damage":20.0,"enemies":"Fading Forest","floor":67.0,"turns":11.0},{"damage":0,"enemies":"Spheric Guardian","floor":69,"turns":3},{"damage":10,"enemies":"conspire:FuzzyDice","floor":71,"turns":2},{"damage":17,"enemies":"Snecko","floor":73,"turns":4},{"damage":0,"enemies":"Book of Stabbing","floor":74,"turns":1},{"damage":10,"enemies":"Shelled Parasite and Fungi","floor":80,"turns":2},{"damage":6,"enemies":"Pondfish","floor":84,"turns":3},{"damage":0,"enemies":"3 Darklings","floor":86,"turns":1},{"damage":0,"enemies":"3 Shapes","floor":87,"turns":1},{"damage":0,"enemies":"Maw","floor":90,"turns":3},{"damage":14,"enemies":"R_Hoarder","floor":91,"turns":4},{"damage":0,"enemies":"Spire Growth","floor":93,"turns":2},{"damage":0,"enemies":"2 Orb Walkers","floor":96,"turns":2},{"damage":33,"enemies":"Replay:Hell Engine","floor":101,"turns":4},{"damage":0,"enemies":"2 Louse","floor":103,"turns":1},{"damage":0,"enemies":"conspire:MimicChest","floor":105,"turns":2},{"damage":0,"enemies":"Gremlin Nob","floor":109,"turns":1},{"damage":0,"enemies":"conspire:RoseBush","floor":110,"turns":1},{"damage":0,"enemies":"Small Slimes","floor":112,"turns":1},{"damage":0,"enemies":"Replay:BlueRogue","floor":114,"turns":1},{"damage":0,"enemies":"Blue Slaver","floor":116,"turns":1},{"damage":0,"enemies":"Slime Boss","floor":118,"turns":1},{"damage":0,"enemies":"Chosen","floor":120,"turns":1},{"damage":0,"enemies":"Spheric Guardian","floor":121,"turns":1},{"damage":0,"enemies":"Snecko","floor":123,"turns":1},{"damage":0,"enemies":"Snake Plant","floor":125,"turns":1},{"damage":0,"enemies":"conspire:SneckoGhost","floor":126,"turns":1},{"damage":0,"enemies":"Shelled Parasite and Fungi","floor":127,"turns":1},{"damage":0,"enemies":"conspire:Head Lice","floor":130,"turns":1},{"damage":0,"enemies":"Centurion and Healer","floor":133,"turns":1},{"damage":0,"enemies":"Automaton","floor":135,"turns":2},{"damage":0,"enemies":"3 Darklings","floor":137,"turns":1},{"damage":0,"enemies":"Orb Walker","floor":138,"turns":1},{"damage":6,"enemies":"4 Shapes","floor":142,"turns":1},{"damage":0,"enemies":"Transient","floor":143,"turns":3},{"damage":0,"enemies":"R_Hoarder","floor":144,"turns":1},{"damage":2,"enemies":"Spire Growth","floor":150,"turns":1},{"damage":0,"enemies":"Awakened One","floor":152,"turns":2},{"damage":0,"enemies":"Shield and Spear","floor":156,"turns":1},{"damage":105,"enemies":"The Heart","floor":157,"turns":5}],"seed_played":"-1346839214863812416","potions_obtained":[{"floor":1.0,"key":"Fruit Juice"},{"floor":7.0,"key":"conspire:TimeTravelPotion"},{"floor":8.0,"key":"LiquidMemories"},{"floor":14.0,"key":"Milkshake"},{"floor":19.0,"key":"Block Potion"},{"floor":28.0,"key":"DuplicationPotion"},{"floor":29.0,"key":"Toxic Potion"},{"floor":31.0,"key":"PowerPotion"},{"floor":33.0,"key":"Swift Potion"},{"floor":37.0,"key":"Dexterity Potion"},{"floor":52.0,"key":"LiquidBronze"},{"floor":73,"key":"Guardian:BlockOnCardUsePotion"},{"floor":91,"key":"EssenceOfSteel"},{"floor":102,"key":"SpeedPotion"},{"floor":103,"key":"champ:CounterPotion"},{"floor":125,"key":"Fire Potion"},{"floor":157,"key":"Toxic Potion"}],"is_trial":false,"path_per_floor":["M","M","?","$","?","E","M","E","T","R","E","?","R","M","R","B",null,"M","M","?","M","$","E","M","R","T","$","E","M","M","NM","R","B",null,"M","?","?","T","M","R","E","R","T","M","M","$","R","M","R","B",null,"M","T","?","?","$","?","R","M","T","E","R","E","T","$","R","B",null,"M","?","M","$","M","E","R","?","T","?","R","M","R","T","R","B",null,"M","M","?","AVR","M","E","?","M","T","R","?","R","?","T","R","B",null,"M","?","?","?","?","R","E","M","T","M","$","E","?","M","R","B",null,"M","M","?","M","$","M","E","M","T","R","E","R","?","M","R","B",null,"M","M","$","?","$","M","M","E","T","R","$","R","?","M","R","B",null,"R","$","E","B",null],"character_chosen":"IRONCLAD","items_purchased":["Replay:Wax Seal","Replay:Bandana","BargainBundle","Mayhem","DistilledChaos","AttackPotion","Milkshake","Mango","Shrug It Off","Iron Wave","Anger","Finesse","HandDrill","Lee\u0027s Waffle","MerchantsRug","infinitespire:Midas Blood","aspiration:StickyExplosives_weak","Master of Strategy","Shovel","Sling","hubris:SlimyHat","Anchor","hubris:EmptyBottle","Metallicize","ReplayTheSpireMod:Spearhead","Omamori","aspiration:Nostalgia","infinitespire:Beetle Shell","aspiration:HatOfInfinitePower","Guide Book","conspire:TopHat","Golden Egg","Incense Burner","Apotheosis","Whetstone"],"campfire_rested":2,"item_purchase_floors":[0,0,0,0,0,0,0,0,0,0,0,0,4,22,22,22,46,46,56,56,65,72,72,113,124,139,139,139,141,141,141,147,147,147,155],"current_hp_per_floor":[66,68,59,59,88,76,76,73,73,73,61,37,66,72,72,42,103,103,105,105,95,112,111,96,96,96,96,86,86,83,75,112,54,124,126,126,126,126,107,107,105,105,105,90,79,79,79,87,87,123,138,140,140,140,140,140,140,140,142,142,144,149,151,151,151,151,153,153,155,155,153,153,159,161,161,129,129,129,129,159,159,159,159,165,165,167,169,169,169,171,165,165,175,175,175,177,177,177,177,177,152,182,184,184,186,186,140,140,150,158,158,170,170,178,178,190,190,200,202,206,210,159,171,171,210,220,224,224,224,226,226,226,230,230,232,232,236,240,240,240,240,244,248,248,248,248,248,248,248,252,252,254,254,254,254,256,171],"gold":233,"neow_bonus":"","is_daily":false,"chose_seed":false,"campfire_upgraded":10,"win_rate":0.0,"timestamp":1612479738,"path_taken":["M","M","?","?","?","E","M","E","T","R","E","?","R","M","R","BOSS","M","M","?","M","?","E","M","R","T","$","E","M","M","NM","R","BOSS","M","?","?","?","M","R","E","R","T","M","M","?","R","M","R","BOSS","M","?","?","?","?","?","R","M","T","E","R","E","?","$","R","BOSS","M","?","M","$","M","E","R","?","T","?","R","M","R","?","R","BOSS","M","M","?","AVR","M","E","?","M","T","R","?","R","?","?","R","BOSS","M","?","?","?","?","R","E","M","T","M","$","E","?","M","R","BOSS","M","M","?","M","$","M","E","M","T","R","E","R","?","M","R","BOSS","M","M","$","?","?","M","M","E","T","R","$","R","?","M","R","BOSS","R","$","E","BOSS"],"items_purchased_type":["Relic","Relic","Relic","Card","Potion","Potion","Potion","Relic","Card","Card","Card","Card","Relic","Relic","Relic","Relic","Relic","Card","Relic","Relic","Relic","Relic","Relic","Card","Relic","Relic","Relic","Relic","Relic","Relic","Relic","Relic","Relic","Card","Relic"],"build_version":"2020-12-22","purchased_purges":5,"victory":true,"max_hp_per_floor":[99,99,99,99,99,99,99,99,99,99,99,99,99,101,101,103,103,103,105,105,105,112,114,116,116,116,116,118,120,122,124,124,124,124,126,126,126,126,128,128,130,130,130,132,134,134,134,136,136,138,138,140,140,140,140,140,140,140,142,142,144,149,151,151,151,151,153,153,155,155,157,157,159,161,161,161,161,161,161,163,163,163,163,165,165,167,169,169,169,171,173,173,175,175,175,177,177,177,177,177,177,182,184,184,186,186,186,186,188,190,190,194,194,196,196,200,200,202,202,206,210,210,214,214,218,220,224,224,224,226,226,226,230,230,232,232,236,240,240,240,240,244,248,248,248,248,248,248,248,252,252,254,254,254,254,256,258],"card_choices":[{"not_picked":["Dual Wield","Headbutt"],"picked":"Thunderclap","floor":1.0},{"not_picked":["Sever Soul","Warcry"],"picked":"Twin Strike","floor":2.0},{"not_picked":["Anger","Shrug It Off"],"picked":"Thunderclap","floor":6.0},{"not_picked":["Armaments","Feel No Pain","Run Through"],"picked":"SKIP","floor":7.0},{"not_picked":["Defy Death","Rupture"],"picked":"Clash","floor":8.0},{"not_picked":["Feed","Anger"],"picked":"Shrug It Off","floor":11.0},{"not_picked":["Body Slam","Warcry","Entrench"],"picked":"Singing Bowl","floor":14.0},{"not_picked":["Berserk","conspire:HitWhereItHurts","Juggernaut"],"picked":"Singing Bowl","floor":16.0},{"not_picked":["Dual Wield","Pommel Strike"],"picked":"Pummel","floor":18.0},{"not_picked":["Dropkick","ReplayTheSpireMod:Corrosion Curse","Life Link+1"],"picked":"Singing Bowl","floor":19.0},{"not_picked":["Carnage","Shrug It Off+1"],"picked":"Uppercut","floor":21.0},{"not_picked":["Replay:Undeath\u0027s Touch","Blood for Blood+1","Heavy Blade"],"picked":"Singing Bowl","floor":23.0},{"not_picked":["Replay:Undeath\u0027s Touch","Pommel Strike","Wild Strike"],"picked":"Singing Bowl","floor":24.0},{"not_picked":["Sword Boomerang+1","Reckless Charge","Thunderclap"],"picked":"Singing Bowl","floor":28.0},{"not_picked":["Warcry","True Grit","Pommel Strike"],"picked":"Singing Bowl","floor":29.0},{"not_picked":["Barricade","Replay:Undeath\u0027s Touch","ReplayReversal"],"picked":"Singing Bowl","floor":30.0},{"not_picked":["Flame Barrier","hubris:SharpeningStone","Dark Embrace"],"picked":"Singing Bowl","floor":31.0},{"not_picked":["Brutality","Eclipse"],"picked":"Reaper","floor":33.0},{"not_picked":["Warcry","Feel No Pain","Fire Breathing"],"picked":"Singing Bowl","floor":35.0},{"not_picked":["Shrug It Off","Clothesline","Bloodletting","Body Slam"],"picked":"Singing Bowl","floor":39.0},{"not_picked":["Armaments+1","Sword Boomerang+1","Dark Embrace+1","Second Wind+1"],"picked":"Singing Bowl","floor":41.0},{"not_picked":["hubris:ReadiedAction+1","Replay:Undeath\u0027s Touch+1","Cleave+1","Rage+1"],"picked":"Singing Bowl","floor":44.0},{"not_picked":["Pommel Strike","Replay:Undeath\u0027s Touch","Seeing Red","Clothesline+1"],"picked":"Singing Bowl","floor":45.0},{"not_picked":["Body Slam","Twin Strike+1","Exhume","Perfected Strike+1"],"picked":"Singing Bowl","floor":48.0},{"not_picked":["Demon Form","Berserk","Replay:Many Hands","Bludgeon"],"picked":"Singing Bowl","floor":50.0},{"not_picked":["hubris:ReadiedAction","Whirlwind","Pommel Strike","ReplayTheSpireMod:Strike From Hell"],"picked":"Singing Bowl","floor":52.0},{"not_picked":["Body Slam","Warcry","Iron Wave","Run Through"],"picked":"Singing Bowl","floor":59.0},{"not_picked":["True Grit","Bludgeon","Sword Boomerang","Run Through"],"picked":"Singing Bowl","floor":61.0},{"not_picked":["Shrug It Off","Iron Wave","Body Slam","Rupture"],"picked":"Singing Bowl","floor":63.0},{"not_picked":["Demon Form","Exhume","Corruption","Fiend Fire"],"picked":"Singing Bowl","floor":67.0},{"not_picked":["ReplayTheSpireMod:Strike From Hell","Clothesline","Wild Strike","Twin Strike"],"picked":"Singing Bowl","floor":69},{"not_picked":["Pommel Strike+1","hubris:ReadiedAction","Iron Wave","Sever Soul"],"picked":"Singing Bowl","floor":71},{"not_picked":["Anger","Ghostly Armor","Flex","Rupture"],"picked":"Singing Bowl","floor":73},{"not_picked":["Uppercut","Thunderclap+1","Body Slam","Life Link"],"picked":"Singing Bowl","floor":74},{"not_picked":["Body Slam","Clothesline","Reaper","Anger"],"picked":"Singing Bowl","floor":80},{"not_picked":["hubris:StunningStrike","Limit Break","Reaper","Corruption"],"picked":"Singing Bowl","floor":84},{"not_picked":["ReplayTheSpireMod:Echoes of Time","infinitespire:Starlight"],"picked":"infinitespire:FutureSight","floor":85},{"not_picked":["ReplayTheSpireMod:Strike From Hell","Armaments+1","Headbutt+1","Carnage+1"],"picked":"Singing Bowl","floor":86},{"not_picked":["Twin Strike+1","Anger+1","Defy Death+1","Perfected Strike+1"],"picked":"Singing Bowl","floor":87},{"not_picked":["Cleave+1","Body Slam","ReplayTheSpireMod:Strike From Hell+1","Sword Boomerang+1"],"picked":"Singing Bowl","floor":90},{"not_picked":["infinitespire:OneForAll+1","Clothesline","hubris:SharpeningStone+1","Shrug It Off+1"],"picked":"Singing Bowl","floor":91},{"not_picked":["Pommel Strike","Flex","ReplayReversal","Twin Strike","hexamod:HauntingEcho"],"picked":"Singing Bowl","floor":93},{"not_picked":["Pummel","Ghostly Armor+1","Impervious","Rupture","hexamod:NightmareStrike"],"picked":"Singing Bowl","floor":96},{"not_picked":["Impervious","Bludgeon","Demonic Infusion","hexamod:HexaLevel"],"picked":"Double Tap","floor":101},{"not_picked":["Iron Wave+1","Spot Weakness","Blood for Blood+1","hexamod:SpectersWail"],"picked":"ReplayTheSpireMod:Limb From Limb+1","floor":102},{"not_picked":["Sword Boomerang","Massacre","Power Through","hubris:ReadiedAction","hexamod:SwordOfDarkness"],"picked":"Singing Bowl","floor":103},{"not_picked":["Sentinel","Run Through","Flex","Heavy Blade","hexamod:AdvancingGuard"],"picked":"Singing Bowl","floor":105},{"not_picked":["Exhume","hubris:ReadiedAction","True Grit","Cleave","hexamod:TimeWarp"],"picked":"Singing Bowl","floor":109},{"not_picked":["Metallicize","Feed","Cleave","Anger","hexamod:CatchUp"],"picked":"Singing Bowl","floor":110},{"not_picked":["Dropkick","Hemokinesis","Fire Breathing","Twin Strike","hexamod:HeatMetal"],"picked":"Singing Bowl","floor":112},{"not_picked":["Warcry","Pummel","Heavy Blade","ReplayTheSpireMod:Strike From Hell","hexamod:GhostOfSpireFuture"],"picked":"Singing Bowl","floor":112},{"not_picked":["Run Through","Exhume","Thunderclap","hubris:ReadiedAction","hexamod:ThermalTransfer"],"picked":"Singing Bowl","floor":114},{"not_picked":["Battle Trance","infinitespire:OneForAll","Replay:Undeath\u0027s Touch","Twin Strike","hexamod:ShieldOfDarkness"],"picked":"Singing Bowl","floor":116},{"not_picked":["Headbutt","Replay:Undeath\u0027s Touch","hubris:ReadiedAction","Anger","hexamod:SwordOfDarkness"],"picked":"Singing Bowl","floor":116},{"not_picked":["Demon Form","Corruption","conspire:HitWhereItHurts","hubris:StunningStrike","hexamod:HexaLevel"],"picked":"Singing Bowl","floor":118},{"not_picked":["Replay:Undeath\u0027s Touch","Dual Wield","Perfected Strike+1","Wild Strike","hexamod:Haunt"],"picked":"Singing Bowl","floor":120},{"not_picked":["Replay:Undeath\u0027s Touch","Rampage+1","Seeing Red","Dark Embrace","hexamod:Hexaguard"],"picked":"Singing Bowl","floor":120},{"not_picked":["Reckless Charge","ReplayTheSpireMod:Limb From Limb","Clash","Cleave","hexamod:UnleashSpirits"],"picked":"Singing Bowl","floor":121},{"not_picked":["Anger","ReplayTheSpireMod:Limb From Limb","Replay:Undeath\u0027s Touch","hubris:ReadiedAction","hexamod:PhantomFireball"],"picked":"Singing Bowl","floor":121},{"not_picked":["infinitespire:NeuralNetwork","infinitespire:Collect"],"picked":"infinitespire:Menacing","floor":122},{"not_picked":["Twin Strike","Wild Strike+1","Headbutt+1","Disarm+1","hexamod:Again"],"picked":"Singing Bowl","floor":123},{"not_picked":["Limit Break","Ghostly Armor+1","Spot Weakness","Run Through","hexamod:SpectralAdrenaline"],"picked":"Singing Bowl","floor":123},{"not_picked":["Warcry","Replay:Undeath\u0027s Touch","Twin Strike+1","Body Slam","hexamod:AdvancingGuard"],"picked":"Singing Bowl","floor":125},{"not_picked":["Cleave","Wild Strike","conspire:ExplosiveBarrier+1","Flex+1","hexamod:ThirdSeal"],"picked":"Singing Bowl","floor":125},{"not_picked":["Berserk","Perfected Strike","Run Through","Abandon+1","hexamod:GhostShield"],"picked":"Singing Bowl","floor":126},{"not_picked":["True Grit","Warcry","Run Through","Searing Blow","hexamod:NightmareGuise"],"picked":"Singing Bowl","floor":127},{"not_picked":["Second Wind","Shrug It Off+1","Warcry+1","Whirlwind","hexamod:EmpoweredFlame"],"picked":"Singing Bowl","floor":127},{"not_picked":["Heavy Blade","Reaper","Dark Embrace+1","Iron Wave+1","hexamod:NightmareGuise"],"picked":"Singing Bowl","floor":130},{"not_picked":["Cleave","Rage","Warcry","Body Slam","hexamod:ThermalTransfer"],"picked":"Singing Bowl","floor":133},{"not_picked":["Body Slam","ReplayReversal+1","Iron Wave+1","Warcry","hexamod:ShieldOfDarkness"],"picked":"Singing Bowl","floor":133},{"not_picked":["Berserk","Bludgeon","conspire:HitWhereItHurts","Demonic Infusion","hexamod:ParanormalForm"],"picked":"Singing Bowl","floor":135},{"not_picked":["Havoc+1","ReplayReversal+1","Pommel Strike+1","Flex+1","hexamod:SpectersWail"],"picked":"Singing Bowl","floor":137},{"not_picked":["hubris:SharpeningStone+1","Warcry+1","Heavy Blade+1","Headbutt+1","hexamod:GhostLash"],"picked":"Singing Bowl","floor":137},{"not_picked":["Armaments","Body Slam","Cleave+1","ReplayTheSpireMod:Stacked+1","hexamod:SecondSeal"],"picked":"Singing Bowl","floor":138},{"not_picked":["conspire:ExplosiveBarrier","Ghostly Armor","Fire Breathing+1","Havoc+1","hexamod:SoulSteal"],"picked":"Singing Bowl","floor":138},{"not_picked":["champ:HeartStrike","Flex+1","Heavy Blade+1","Armaments","hexamod:SecondSeal"],"picked":"Singing Bowl","floor":142},{"not_picked":["Cleave","conspire:HitWhereItHurts","Pommel Strike","Battle Trance+1","hexamod:SpectersWail"],"picked":"Singing Bowl","floor":142},{"not_picked":["Wild Strike","Sword Boomerang","Thunderclap+1","Replay:Many Hands","hexamod:SoulSteal"],"picked":"Singing Bowl","floor":143},{"not_picked":["ReplayTheSpireMod:Strike From Hell+1","Havoc+1","Twin Strike","Heavy Blade","hexamod:StepThrough"],"picked":"Singing Bowl","floor":143},{"not_picked":["Sever Soul+1","Warcry+1","Dark Embrace+1","hexamod:HauntingEcho"],"picked":"Uppercut+1","floor":144},{"not_picked":["Flex+1","Dual Wield","Whirlwind+1","hubris:ReadiedAction+1","hexamod:SecondSeal"],"picked":"Singing Bowl","floor":150},{"not_picked":["conspire:ExplosiveBarrier+1","Twin Strike+1","Headbutt","Inflame","hexamod:Haunt"],"picked":"Singing Bowl","floor":150},{"not_picked":["Hemogenesis","Eclipse","champ:VampiricStrike","Offering","hexamod:GhostflameInferno"],"picked":"Singing Bowl","floor":152},{"not_picked":["Sword Boomerang","Uppercut","Searing Blow","Pommel Strike+1","hexamod:Hexaguard"],"picked":"Singing Bowl","floor":156},{"not_picked":["Offering","conspire:HitWhereItHurts","Eclipse","Berserk","hexamod:ParanormalForm"],"picked":"Singing Bowl","floor":157}],"player_experience":197223,"relics_obtained":[{"floor":6.0,"key":"Vajra"},{"floor":8.0,"key":"infinitespire:Lucky Rock"},{"floor":9.0,"key":"MawBank"},{"floor":11.0,"key":"Singing Bowl"},{"floor":23.0,"key":"Replay:Towering Pillar of Hats"},{"floor":26.0,"key":"Chameleon Ring"},{"floor":28.0,"key":"conspire:Dentures"},{"floor":31.0,"key":"Orichalcum"},{"floor":38.0,"key":"Question Card"},{"floor":41.0,"key":"Replay:Rubber Ducky"},{"floor":43.0,"key":"Bag of Preparation"},{"floor":53.0,"key":"Paper Frog"},{"floor":60.0,"key":"Kunai"},{"floor":61.0,"key":"infinitespire:Broken Mirror"},{"floor":62.0,"key":"Durian"},{"floor":63.0,"key":"King of Hearts"},{"floor":64.0,"key":"Centennial Puzzle"},{"floor":66.0,"key":"MawBank"},{"floor":74,"key":"Red Skull"},{"floor":75,"key":"hubris:IronBody"},{"floor":77,"key":"Mummified Hand"},{"floor":79,"key":"Replay:Accelerometer"},{"floor":81,"key":"Replay:Baseball"},{"floor":82,"key":"Snack Pack"},{"floor":83,"key":"Self Forming Clay"},{"floor":91,"key":"hubris:DisguiseKit"},{"floor":91,"key":"infinitespire:PuzzleCube"},{"floor":94,"key":"StoneCalendar"},{"floor":95,"key":"aspiration:Lifesprig"},{"floor":96,"key":"conspire:InfiniteJournal"},{"floor":99,"key":"Garlic"},{"floor":100,"key":"hubris:TinFlute"},{"floor":105,"key":"hubris:ToyBattleship"},{"floor":108,"key":"hubris:DeckOfHolding"},{"floor":109,"key":"Pen Nib"},{"floor":109,"key":"Lantern"},{"floor":111,"key":"Prayer Wheel"},{"floor":114,"key":"War Paint"},{"floor":114,"key":"ReplayTheSpireMod:TigerMarble"},{"floor":117,"key":"hubris:FunFungus"},{"floor":126,"key":"aspiration:TomeofQuesting"},{"floor":126,"key":"Happy Flower"},{"floor":128,"key":"Bag of Marbles"},{"floor":130,"key":"Ancient Tea Set"},{"floor":130,"key":"ReplayTheSpireMod:Lightbulb"},{"floor":131,"key":"PreservedInsect"},{"floor":134,"key":"Toy Ornithopter"},{"floor":144,"key":"ReplayFunnel"},{"floor":144,"key":"infinitespire:BottledMercury"},{"floor":145,"key":"Another Sword"},{"floor":146,"key":"Matryoshka"},{"floor":151,"key":"Replay:Bottled Eggs"},{"floor":154,"key":"Meat on the Bone"},{"floor":156,"key":"Mirror"}],"event_choices":[{"damage_healed":0.0,"max_hp_gain":0.0,"max_hp_loss":0.0,"gold_gain":75.0,"event_name":"FaceTrader","player_choice":"Touch","floor":3.0,"gold_loss":0.0,"damage_taken":9.0},{"damage_healed":0.0,"max_hp_gain":0.0,"max_hp_loss":0.0,"gold_gain":0.0,"event_name":"Golden Idol","player_choice":"Take Damage","floor":12.0,"gold_loss":0.0,"damage_taken":24.0,"relics_obtained":["Golden Idol"]},{"damage_healed":0.0,"max_hp_gain":0.0,"max_hp_loss":0.0,"gold_gain":0.0,"event_name":"WeMeetAgain","player_choice":"Paid Gold","floor":20.0,"gold_loss":108.0,"damage_taken":0.0,"relics_obtained":["hubris:MedicalManual"]},{"cards_removed":["Strike_R"],"damage_healed":0.0,"max_hp_gain":0.0,"max_hp_loss":0.0,"gold_gain":0.0,"event_name":"Purifier","player_choice":"Purged","floor":36.0,"gold_loss":0.0,"damage_taken":0.0},{"damage_healed":0.0,"max_hp_gain":0.0,"max_hp_loss":0.0,"gold_gain":0.0,"event_name":"The Woman in Blue","player_choice":"Bought 1 Potion","floor":37.0,"gold_loss":0.0,"damage_taken":0.0},{"cards_removed":["Strike_R"],"damage_healed":0,"gold_gain":0,"player_choice":"Offered Basic","damage_taken":0,"max_hp_gain":0,"max_hp_loss":0,"event_name":"Bonfire Elementals","floor":70,"gold_loss":0},{"cards_removed":["Strike_R"],"damage_healed":0,"gold_gain":0,"player_choice":"Purged","damage_taken":0,"max_hp_gain":0,"max_hp_loss":0,"event_name":"Purifier","floor":88,"gold_loss":0},{"damage_healed":0,"gold_gain":0,"player_choice":"Fight","damage_taken":0,"max_hp_gain":0,"max_hp_loss":0,"event_name":"Mysterious Sphere","floor":96,"gold_loss":0},{"damage_healed":0,"gold_gain":0,"player_choice":"Leave","damage_taken":0,"max_hp_gain":0,"max_hp_loss":0,"event_name":"conspire:Investor","floor":98,"gold_loss":0},{"damage_healed":0,"gold_gain":0,"player_choice":"Take Damage","damage_taken":46,"relics_obtained":["Circlet"],"max_hp_gain":0,"max_hp_loss":0,"event_name":"Golden Idol","floor":107,"gold_loss":0},{"cards_removed":["Strike_R"],"damage_healed":0,"gold_gain":0,"player_choice":"Card Removal","damage_taken":0,"max_hp_gain":0,"max_hp_loss":0,"event_name":"The Cleric","floor":115,"gold_loss":50},{"damage_healed":0,"gold_gain":0,"player_choice":"Ignored","damage_taken":0,"max_hp_gain":0,"max_hp_loss":0,"event_name":"Ghosts","floor":132,"gold_loss":0},{"damage_healed":0,"gold_gain":0,"player_choice":"3 cards matched","damage_taken":0,"max_hp_gain":0,"max_hp_loss":0,"event_name":"Match and Keep!","floor":140,"gold_loss":0,"cards_obtained":["Dropkick","Survey Options","Bash"]},{"damage_healed":0,"gold_gain":0,"player_choice":"Paid","damage_taken":0,"relics_obtained":["Red Mask"],"max_hp_gain":0,"max_hp_loss":0,"event_name":"Tomb of Lord Red Mask","floor":149,"gold_loss":188}],"is_beta":false,"boss_relics":[{"not_picked":["conspire:SlowCooker","Tiny House"],"picked":"hubris:Backtick"},{"not_picked":["ReplayTheSpireMod:DimensionalGlitch","conspire:RunicOctahedron"],"picked":"SlaversCollar"},{"not_picked":["Astrolabe","hubris:Stopwatch","infinitespire:Burning Sword"]},{"not_picked":["Sozu","aspiration:RitualDagger"],"picked":"conspire:SpecialSausage"},{"not_picked":["hubris:TerracottaHorce","Replay:Ancient Bell"],"picked":"Black Star"},{"not_picked":["Painkiller Herb","aspiration:RunicSpoon"],"picked":"Tiny House"},{"not_picked":["Philosopher\u0027s Stone","Ooze Armor"],"picked":"aspiration:PoetsPen_weak"},{"not_picked":["Abe\u0027s Treasure","hubris:HollowSoul","aspiration:SilentSkillbook"]},{"not_picked":["Replay:Bronze Core","hubris:RunicObelisk","Runic Pyramid"]}],"items_purged_floors":[22,27,72,89,113],"is_endless":true,"potions_floor_spawned":[1,7,8,14,19,28,29,31,33,44,45,52,73,74,80,91,96,103,109,114,125,127,133,135,137,138,142,157],"ascension_level":0}}