{"host":"qksa0nge77ubun9a","time":1612480174,"event":{"mods":["AchievementEnabler","BaseMod","Colored Map","Colored Powertips","Googly Eyes","Highlight Path","Minty Spire (QoL Compilation)","Quick Restart","StSLib"],"gold_per_floor":[116,116,126,126,57,57,98,116,190,190,26,70,88,109,109,109,109],"floor_reached":16,"language":"ENG","playtime":3220,"items_purged":[],"score":159,"play_id":"d2a8e100-a16c-4142-8f30-6169d90ab713","local_time":"20210204150934","is_ascension_mode":true,"campfire_choices":[{"data":"Seeing Red","floor":6.0,"key":"SMITH"},{"floor":15,"key":"REST"}],"circlet_count":0,"master_deck":["Strike_R","Strike_R","Strike_R","Strike_R","Strike_R","Defend_R","Defend_R","Defend_R","Defend_R","Bash","Barricade","Feel No Pain","Dropkick","Seeing Red+1","Shrug It Off","Cleave","Metallicize","Rage","Metallicize","Dual Wield","Entrench"],"relics":["Burning Blood","Golden Idol","Bag of Marbles","Bottled Tornado","Spirit Poop","Mummified Hand"],"acts_visited":["Exordium"],"potions_floor_usage":[],"damage_taken":[{"damage":33.0,"enemies":"Jaw Worm","floor":1.0,"turns":7.0},{"damage":9.0,"enemies":"Small Slimes","floor":3.0,"turns":4.0},{"damage":58.0,"enemies":"Lagavulin","floor":7.0,"turns":11.0},{"damage":5.0,"enemies":"2 Louse","floor":8.0,"turns":3.0},{"damage":11.0,"enemies":"3 Sentries","floor":12.0,"turns":11.0},{"damage":5,"enemies":"Red Slaver","floor":13,"turns":6},{"damage":3,"enemies":"Looter","floor":14,"turns":4},{"damage":36,"enemies":"Hexaghost","floor":16,"turns":16}],"seed_played":"4322332232891796760","potions_obtained":[{"floor":1.0,"key":"ColorlessPotion"},{"floor":7.0,"key":"HeartOfIron"},{"floor":8.0,"key":"Dexterity Potion"}],"is_trial":false,"path_per_floor":["M","?","M","?","$","R","E","M","T","?","$","E","M","M","R","B"],"character_chosen":"IRONCLAD","items_purchased":["Seeing Red","Metallicize","Rage"],"campfire_rested":1,"item_purchase_floors":[5,11,11],"current_hp_per_floor":[45,69,66,66,66,66,14,15,15,15,15,10,11,14,35,0,0],"gold":109,"neow_bonus":"THREE_RARE_CARDS","is_daily":false,"chose_seed":false,"campfire_upgraded":1,"win_rate":0.0,"timestamp":1612480174,"path_taken":["M","?","M","?","$","R","E","M","T","?","$","E","M","M","R","BOSS"],"items_purchased_type":["Card","Card","Card"],"build_version":"2020-12-22","purchased_purges":0,"victory":false,"max_hp_per_floor":[72,72,72,72,72,72,72,72,72,72,72,72,72,72,72,72,72],"card_choices":[{"not_picked":["Limit Break","Berserk"],"picked":"Barricade","floor":0.0},{"not_picked":["Rupture","Wild Strike"],"picked":"Feel No Pain","floor":1.0},{"not_picked":["Reckless Charge","Battle Trance"],"picked":"Dropkick","floor":3.0},{"not_picked":["Cleave","Flex"],"picked":"Shrug It Off","floor":7.0},{"not_picked":["Perfected Strike","Heavy Blade"],"picked":"Cleave","floor":8.0},{"not_picked":["Sever Soul","Second Wind"],"picked":"Metallicize","floor":12.0},{"not_picked":["Carnage","Uppercut"],"picked":"Dual Wield","floor":13},{"not_picked":["Dark Embrace","Clash"],"picked":"Entrench","floor":14}],"player_experience":1324051,"relics_obtained":[{"floor":7.0,"key":"Bag of Marbles"},{"floor":9.0,"key":"Bottled Tornado"},{"floor":12.0,"key":"Mummified Hand"}],"event_choices":[{"damage_healed":24.0,"max_hp_gain":0.0,"max_hp_loss":0.0,"gold_gain":0.0,"event_name":"Big Fish","player_choice":"Banana","floor":2.0,"gold_loss":0.0,"damage_taken":0.0},{"damage_healed":0.0,"max_hp_gain":0.0,"max_hp_loss":0.0,"gold_gain":0.0,"event_name":"Golden Idol","player_choice":"Take Wound","floor":4.0,"gold_loss":0.0,"damage_taken":0.0,"relics_obtained":["Golden Idol"],"cards_obtained":["Injury"]},{"cards_removed":["Injury"],"damage_healed":0.0,"max_hp_gain":0.0,"max_hp_loss":0.0,"gold_gain":0.0,"event_name":"Bonfire Elementals","player_choice":"Offered Curse","floor":10.0,"gold_loss":0.0,"damage_taken":0.0,"relics_obtained":["Spirit Poop"]}],"is_beta":false,"boss_relics":[],"items_purged_floors":[],"is_endless":false,"potions_floor_spawned":[1,7,8],"killed_by":"Hexaghost","ascension_level":9}}