{"host":"ig9h5mtrygw4gu9r","time":1612410654,"event":{"mods":["2.2 Compatiblity","AchievementEnabler","BaseMod","Bestiary","Infinite Spire","Minty Spire (QoL Compilation)","Relic Stats","Replay The Spire","StSLib","The Servant 0.9.4"],"gold_per_floor":[113,113,113,126,226,226,254,254,254,60,60,72,107,127,127,225,225,244,260,260,175,190,190,224,241,241,241,269,269,283,144,144,246,246,258,87,87,104,104,104,104],"floor_reached":40,"language":"ENG","playtime":2666,"items_purged":["Strike_S","Strike_S","Strike_S","Strike_S"],"score":437,"play_id":"86dbe593-1c5f-46bc-acb0-9c1e6f740f30","local_time":"20210203195054","is_ascension_mode":false,"campfire_choices":[{"data":"KidneyShot","floor":6,"key":"SMITH"},{"data":"Revamp","floor":8,"key":"SMITH"},{"data":"Starlight","floor":11,"key":"SMITH"},{"data":"SurpressingFire","floor":15,"key":"SMITH"},{"floor":23,"key":"REST"},{"data":"Potential","floor":29,"key":"SMITH"},{"data":"Rearm","floor":32,"key":"SMITH"}],"circlet_count":0,"master_deck":["Defend_S","Defend_S","Defend_S","Defend_S","KidneyShot+1","Exchange+1","SilverBlades+1","Potential","Revamp+1","Starlight+1","SurpressingFire+1","Moonlight","BestPractice","TimeWarp+1","Potential+1","Foresight+1","ShatteredReality","Rearm+1","Starlight","ShatteredReality","ShatteredReality","Starlight+1","Ricochet+1","Ricochet+1"],"relics":["Uniform","NeowsBlessing","Bag of Preparation","infinitespire:Broken Mirror","MealTicket","SlaversCollar","Divine Protection","Strawberry","Art of War","Happy Flower","Red Mask","Black Star"],"acts_visited":["Exordium","TheCity","TheBeyond"],"potions_floor_usage":[16,24,33],"damage_taken":[{"damage":0,"enemies":"Jaw Worm","floor":1,"turns":1},{"damage":0,"enemies":"Small Slimes","floor":4,"turns":2},{"damage":0,"enemies":"Lagavulin","floor":7,"turns":1},{"damage":0,"enemies":"Cultist","floor":12,"turns":2},{"damage":13,"enemies":"3 Sentries","floor":13,"turns":7},{"damage":7,"enemies":"Exordium Wildlife","floor":14,"turns":2},{"damage":27,"enemies":"Fading Forest","floor":16,"turns":11},{"damage":10,"enemies":"Shell Parasite","floor":18,"turns":3},{"damage":10,"enemies":"3 Byrds","floor":19,"turns":5},{"damage":16,"enemies":"3 Cultists","floor":22,"turns":5},{"damage":4,"enemies":"Book of Stabbing","floor":24,"turns":3},{"damage":10,"enemies":"Chosen and Byrds","floor":25,"turns":5},{"damage":0,"enemies":"Masked Bandits","floor":28,"turns":3},{"damage":11,"enemies":"Shelled Parasite and Fungi","floor":30,"turns":4},{"damage":17,"enemies":"Collector","floor":33,"turns":5},{"damage":0,"enemies":"Orb Walker","floor":35,"turns":2},{"damage":7,"enemies":"3 Darklings","floor":38,"turns":3},{"damage":66,"enemies":"Nemesis","floor":40,"turns":4}],"seed_played":"-9064835543291607555","potions_obtained":[{"floor":7,"key":"FearPotion"},{"floor":13,"key":"PowerPotion"},{"floor":14,"key":"BlessingOfTheForge"},{"floor":16,"key":"Dexterity Potion"},{"floor":24,"key":"Strength Potion"},{"floor":38,"key":"SteroidPotion"}],"is_trial":false,"path_per_floor":["M","?","?","M","?","R","E","R","T","$","R","M","E","M","R","B",null,"M","M","T","?","M","R","E","M","T","AVR","?","R","M","$","R","B",null,"M","$","?","M","?","E"],"character_chosen":"THE_SERVANT","items_purchased":["Starlight","SurpressingFire","ShatteredReality","Ricochet"],"campfire_rested":1,"item_purchase_floors":[10,10,31,36],"current_hp_per_floor":[65,65,65,65,65,65,65,65,65,65,65,65,52,45,45,38,65,55,45,45,52,36,57,53,43,43,43,43,43,32,47,47,30,72,72,72,68,61,61,0,0],"gold":104,"neow_bonus":"THREE_ENEMY_KILL","is_daily":false,"chose_seed":false,"campfire_upgraded":6,"win_rate":0.0,"timestamp":1612410654,"path_taken":["M","?","?","M","?","R","E","R","T","$","R","M","E","M","R","BOSS","M","M","?","?","M","R","E","M","T","AVR","?","R","M","$","R","BOSS","M","$","?","M","?","E"],"items_purchased_type":["Card","Card","Card","Card"],"build_version":"2020-12-22","purchased_purges":4,"victory":false,"max_hp_per_floor":[65,65,65,65,65,65,65,65,65,65,65,65,65,65,65,65,65,65,65,65,72,72,72,72,72,72,72,72,72,72,72,72,72,72,72,72,68,68,68,68,68],"relic_stats":{"Happy Flower":[7],"counters":[18,68],"MealTicket":15,"Bag of Preparation":[30],"Art of War":[1],"Black Star":0,"obtain_stats":[{"SlaversCollar":17,"Divine Protection":20,"NeowsBlessing":0,"Happy Flower":26,"infinitespire:Broken Mirror":9,"Strawberry":21,"MealTicket":13,"Uniform":0,"Bag of Preparation":7,"Art of War":24,"Red Mask":28,"Black Star":34},{"SlaversCollar":7,"Divine Protection":9,"NeowsBlessing":0,"Happy Flower":12,"infinitespire:Broken Mirror":3,"Strawberry":9,"MealTicket":5,"Uniform":0,"Bag of Preparation":3,"Art of War":11,"Red Mask":13,"Black Star":15},{"SlaversCollar":26,"Divine Protection":34,"NeowsBlessing":0,"Happy Flower":47,"infinitespire:Broken Mirror":4,"Strawberry":34,"MealTicket":13,"Uniform":0,"Bag of Preparation":4,"Art of War":42,"Red Mask":50,"Black Star":59}]},"card_choices":[{"not_picked":["Barrier","GearUp"],"picked":"SilverBlades","floor":1},{"not_picked":["ReturningBlade","Unruled"],"picked":"Potential","floor":4},{"not_picked":["Unruled","Dilation"],"picked":"Revamp","floor":7},{"not_picked":["DoubleEdge","Revamp","Alleviate"],"picked":"SKIP","floor":12},{"not_picked":["ShatteredReality","Comet"],"picked":"Moonlight","floor":13},{"not_picked":["Rewind","Unruled","Revamp"],"picked":"SKIP","floor":14},{"not_picked":["Sabotage","ShiftingGears"],"picked":"BestPractice","floor":18},{"not_picked":["DualDimension+1","DoubleEdge+1"],"picked":"TimeWarp+1","floor":19},{"not_picked":["Replace","Unruled+1"],"picked":"Potential","floor":22},{"not_picked":["RealityMarble","Reset"],"picked":"Foresight+1","floor":24},{"not_picked":["Read+1","Unruled"],"picked":"ShatteredReality","floor":25},{"not_picked":["FastForward","Replace"],"picked":"Rearm","floor":28},{"not_picked":["Rewind+1","Gouge"],"picked":"Starlight","floor":30},{"not_picked":["Unruled","StarChef+1"],"picked":"Starlight+1","floor":35},{"not_picked":["Rearm+1","Contraction"],"picked":"Ricochet+1","floor":38}],"player_experience":370850,"relics_obtained":[{"floor":7,"key":"Bag of Preparation"},{"floor":9,"key":"infinitespire:Broken Mirror"},{"floor":13,"key":"MealTicket"},{"floor":20,"key":"Divine Protection"},{"floor":24,"key":"Art of War"},{"floor":26,"key":"Happy Flower"},{"floor":28,"key":"Red Mask"}],"event_choices":[{"damage_healed":0,"gold_gain":0,"player_choice":"Grow","damage_taken":0,"max_hp_gain":0,"max_hp_loss":0,"event_name":"Living Wall","floor":3,"gold_loss":0,"cards_upgraded":["SilverBlades"]},{"damage_healed":0,"gold_gain":100,"player_choice":"Pray","damage_taken":0,"max_hp_gain":0,"max_hp_loss":0,"event_name":"Golden Shrine","floor":5,"gold_loss":0},{"damage_healed":0,"gold_gain":0,"player_choice":"Obtained Relic","damage_taken":0,"relics_obtained":["Strawberry"],"max_hp_gain":0,"max_hp_loss":0,"event_name":"Addict","floor":21,"gold_loss":85},{"damage_healed":0,"gold_gain":0,"player_choice":"Fought Bandits","damage_taken":0,"max_hp_gain":0,"max_hp_loss":0,"event_name":"Masked Bandits","floor":28,"gold_loss":0},{"damage_healed":0,"gold_gain":0,"player_choice":"Max HP","damage_taken":0,"max_hp_gain":0,"max_hp_loss":4,"event_name":"Winding Halls","floor":37,"gold_loss":0},{"damage_healed":0,"gold_gain":0,"player_choice":"Upgraded","damage_taken":0,"max_hp_gain":0,"max_hp_loss":0,"event_name":"Upgrade Shrine","floor":39,"gold_loss":0,"cards_upgraded":["Ricochet"]}],"is_beta":false,"boss_relics":[{"not_picked":["Coffee Dripper","Painkiller Herb"],"picked":"SlaversCollar"},{"not_picked":["Kintsugi","MysterySword"],"picked":"Black Star"}],"items_purged_floors":[10,27,31,36],"is_endless":false,"potions_floor_spawned":[7,13,14,16,19,22,24,30,38],"killed_by":"Nemesis","ascension_level":0}}