{"host":"d0y5v5lostuas3k8","time":1612422975,"event":{"mods":["AchievementEnabler","BaseMod","Colored Map","Colored Powertips","Lobotomy","Minty Spire (QoL Compilation)","Permanent Neow","Quick Restart","StSLib","SuperFastMode"],"gold_per_floor":[117,133,145,155,165,165,194,194,194,207,207,239,239,239,239,343,343,356,368,382,400,175,202,202,202,227,240,271,271,271,271],"floor_reached":30,"language":"KOR","playtime":2267,"items_purged":["Regret"],"score":307,"play_id":"bdcf4689-0e37-4007-8504-caec5ef00a64","local_time":"20210204161615","is_ascension_mode":false,"campfire_choices":[{"data":"Infernal Blade","floor":6.0,"key":"SMITH"},{"data":"Spot Weakness","floor":8.0,"key":"SMITH"},{"data":"Shrug It Off","floor":11.0,"key":"SMITH"},{"data":"Exhume","floor":13.0,"key":"SMITH"},{"data":"Bash","floor":15.0,"key":"SMITH"},{"data":"Seeing Red","floor":25.0,"key":"SMITH"},{"data":"Double Tap","floor":29.0,"key":"SMITH"}],"circlet_count":0,"master_deck":["Strike_R","Strike_R+1","Strike_R","Strike_R+1","Defend_R","Defend_R","Defend_R","Defend_R","Bash+1","VoidDream","Infernal Blade+1","OSAHOGD","Disarm","Spot Weakness+1","Shrug It Off+1","Impervious","Exhume+1","Double Tap+1","Seeing Red+1","Murderer","Warcry+1","Alriune","MHz","Bloodbath"],"relics":["Burning Blood","CogitoBucket","RabbitCall","Whetstone","Happy Flower","Vajra","Paper Frog","Mark of Pain","BehaviorAdjustment","Bag of Preparation","Orichalcum","Bag of Marbles","HornCleat"],"acts_visited":["Exordium","TheCity"],"potions_floor_usage":[30],"damage_taken":[{"damage":1.0,"enemies":"2 Louse","floor":1.0,"turns":3.0},{"damage":0.0,"enemies":"Small Slimes","floor":2.0,"turns":3.0},{"damage":1.0,"enemies":"Cultist","floor":3.0,"turns":5.0},{"damage":7.0,"enemies":"Gremlin Gang","floor":4.0,"turns":6.0},{"damage":10.0,"enemies":"2 Fungi Beasts","floor":5.0,"turns":6.0},{"damage":26.0,"enemies":"Lagavulin","floor":7.0,"turns":10.0},{"damage":5.0,"enemies":"Large Slime","floor":10.0,"turns":8.0},{"damage":4.0,"enemies":"3 Sentries","floor":12.0,"turns":8.0},{"damage":30.0,"enemies":"Slime Boss","floor":16.0,"turns":6.0},{"damage":14.0,"enemies":"Spheric Guardian","floor":18.0,"turns":6.0},{"damage":4.0,"enemies":"Chosen","floor":19.0,"turns":6.0},{"damage":34.0,"enemies":"Snake Plant","floor":20.0,"turns":6.0},{"damage":10.0,"enemies":"3 Cultists","floor":21.0,"turns":5.0},{"damage":0.0,"enemies":"Book of Stabbing","floor":23.0,"turns":2.0},{"damage":6.0,"enemies":"Snecko","floor":27.0,"turns":4.0},{"damage":13.0,"enemies":"Slavers","floor":28.0,"turns":4.0},{"damage":45,"enemies":"Centurion and Healer","floor":30,"turns":4}],"seed_played":"3338936888175019386","potions_obtained":[{"floor":2.0,"key":"BloodPotion"},{"floor":4.0,"key":"Block Potion"},{"floor":7.0,"key":"ColorlessPotion"},{"floor":10.0,"key":"BloodPotion"},{"floor":12.0,"key":"Block Potion"},{"floor":18.0,"key":"Fire Potion"},{"floor":23.0,"key":"SteroidPotion"},{"floor":27.0,"key":"Block Potion"}],"is_trial":false,"path_per_floor":["M","M","M","M","M","R","E","R","T","M","R","E","R","?","R","B",null,"M","M","M","M","$","E","?","R","T","M","E","R","M"],"character_chosen":"IRONCLAD","items_purchased":["Bag of Preparation"],"campfire_rested":0,"item_purchase_floors":[22],"current_hp_per_floor":[80,80,80,79,75,75,55,55,55,56,56,74,74,74,74,50,80,72,74,46,42,42,48,48,48,48,48,41,41,0,0],"gold":271,"neow_bonus":"","is_daily":false,"chose_seed":false,"campfire_upgraded":7,"win_rate":0.0,"timestamp":1612422975,"path_taken":["M","M","M","M","M","R","E","R","T","M","R","E","R","?","R","BOSS","M","M","M","M","$","E","?","R","T","M","E","R","M"],"items_purchased_type":["Relic"],"build_version":"2020-12-22","purchased_purges":1,"victory":false,"max_hp_per_floor":[80,80,80,80,80,80,80,80,80,80,80,80,80,80,80,80,80,80,80,80,80,80,80,80,80,80,80,80,80,80,80],"card_choices":[{"not_picked":["CherryBlossoms","MeatLantern","RedShoes"],"picked":"Singing Bowl","floor":1.0},{"not_picked":["ShyLook","PunishingBird"],"picked":"VoidDream","floor":1.0},{"not_picked":["Perfected Strike","Intimidate"],"picked":"Infernal Blade","floor":1.0},{"not_picked":["Scorched","HappyTeddy","BeautyBeast"],"picked":"Singing Bowl","floor":2.0},{"not_picked":["ShyLook","MeatLantern"],"picked":"OSAHOGD","floor":2.0},{"not_picked":["Reckless Charge","Rampage","Dual Wield"],"picked":"SKIP","floor":2.0},{"not_picked":["SpiderBud","MHz","CherryBlossoms"],"picked":"Singing Bowl","floor":3.0},{"not_picked":["Whirlwind","Headbutt"],"picked":"Disarm","floor":3.0},{"not_picked":["Porccubus","HappyTeddy","PunishingBird"],"picked":"Singing Bowl","floor":4.0},{"not_picked":["Sword Boomerang","Flex"],"picked":"Spot Weakness","floor":4.0},{"not_picked":["UniverseFragment","SpiderBud","NakedNest"],"picked":"Singing Bowl","floor":5.0},{"not_picked":["Evolve","Immolate"],"picked":"Shrug It Off","floor":5.0},{"not_picked":["Carnage","Bloodletting"],"picked":"Impervious","floor":7.0},{"not_picked":["Scorched","SpiderBud","PunishingBird"],"picked":"Singing Bowl","floor":7.0},{"not_picked":["OldLady","LaLuna","Murderer"],"picked":"Singing Bowl","floor":10.0},{"not_picked":["Bloodletting","Evolve","Wild Strike"],"picked":"SKIP","floor":10.0},{"not_picked":["Dual Wield","Infernal Blade"],"picked":"Exhume","floor":12.0},{"not_picked":["FairyFestival","QueenBee","Bloodbath"],"picked":"Singing Bowl","floor":12.0},{"not_picked":["BeautyBeast","Funeral","CherryBlossoms"],"picked":"Singing Bowl","floor":16.0},{"not_picked":["Demon Form","Limit Break"],"picked":"Double Tap","floor":16.0},{"not_picked":["MeatLantern","BigBadWolf","GalaxyChild"],"picked":"Singing Bowl","floor":18.0},{"not_picked":["Clash","Twin Strike"],"picked":"Seeing Red","floor":18.0},{"not_picked":["CherryBlossoms","Murderer","Laetitia"],"picked":"Singing Bowl","floor":19.0},{"not_picked":["Clash","Cleave","Combust"],"picked":"SKIP","floor":19.0},{"not_picked":["WhiteNight","Woodsman"],"picked":"Murderer","floor":20.0},{"not_picked":["Reckless Charge","Sword Boomerang","Second Wind"],"picked":"SKIP","floor":20.0},{"not_picked":["Scarecrow","BeautyBeast","UniverseFragment"],"picked":"Singing Bowl","floor":21.0},{"not_picked":["Sentinel","Warcry","Clothesline"],"picked":"SKIP","floor":21.0},{"not_picked":["Ghostly Armor+1","Blood for Blood"],"picked":"Warcry+1","floor":23.0},{"not_picked":["SingingMachine","NakedNest","RedShoes"],"picked":"Singing Bowl","floor":23.0},{"not_picked":["MeatLantern","LaLuna"],"picked":"Alriune","floor":23.0},{"not_picked":["BlackArmy","Woodsman","OldLady"],"picked":"Singing Bowl","floor":27.0},{"not_picked":["CENSORED","UniverseFragment"],"picked":"MHz","floor":27.0},{"not_picked":["Double Tap","Clash","Heavy Blade"],"picked":"SKIP","floor":27.0},{"not_picked":["Wellcheers","WallGazer","FairyFestival"],"picked":"Singing Bowl","floor":28.0},{"not_picked":["Wellcheers","SnowQueen"],"picked":"Bloodbath","floor":28.0},{"not_picked":["Bloodletting+1","Wild Strike","Perfected Strike+1"],"picked":"SKIP","floor":28.0}],"player_experience":249960,"relics_obtained":[{"floor":7.0,"key":"Whetstone"},{"floor":9.0,"key":"Happy Flower"},{"floor":12.0,"key":"Vajra"},{"floor":23.0,"key":"Orichalcum"},{"floor":26.0,"key":"Bag of Marbles"},{"floor":28.0,"key":"HornCleat"}],"event_choices":[{"damage_healed":0.0,"max_hp_gain":0.0,"max_hp_loss":0.0,"gold_gain":0.0,"event_name":"Big Fish","player_choice":"Box","floor":14.0,"gold_loss":0.0,"damage_taken":0.0,"relics_obtained":["Paper Frog"],"cards_obtained":["Regret"]},{"cards_removed":["Strike_R"],"damage_healed":0.0,"max_hp_gain":0.0,"max_hp_loss":0.0,"gold_gain":0.0,"event_name":"Purifier","player_choice":"Purged","floor":24.0,"gold_loss":0.0,"damage_taken":0.0}],"is_beta":false,"boss_relics":[{"not_picked":["Runic Pyramid","Empty Cage"],"picked":"Mark of Pain"}],"items_purged_floors":[22],"is_endless":false,"potions_floor_spawned":[2,4,7,10,12,18,19,23,27],"killed_by":"Centurion and Healer","ascension_level":0}}