{"host":"fxrgx7wt2cpkbhka","time":1612418804,"event":{"mods":["AchievementEnabler","BaseMod","Colored Powertips","Minty Spire (QoL Compilation)","Permanent Neow","Quick Restart","Slay-I","StSLib","Waifu the Spire"],"gold_per_floor":[111,123,142,24,38,38,38,63,63,79,98,98,49,63,63,63,63],"floor_reached":16,"language":"ENG","playtime":448,"items_purged":[],"score":180,"play_id":"83ad1ec5-c4e6-4700-804d-2d2de76d9713","local_time":"20210203220644","is_ascension_mode":true,"campfire_choices":[{"data":"Feed","floor":6,"key":"SMITH"},{"data":"Inflame","floor":12,"key":"SMITH"},{"data":"Armaments","floor":15,"key":"SMITH"}],"circlet_count":0,"master_deck":["AscendersBane","Strike_R","Strike_R","Strike_R","Strike_R","Strike_R","Defend_R","Defend_R","Defend_R","Defend_R","Bash","Feed+1","Wild Strike","Flex","Dropkick","Inflame+1","Clash","Armaments+1","Iron Wave","Flex"],"relics":["Burning Blood","Omamori","Lantern"],"acts_visited":["Exordium"],"potions_floor_usage":[14,16],"damage_taken":[{"damage":0,"enemies":"Cultist","floor":1,"turns":4},{"damage":12,"enemies":"Jaw Worm","floor":2,"turns":3},{"damage":3,"enemies":"2 Louse","floor":3,"turns":3},{"damage":17,"enemies":"Looter","floor":5,"turns":3},{"damage":11,"enemies":"Exordium Thugs","floor":10,"turns":4},{"damage":7,"enemies":"3 Louse","floor":11,"turns":2},{"damage":17,"enemies":"Lots of Slimes","floor":14,"turns":6},{"damage":65,"enemies":"Hexaghost","floor":16,"turns":9}],"seed_played":"-8057913105226949569","potions_obtained":[{"floor":1,"key":"Dexterity Potion"},{"floor":3,"key":"SneckoOil"}],"is_trial":false,"path_per_floor":["M","M","M","$","M","R","?","T","T","M","M","R","$","M","R","B"],"character_chosen":"IRONCLAD","items_purchased":["Inflame","Clash","Flex"],"campfire_rested":0,"item_purchase_floors":[4,4,13],"current_hp_per_floor":[81,78,84,84,76,76,69,69,69,68,71,71,71,64,64,0,0],"gold":63,"neow_bonus":"ONE_RANDOM_RARE_CARD","is_daily":false,"chose_seed":false,"campfire_upgraded":3,"win_rate":0.0,"timestamp":1612418804,"path_taken":["M","M","M","$","M","R","?","?","T","M","M","R","$","M","R","BOSS"],"items_purchased_type":["Card","Card","Card"],"build_version":"2020-12-22","purchased_purges":0,"victory":false,"max_hp_per_floor":[83,86,89,89,92,92,92,92,92,96,100,100,100,104,104,104,104],"card_choices":[{"not_picked":["Evolve","Perfected Strike"],"picked":"Wild Strike","floor":1},{"not_picked":["Twin Strike","Pommel Strike"],"picked":"Flex","floor":2},{"not_picked":["Headbutt","Reckless Charge"],"picked":"Dropkick","floor":3},{"not_picked":["Pommel Strike","Bloodletting","Searing Blow"],"picked":"SKIP","floor":5},{"not_picked":["Headbutt","Second Wind"],"picked":"Armaments","floor":10},{"not_picked":["Sentinel","Corruption"],"picked":"Iron Wave","floor":11},{"not_picked":["Perfected Strike","Wild Strike","Pummel"],"picked":"SKIP","floor":14}],"player_experience":742510,"relics_obtained":[{"floor":8,"key":"Lantern"}],"event_choices":[{"damage_healed":0,"gold_gain":0,"player_choice":"Success","damage_taken":7,"relics_obtained":["Omamori"],"max_hp_gain":0,"max_hp_loss":0,"event_name":"Scrap Ooze","floor":7,"gold_loss":0}],"is_beta":false,"boss_relics":[],"items_purged_floors":[],"is_endless":false,"potions_floor_spawned":[1,3],"killed_by":"Hexaghost","ascension_level":13}}