{"host":"hs5g5f0q56ds4vmn","time":1612449677,"event":{"mods":["AchievementEnabler","BaseMod","DeckTracker","Highlight Path","Minty Spire (QoL Compilation)","SuperFastMode","everything is the same but u backflip on backflip"],"gold_per_floor":[112,187,187,187,187,187,220,220,246,267,267,267],"floor_reached":11,"language":"KOR","playtime":198,"items_purged":[],"score":141,"play_id":"2d5ad3a1-19ac-4ce3-a8dd-fd0a320de2fd","local_time":"20210204234117","is_ascension_mode":true,"campfire_choices":[{"data":"Dualcast","floor":6,"key":"SMITH"},{"data":"Auto Shields","floor":8,"key":"SMITH"}],"circlet_count":0,"master_deck":["AscendersBane","Strike_B","Strike_B","Strike_B","Defend_B","Defend_B","Defend_B","Defend_B","Zap","Dualcast+1","Cold Snap","Auto Shields+1","Glacier"],"relics":["Cracked Core","NeowsBlessing","Golden Idol","Pantograph","Ancient Tea Set","Orichalcum"],"acts_visited":["Exordium"],"potions_floor_usage":[],"damage_taken":[{"damage":0,"enemies":"2 Louse","floor":1,"turns":1},{"damage":0,"enemies":"Lagavulin","floor":7,"turns":1},{"damage":0,"enemies":"Small Slimes","floor":10,"turns":1},{"damage":59,"enemies":"Gremlin Nob","floor":11,"turns":7}],"seed_played":"5761648798361778842","potions_obtained":[],"is_trial":false,"path_per_floor":["M","?","?","?","T","R","E","R","T","M","E"],"character_chosen":"DEFECT","items_purchased":[],"campfire_rested":0,"item_purchase_floors":[],"current_hp_per_floor":[68,57,39,32,32,32,32,32,32,32,0,0],"gold":267,"neow_bonus":"THREE_ENEMY_KILL","is_daily":false,"chose_seed":false,"campfire_upgraded":2,"win_rate":0.0,"timestamp":1612449677,"path_taken":["M","?","?","?","?","R","E","R","T","?","E"],"items_purchased_type":[],"build_version":"2020-12-22","purchased_purges":0,"victory":false,"max_hp_per_floor":[75,75,75,75,75,75,75,75,75,75,75,75],"card_choices":[{"not_picked":["Coolheaded","Double Energy"],"picked":"Cold Snap","floor":1},{"not_picked":["Hologram","Steam"],"picked":"Auto Shields","floor":7},{"not_picked":["Self Repair","Stack"],"picked":"Glacier","floor":10}],"player_experience":576691,"relics_obtained":[{"floor":5,"key":"Pantograph"},{"floor":7,"key":"Ancient Tea Set"},{"floor":9,"key":"Orichalcum"}],"event_choices":[{"damage_healed":0,"gold_gain":75,"player_choice":"Gather Gold","damage_taken":11,"max_hp_gain":0,"max_hp_loss":0,"event_name":"World of Goop","floor":2,"gold_loss":0},{"damage_healed":0,"gold_gain":0,"player_choice":"Take Damage","damage_taken":18,"relics_obtained":["Golden Idol"],"max_hp_gain":0,"max_hp_loss":0,"event_name":"Golden Idol","floor":3,"gold_loss":0},{"cards_removed":["Strike_B"],"damage_healed":0,"gold_gain":0,"player_choice":"Card Removal","damage_taken":7,"max_hp_gain":0,"max_hp_loss":0,"event_name":"Golden Wing","floor":4,"gold_loss":0}],"is_beta":false,"boss_relics":[],"items_purged_floors":[],"is_endless":false,"potions_floor_spawned":[],"killed_by":"Gremlin Nob","ascension_level":10}}