{"host":"oor112x12afcc54z","time":1612435043,"event":{"mods":["AchievementEnabler","BaseMod","DeckTracker","Keyboard Shortcuts","Minty Spire (QoL Compilation)","SuperFastMode"],"gold_per_floor":[118,49,49,49,49,49,80,80,80,116,116,41,41,85,85,211,211,224,224,75,75,88,88,103,103,103,103,122,22,22,57,57,181,181,199,532,331,331,331,331],"floor_reached":39,"language":"KOR","playtime":792,"items_purged":["Strike_P","Strike_P","Strike_P"],"score":771,"play_id":"c41da395-034a-438c-8230-70259dc7a741","local_time":"20210204193723","is_ascension_mode":true,"campfire_choices":[{"data":"Eruption","floor":6.0,"key":"SMITH"},{"data":"SignatureMove","floor":8.0,"key":"SMITH"},{"data":"MentalFortress","floor":11.0,"key":"SMITH"},{"data":"Vigilance","floor":13.0,"key":"SMITH"},{"floor":15.0,"key":"RECALL"},{"floor":23,"key":"REST"},{"data":"Defend_P","floor":25,"key":"PURGE"},{"data":"MentalFortress","floor":27,"key":"SMITH"},{"floor":30,"key":"REST"},{"data":"Defend_P+1","floor":32,"key":"PURGE"}],"circlet_count":0,"master_deck":["AscendersBane","Strike_P+1","Defend_P+1","Defend_P+1","Eruption+1","Vigilance+1","SignatureMove+1","MentalFortress+1","CurseOfTheBell","MentalFortress+1","InnerPeace"],"relics":["PureWater","NeowsBlessing","Pen Nib","Bag of Preparation","Ice Cream","Anchor","Calling Bell","Omamori","StrikeDummy","Peace Pipe","War Paint","Bag of Marbles","Bottled Tornado","Pocketwatch","Sozu"],"acts_visited":["Exordium","TheCity","TheBeyond"],"potions_floor_usage":[22,31,33],"damage_taken":[{"damage":0.0,"enemies":"Small Slimes","floor":1.0,"turns":2.0},{"damage":0.0,"enemies":"3 Sentries","floor":7.0,"turns":2.0},{"damage":0.0,"enemies":"Gremlin Nob","floor":10.0,"turns":1.0},{"damage":11.0,"enemies":"3 Sentries","floor":14.0,"turns":4.0},{"damage":26.0,"enemies":"Hexaghost","floor":16.0,"turns":11.0},{"damage":0,"enemies":"Chosen","floor":18,"turns":3},{"damage":37,"enemies":"3 Byrds","floor":22,"turns":5},{"damage":0,"enemies":"Centurion and Healer","floor":24,"turns":3},{"damage":6,"enemies":"Cultist and Chosen","floor":28,"turns":5},{"damage":2,"enemies":"Book of Stabbing","floor":31,"turns":2},{"damage":38,"enemies":"Champ","floor":33,"turns":9},{"damage":29,"enemies":"3 Shapes","floor":35,"turns":4},{"damage":23,"enemies":"3 Darklings","floor":39,"turns":2}],"seed_played":"1238192513472260380","potions_obtained":[{"floor":14.0,"key":"Strength Potion"},{"floor":18,"key":"ColorlessPotion"},{"floor":22,"key":"Weak Potion"},{"floor":31,"key":"Fire Potion"}],"is_trial":false,"path_per_floor":["M","?","$","?","?","R","E","R","T","E","R","$","R","E","R","B",null,"M","?","$","?","M","R","M","R","T","R","M","$","R","E","R","B",null,"M","?","$","?","M"],"character_chosen":"WATCHER","items_purchased":["Bag of Marbles","InnerPeace"],"campfire_rested":2,"item_purchase_floors":[20,37],"current_hp_per_floor":[65,65,65,65,52,52,52,52,52,52,52,52,52,41,41,15,54,54,54,54,48,11,31,31,31,31,31,25,25,45,43,43,5,52,23,23,23,23,0,0],"gold":331,"neow_bonus":"THREE_ENEMY_KILL","is_daily":false,"chose_seed":false,"campfire_upgraded":5,"win_rate":0.0,"timestamp":1612435043,"path_taken":["M","?","?","?","?","R","E","R","T","E","R","$","R","E","R","BOSS","M","?","$","?","?","R","M","R","T","R","M","?","R","E","R","BOSS","M","?","$","?","M"],"items_purchased_type":["Relic","Card"],"build_version":"2020-12-22","purchased_purges":3,"victory":false,"max_hp_per_floor":[72,72,72,67,67,67,67,67,67,67,67,67,67,67,67,67,67,67,67,67,67,67,67,67,67,67,67,67,67,67,67,67,67,67,67,67,67,67,67,67],"card_choices":[{"not_picked":["Consecrate","Pray","SashWhip"],"picked":"SKIP","floor":1.0},{"not_picked":["EmptyMind","SashWhip"],"picked":"SignatureMove","floor":7.0},{"not_picked":["DeceiveReality","FollowUp"],"picked":"MentalFortress","floor":10.0},{"not_picked":["FearNoEvil","WreathOfFlame","Brilliance"],"picked":"SKIP","floor":14.0},{"not_picked":["WreathOfFlame","Tantrum"],"picked":"MentalFortress","floor":18},{"not_picked":["ThirdEye","Indignation+1","Swivel"],"picked":"SKIP","floor":22},{"not_picked":["Protect","WreathOfFlame+1","FlurryOfBlows"],"picked":"SKIP","floor":24},{"not_picked":["EmptyMind","FearNoEvil","Pray+1"],"picked":"SKIP","floor":28},{"not_picked":["WindmillStrike+1","Halt","Protect"],"picked":"SKIP","floor":31},{"not_picked":["Evaluate","Sanctity","BowlingBash"],"picked":"SKIP","floor":35}],"player_experience":443664,"relics_obtained":[{"floor":7.0,"key":"Bag of Preparation"},{"floor":10.0,"key":"Ice Cream"},{"floor":14.0,"key":"Anchor"},{"floor":17,"key":"Omamori"},{"floor":17,"key":"StrikeDummy"},{"floor":17,"key":"Peace Pipe"},{"floor":26,"key":"Bottled Tornado"},{"floor":31,"key":"Pocketwatch"}],"event_choices":[{"damage_healed":0.0,"max_hp_gain":0.0,"max_hp_loss":0.0,"gold_gain":0.0,"event_name":"WeMeetAgain","player_choice":"Paid Gold","floor":2.0,"gold_loss":69.0,"damage_taken":0.0,"relics_obtained":["Pen Nib"]},{"damage_healed":0.0,"max_hp_gain":0.0,"max_hp_loss":5.0,"gold_gain":0.0,"event_name":"Golden Idol","player_choice":"Lose Max HP","floor":4.0,"gold_loss":0.0,"damage_taken":0.0,"relics_obtained":["Golden Idol"]},{"damage_healed":0.0,"max_hp_gain":0.0,"max_hp_loss":0.0,"gold_gain":0.0,"event_name":"Shining Light","player_choice":"Entered Light","floor":5.0,"gold_loss":0.0,"damage_taken":13.0,"cards_upgraded":["Defend_P","Strike_P"]},{"damage_healed":0,"gold_gain":0,"player_choice":"Opened","damage_taken":0,"relics_obtained":["War Paint"],"max_hp_gain":0,"max_hp_loss":0,"event_name":"The Mausoleum","floor":19,"gold_loss":0,"cards_obtained":["Writhe"]},{"damage_healed":0,"gold_gain":0,"player_choice":"","damage_taken":6,"max_hp_gain":0,"max_hp_loss":0,"event_name":"Knowing Skull","floor":21,"potions_obtained":[],"gold_loss":0,"cards_obtained":[]},{"damage_healed":0,"gold_gain":333,"player_choice":"Gave Idol","damage_taken":0,"max_hp_gain":0,"max_hp_loss":0,"event_name":"The Moai Head","floor":36,"relics_lost":["Golden Idol"],"gold_loss":0},{"damage_healed":0,"gold_gain":0,"player_choice":"Ignored","damage_taken":0,"max_hp_gain":0,"max_hp_loss":0,"event_name":"Mysterious Sphere","floor":38,"gold_loss":0}],"is_beta":false,"boss_relics":[{"not_picked":["Ectoplasm","Pandora\u0027s Box"],"picked":"Calling Bell"},{"not_picked":["HolyWater","Velvet Choker"],"picked":"Sozu"}],"items_purged_floors":[12,29,37],"is_endless":false,"potions_floor_spawned":[14,18,22,31],"killed_by":"3 Darklings","ascension_level":12}}