{"host":"vhw5fdvi8l2afono","time":1612427110,"event":{"mods":["100% Spire Juice","Act Like it!","BaseMod","Gensokyo","Minty Spire (QoL Compilation)","Reimu£®≤©¿ˆ¡È√Œ£©","Shop Mod","StSLib","Waifu the Spire","[IsaacMod]“‘»ˆº‚À˛","°æ“≈ŒÔø®≈∆°øREMEMod"],"gold_per_floor":[110,123,137,137,151,151,170,200,200,200,200,235,235,253,253,355,355,366,366,366,384,384,384,398,422,470,504,523,550,569,589,611,711,711,727,727,737,737,757,784,784,799,799,799,815,842,842,173,173,173],"floor_reached":51,"language":"ZHS","playtime":2385,"items_purged":["Strike_Lin:ReiMu"],"score":1208,"play_id":"38b46ea1-00ef-474f-a362-cbab7442e165","local_time":"20210204162509","is_ascension_mode":true,"campfire_choices":[{"data":"Dreaming2:ReiMu","floor":6.0,"key":"SMITH"},{"data":"BloodyBrimstone","floor":10.0,"key":"SMITH"},{"floor":13.0,"key":"REST"},{"data":"SubcavityFantasy:ReiMu","floor":15.0,"key":"SMITH"},{"floor":23.0,"key":"REST"},{"data":"Free:ReiMu","floor":32.0,"key":"SMITH"},{"data":"REME_EyeOfCthun","floor":41.0,"key":"SMITH"},{"data":"OctopathBindingBorder2:ReiMu","floor":49,"key":"SMITH"}],"circlet_count":0,"master_deck":["Strike_Lin:ReiMu","Strike_Lin:ReiMu","Defend_Lin:ReiMu","Defend_Lin:ReiMu+1","Defend_Lin:ReiMu","Defend_Lin:ReiMu","NB:ReiMu+1","Stagnation:ReiMu","BloodyBrimstone+1","Seek+1","Conquer:ReiMu+1","SubcavityFantasy:ReiMu+1","PayForSelf:ReiMu","Dreaming2:ReiMu+1","LearningPray:ReiMu","Conquer:ReiMu","CeremonyResonance:ReiMu","MikOfLucky:ReiMu+1","Conquer:ReiMu","Free:ReiMu+1","AlertArray:ReiMu+1","Free:ReiMu","REME_EyeOfCthun+1","Madness","Madness","ShadowOfCrow2:ReiMu","Crusade:ReiMu+1","OctopathBindingBorder2:ReiMu+1"],"relics":["REME_ComplimentaryCards","HushsDoor","Snecko Eye","Potion Belt","Pantograph","War Paint","Philosopher\u0027s Stone","Bow_fan:ReiMu","Art of War","Regal Pillow","Boot","BloodBag","MagicMushroom","BlankCard","Juzu Bracelet","Bag of Preparation","Lee\u0027s Waffle","HowToJump","Vajra"],"acts_visited":["Exordium","TheCity","TheBeyond"],"potions_floor_usage":[42,50],"damage_taken":[{"damage":1.0,"enemies":"Cultist","floor":1.0,"turns":4.0},{"damage":0.0,"enemies":"Jaw Worm","floor":2.0,"turns":3.0},{"damage":12.0,"enemies":"Small Slimes","floor":3.0,"turns":3.0},{"damage":2.0,"enemies":"Gremlin Gang","floor":5.0,"turns":3.0},{"damage":0.0,"enemies":"Large Slime","floor":7.0,"turns":3.0},{"damage":10.0,"enemies":"Lagavulin","floor":8.0,"turns":5.0},{"damage":10.0,"enemies":"Gremlin Nob","floor":12.0,"turns":3.0},{"damage":0.0,"enemies":"Red Slaver","floor":14.0,"turns":2.0},{"damage":18.0,"enemies":"The Guardian","floor":16.0,"turns":7.0},{"damage":24.0,"enemies":"2 Thieves","floor":18.0,"turns":3.0},{"damage":6.0,"enemies":"Shell Parasite","floor":21.0,"turns":4.0},{"damage":3.0,"enemies":"Centurion and Healer","floor":24.0,"turns":6.0},{"damage":8.0,"enemies":"Slavers","floor":27.0,"turns":2.0},{"damage":4.0,"enemies":"Chosen and Byrds","floor":28.0,"turns":5.0},{"damage":0.0,"enemies":"Gremlin Leader","floor":29.0,"turns":4.0},{"damage":0.0,"enemies":"Sentry and Sphere","floor":30.0,"turns":3.0},{"damage":3.0,"enemies":"Snake Plant","floor":31.0,"turns":4.0},{"damage":0.0,"enemies":"Automaton","floor":33.0,"turns":6.0},{"damage":11.0,"enemies":"3 Shapes","floor":35.0,"turns":6.0},{"damage":0.0,"enemies":"Orb Walker","floor":37.0,"turns":3.0},{"damage":7.0,"enemies":"Sphere and 2 Shapes","floor":39.0,"turns":2.0},{"damage":1.0,"enemies":"Reptomancer","floor":40.0,"turns":4.0},{"damage":0,"enemies":"Writhing Mass","floor":42,"turns":3},{"damage":0,"enemies":"3 Darklings","floor":45,"turns":2},{"damage":10,"enemies":"Nemesis","floor":46,"turns":5},{"damage":9,"enemies":"Time Eater","floor":50,"turns":7}],"seed_played":"-8630511142577019441","potions_obtained":[{"floor":1.0,"key":"BottledKami:ReiMu"},{"floor":2.0,"key":"DistilledChaos"},{"floor":5.0,"key":"LiquidMemories"},{"floor":12.0,"key":"PowerPotion"},{"floor":14.0,"key":"SteroidPotion"},{"floor":20.0,"key":"EssenceOfSteel"},{"floor":20.0,"key":"DuplicationPotion"},{"floor":20.0,"key":"Swift Potion"},{"floor":24.0,"key":"SpeedPotion"},{"floor":28.0,"key":"DuplicationPotion"},{"floor":33.0,"key":"Explosive Potion"},{"floor":35.0,"key":"LiquidFlight:ReiMu"},{"floor":45,"key":"LiquidFlight:ReiMu"},{"floor":46,"key":"SmokeBomb"}],"is_trial":false,"path_per_floor":["M","M","M","?","M","R","M","E","T","R","?","E","R","M","R","B",null,"M","?","?","M","?","R","M","T","T","E","M","E","M","M","R","B",null,"M","?","M","?","M","E","R","M","T","?","M","E","?","$","R","B",null],"character_chosen":"REIMU","items_purchased":["Lee\u0027s Waffle","OctopathBindingBorder2:ReiMu","HowToJump","LiquidMemories","Vajra"],"campfire_rested":2,"item_purchase_floors":[48,48,48,48,48],"current_hp_per_floor":[58,58,46,46,44,44,44,34,34,34,34,24,41,41,41,41,55,31,31,31,25,25,41,38,38,38,30,26,26,26,23,27,52,63,53,53,54,46,40,40,40,41,41,41,42,33,33,65,65,56],"gold":173,"neow_bonus":"BOSS_RELIC","is_daily":false,"chose_seed":false,"campfire_upgraded":6,"win_rate":0.0,"timestamp":1612427109,"path_taken":["M","?","M","?","?","R","M","E","T","R","?","E","R","M","R","BOSS","M","?","?","?","?","R","M","?","T","E","?","E","M","M","R","BOSS","M","?","M","?","M","E","R","M","T","?","M","E","?","?","R","BOSS"],"items_purchased_type":["Relic","Card","Relic","Potion","Relic"],"build_version":"2020-12-22","purchased_purges":1,"victory":true,"max_hp_per_floor":[62,62,62,62,59,59,59,59,59,59,59,59,59,59,59,59,59,56,56,56,56,56,56,53,53,53,50,50,50,50,50,57,57,64,64,64,64,64,61,61,61,58,58,58,58,58,58,65,65,62],"card_choices":[{"not_picked":[],"picked":"BloodyBrimstone","floor":0.0},{"not_picked":["EmergencyTakeOff:ReiMu","Enchanting:ReiMu"],"picked":"Conquer:ReiMu","floor":1.0},{"not_picked":["TightArray:ReiMu","Intuition:ReiMu"],"picked":"SubcavityFantasy:ReiMu","floor":2.0},{"not_picked":["Amulet:ReiMu","FineLineFantasy:ReiMu"],"picked":"PayForSelf:ReiMu","floor":3.0},{"not_picked":["WonderfulDomain:ReiMu","NineCharacters:ReiMu"],"picked":"Dreaming2:ReiMu","floor":5.0},{"not_picked":["CleanRite:ReiMu","Dreaming2:ReiMu"],"picked":"LearningPray:ReiMu","floor":7.0},{"not_picked":["SubAcupoint:ReiMu","LearningPray:ReiMu"],"picked":"Conquer:ReiMu","floor":8.0},{"not_picked":["TightArray:ReiMu","BlastKick2:ReiMu","FantasyMoon:ReiMu"],"picked":"SKIP","floor":12.0},{"not_picked":["Amulet:ReiMu","FoulBorder2:ReiMu","SpringWay:ReiMu"],"picked":"SKIP","floor":14.0},{"not_picked":["Determination:ReiMu","Free:ReiMu"],"picked":"CeremonyResonance:ReiMu","floor":16.0},{"not_picked":["AlertArray:ReiMu","Intuition:ReiMu"],"picked":"MikOfLucky:ReiMu+1","floor":18.0},{"not_picked":["Intuition:ReiMu","AirStrike:ReiMu"],"picked":"Conquer:ReiMu","floor":21.0},{"not_picked":["Enchanting:ReiMu","KamiSacrifice:ReiMu","SpringWay:ReiMu+1"],"picked":"SKIP","floor":24.0},{"not_picked":["CeremonyResonance:ReiMu","UpKicking:ReiMu","Intuition:ReiMu"],"picked":"SKIP","floor":27.0},{"not_picked":["WonderfulDomain:ReiMu","Amulet:ReiMu","NineCharacters:ReiMu"],"picked":"SKIP","floor":28.0},{"not_picked":["SafetyPray:ReiMu","WonderfulDomain:ReiMu","SubcavityInstant:ReiMu"],"picked":"SKIP","floor":29.0},{"not_picked":["Meditation:ReiMu","CareerPray:ReiMu+1"],"picked":"Free:ReiMu","floor":30.0},{"not_picked":["OrbThrow:ReiMu","Amulet:ReiMu"],"picked":"AlertArray:ReiMu+1","floor":31.0},{"not_picked":["CardOfSanctity:ReiMu","RunawayExorcism:ReiMu"],"picked":"Free:ReiMu","floor":33.0},{"not_picked":["SpreadBorder2:ReiMu","Conquer:ReiMu+1","AirStrike:ReiMu"],"picked":"SKIP","floor":35.0},{"not_picked":["Blind","REME_MagicPocketWatch"],"picked":"REME_EyeOfCthun","floor":36.0},{"not_picked":["Mountainwind:ReiMu","UniversalSpiritual:ReiMu","Gathering:ReiMu"],"picked":"SKIP","floor":37.0},{"not_picked":["Intuition:ReiMu","SubcavityInstant:ReiMu","SafetyPray:ReiMu"],"picked":"SKIP","floor":39.0},{"not_picked":["HakureiPhantom:ReiMu","AirStrike:ReiMu","Amulet:ReiMu+1"],"picked":"SKIP","floor":40.0},{"not_picked":["SubAcupoint:ReiMu","EmergencyTakeOff:ReiMu+1"],"picked":"ShadowOfCrow2:ReiMu","floor":42},{"not_picked":["Meditation:ReiMu","SafetyPray:ReiMu+1","WonderfulDomain:ReiMu"],"picked":"SKIP","floor":45},{"not_picked":["ForcedLanding:ReiMu","Determination:ReiMu"],"picked":"Crusade:ReiMu+1","floor":46}],"player_experience":249266,"relics_obtained":[{"floor":8.0,"key":"Potion Belt"},{"floor":9.0,"key":"Pantograph"},{"floor":12.0,"key":"War Paint"},{"floor":25.0,"key":"Bow_fan:ReiMu"},{"floor":26.0,"key":"Art of War"},{"floor":27.0,"key":"Regal Pillow"},{"floor":29.0,"key":"Boot"},{"floor":40.0,"key":"BlankCard"},{"floor":43,"key":"Juzu Bracelet"},{"floor":46,"key":"Bag of Preparation"}],"event_choices":[{"damage_healed":0.0,"max_hp_gain":0.0,"max_hp_loss":0.0,"gold_gain":0.0,"event_name":"Living Wall","player_choice":"Grow","floor":4.0,"gold_loss":0.0,"damage_taken":0.0,"cards_upgraded":["Conquer:ReiMu"]},{"damage_healed":0.0,"max_hp_gain":0.0,"max_hp_loss":0.0,"gold_gain":0.0,"event_name":"Lab","player_choice":"Got Potions","floor":20.0,"gold_loss":0.0,"damage_taken":0.0},{"damage_healed":0.0,"max_hp_gain":0.0,"max_hp_loss":0.0,"gold_gain":0.0,"event_name":"Accursed Blacksmith","player_choice":"Forge","floor":22.0,"gold_loss":0.0,"damage_taken":0.0,"cards_upgraded":["NB:ReiMu"]},{"damage_healed":0.0,"max_hp_gain":0.0,"max_hp_loss":0.0,"gold_gain":0.0,"event_name":"SensoryStone","player_choice":"Memory 1","floor":36.0,"gold_loss":0.0,"damage_taken":0.0},{"damage_healed":0.0,"max_hp_gain":0.0,"max_hp_loss":0.0,"gold_gain":0.0,"event_name":"Winding Halls","player_choice":"Embrace Madness","floor":38.0,"gold_loss":0.0,"damage_taken":8.0,"cards_obtained":["Madness","Madness"]},{"damage_healed":0,"gold_gain":0,"player_choice":"Ignored","damage_taken":0,"max_hp_gain":0,"max_hp_loss":0,"event_name":"Tomb of Lord Red Mask","floor":44,"gold_loss":0},{"cards_removed":["Strike_Lin:ReiMu"],"damage_healed":0,"gold_gain":0,"player_choice":"Removed Attack","damage_taken":0,"max_hp_gain":0,"max_hp_loss":0,"event_name":"Falling","floor":47,"gold_loss":0}],"is_beta":false,"boss_relics":[{"not_picked":["Sozu","SacredBark"],"picked":"Philosopher\u0027s Stone"},{"not_picked":[]},{"not_picked":["DonationBox:ReiMu","Fusion Hammer"],"picked":"MagicMushroom"},{"not_picked":[]}],"items_purged_floors":[48],"is_endless":false,"potions_floor_spawned":[1,2,5,12,14,24,27,28,29,33,35,45,46],"ascension_level":8}}