{"host":"sum4dy402bbv9y4o","time":1612468261,"event":{"mods":["Aspiration","BaseMod","Conspire","Highlight Path","Minty Spire (QoL Compilation)","StSLib"],"gold_per_floor":[13,13,29,44,194,222,222,297,321,356,356,356,356,368,368,368,368],"floor_reached":16,"language":"ENG","playtime":488,"items_purged":[],"score":216,"play_id":"ff4839d4-7f22-424b-ad79-17e5f690022c","local_time":"20210204225101","is_ascension_mode":true,"campfire_choices":[{"data":"Eruption","floor":7,"key":"SMITH"},{"data":"MentalFortress","floor":11,"key":"SMITH"},{"floor":13,"key":"REST"},{"floor":15,"key":"REST"}],"circlet_count":0,"master_deck":["AscendersBane","Strike_P","Strike_P","Strike_P","Defend_P","Defend_P","Defend_P","Eruption+1","Vigilance","EmptyBody","SignatureMove","CutThroughFate","BowlingBash","MentalFortress+1","Doubt","EmptyBody","FollowUp"],"relics":["PureWater","Tiny Chest","Centennial Puzzle","Orichalcum"],"acts_visited":["Exordium"],"potions_floor_usage":[6,6,14],"damage_taken":[{"damage":0,"enemies":"Cultist","floor":1,"turns":3},{"damage":10,"enemies":"Small Slimes","floor":3,"turns":4},{"damage":0,"enemies":"2 Louse","floor":4,"turns":2},{"damage":13,"enemies":"Lagavulin","floor":6,"turns":6},{"damage":26,"enemies":"Gremlin Nob","floor":10,"turns":4},{"damage":13,"enemies":"Exordium Wildlife","floor":14,"turns":2},{"damage":41,"enemies":"The Guardian","floor":16,"turns":11}],"seed_played":"6980052450460801800","potions_obtained":[{"floor":3,"key":"Weak Potion"},{"floor":4,"key":"BottledMiracle"},{"floor":10,"key":"ColorlessPotion"}],"is_trial":false,"path_per_floor":["M","$","M","M","?","E","R","?","T","E","R","?","R","M","R","B"],"character_chosen":"WATCHER","items_purchased":[],"campfire_rested":2,"item_purchase_floors":[],"current_hp_per_floor":[61,61,51,51,51,38,38,27,27,1,1,1,21,8,28,0,0],"gold":368,"neow_bonus":"TRANSFORM_TWO_CARDS","is_daily":false,"chose_seed":false,"campfire_upgraded":2,"win_rate":0.0,"timestamp":1612468261,"path_taken":["M","$","M","?","?","E","R","?","T","E","R","?","R","M","R","BOSS"],"items_purchased_type":[],"build_version":"2020-12-22","purchased_purges":0,"victory":false,"max_hp_per_floor":[68,68,68,68,68,68,68,68,68,68,68,68,68,68,68,68,68],"card_choices":[{"not_picked":["ClearTheMind","Meditate"],"picked":"CutThroughFate","floor":1},{"not_picked":["WindmillStrike","Worship"],"picked":"BowlingBash","floor":3},{"not_picked":["PathToVictory","ClearTheMind"],"picked":"MentalFortress","floor":4},{"not_picked":["Wallop","Worship"],"picked":"EmptyBody","floor":6},{"not_picked":["DevaForm","Prostrate"],"picked":"FollowUp","floor":10},{"not_picked":["FlyingSleeves","CrushJoints","Prostrate"],"picked":"SKIP","floor":14}],"player_experience":3038556,"relics_obtained":[{"floor":6,"key":"Tiny Chest"},{"floor":9,"key":"Centennial Puzzle"},{"floor":10,"key":"Orichalcum"}],"event_choices":[{"damage_healed":0,"gold_gain":150,"player_choice":"AGREE","damage_taken":0,"max_hp_gain":0,"max_hp_loss":0,"event_name":"Liars Game","floor":5,"gold_loss":0,"cards_obtained":["Doubt"]},{"damage_healed":0,"gold_gain":75,"player_choice":"Gather Gold","damage_taken":11,"max_hp_gain":0,"max_hp_loss":0,"event_name":"World of Goop","floor":8,"gold_loss":0},{"damage_healed":0,"gold_gain":0,"player_choice":"Fled","damage_taken":0,"max_hp_gain":0,"max_hp_loss":0,"event_name":"Scrap Ooze","floor":12,"gold_loss":0}],"is_beta":false,"boss_relics":[],"items_purged_floors":[],"is_endless":false,"potions_floor_spawned":[3,4,10],"killed_by":"The Guardian","ascension_level":20}}