{"host":"56xwnffi6e9z5l58","time":1612426662,"event":{"mods":["Aspiration","BaseMod","Better Match","Better Note","Better Sensory Stone","BetterRewards","Colored Map","Colored Powertips","Conspire","Downfall","GifTheSpireLib","Hermit","Highlight Path","Hubris","Infinite Spire","Key Reminder","Minty Spire (QoL Compilation)","Permanent Neow","Quick Restart","Rare Cards Sparkle","Replay The Spire","StSLib","Stuff the Spire","SuperFastMode","Unceasing Turn Reminder"],"gold_per_floor":[99,118,128,142,42,42,69,99,99,199,218,231,131,147,166,261,261,261,272,283,306,319,319,319,319,57,57,57,77,102,127,141,245,245,245,255,265,315,200,230,230,243,243,243,243,243,243,243],"floor_reached":46,"language":"ENG","playtime":2397,"items_purged":["Doubt","Pain"],"score":574,"play_id":"bb378445-4573-4529-9631-929126a40248","local_time":"20210204161742","is_ascension_mode":false,"campfire_choices":[{"floor":1,"key":"DIG"},{"data":"Ghostly","floor":6,"key":"SMITH"},{"data":"hexamod:NightmareStrike","floor":9,"key":"SMITH"},{"data":"hexamod:ChargedBarrage","floor":13,"key":"SMITH"},{"data":"hexamod:HauntingEcho","floor":18,"key":"SMITH"},{"data":"hexamod:UnlimitedPower","floor":25,"key":"SMITH"},{"data":"hexamod:ForkedFlame","floor":35,"key":"SMITH"},{"data":"hexamod:RadiantFlame","floor":45,"key":"SMITH"}],"circlet_count":0,"master_deck":["hexamod:Strike","hexamod:Strike","hexamod:Strike","hexamod:Defend","hexamod:Defend","hexamod:Defend","hexamod:Sear+1","hexamod:Float+1","hexamod:TimeOfNeed","hexamod:GhostShield","hexamod:NightmareStrike+1","hexamod:ChargedBarrage+1","Ghostly+1","hexamod:ExtraCrispy","hexamod:ExtraCrispy","hexamod:SkipABeat","hexamod:EtherealExpedition","hexamod:HauntingEcho+1","hexamod:HeatMetal","hexamod:UnlimitedPower+1","hexamod:StepThrough","hexamod:ThermalTransfer","Mind Blast","hexamod:RadiantFlame+1","expansioncontent:StudyTheSpire+1","hexamod:WildfireWeapon","hexamod:InspiringFlames","hexamod:NightmareGuise+1","hexamod:Firestarter+1","hexamod:Incineration","hexamod:ForkedFlame+1","hexamod:Hexaguard+1","hexamod:SpectralAdrenaline","hexamod:RadiantFlame+1","hexamod:WildfireWeapon","hexamod:RetreatToShadows+1","Parasite"],"relics":["hexamod:SpiritBrand","aspiration:HummingbirdHeart","Simple Rune","Bronze Scales","keyreminder:keyreminder","White Beast Statue","downfall:HeartBlessingGreen","Coffee Dripper","hubris:DeckOfHolding","WarpedTongs","hexamod:TheBrokenSeal","Ancient Tea Set","Black Star","StuffTheSpire:Gunfinga","War Paint","conspire:DeflatedDodgeball"],"acts_visited":["Exordium","TheCity","TheBeyond"],"potions_floor_usage":[10,10,11,21,37],"damage_taken":[{"damage":0,"enemies":"Small Slimes","floor":2,"turns":6},{"damage":0,"enemies":"Cultist","floor":3,"turns":3},{"damage":0,"enemies":"2 Louse","floor":4,"turns":3},{"damage":17,"enemies":"3 Sentries","floor":8,"turns":9},{"damage":37,"enemies":"downfall:LadyInBlue","floor":10,"turns":9},{"damage":0,"enemies":"2 Fungi Beasts","floor":11,"turns":4},{"damage":0,"enemies":"Blue Slaver","floor":12,"turns":3},{"damage":2,"enemies":"Large Slime","floor":14,"turns":7},{"damage":0,"enemies":"2 Fungi Beasts","floor":15,"turns":4},{"damage":31,"enemies":"IC_STATUS_ARCHETYPE","floor":16,"turns":9},{"damage":10,"enemies":"Spheric Guardian","floor":19,"turns":5},{"damage":18,"enemies":"conspire:FuzzyDice","floor":20,"turns":8},{"damage":34,"enemies":"Chosen and Byrds","floor":21,"turns":9},{"damage":4,"enemies":"Snake Plant","floor":22,"turns":3},{"damage":0,"enemies":"downfall:FleeingMerchant","floor":26,"turns":4},{"damage":14,"enemies":"conspire:HollyBat","floor":29,"turns":9},{"damage":27,"enemies":"Centurion and Healer","floor":30,"turns":9},{"damage":1,"enemies":"conspire:SneckoGhost","floor":31,"turns":3},{"damage":0,"enemies":"Snake Plant","floor":32,"turns":3},{"damage":36,"enemies":"SI_MIRROR_ARCHETYPE","floor":33,"turns":8},{"damage":33,"enemies":"3 Darklings","floor":36,"turns":6},{"damage":1,"enemies":"3 Shapes","floor":37,"turns":3},{"damage":4,"enemies":"3 Shapes","floor":38,"turns":6},{"damage":4,"enemies":"downfall:FleeingMerchant","floor":39,"turns":4},{"damage":37,"enemies":"Giant Head","floor":40,"turns":8},{"damage":2,"enemies":"Writhing Mass","floor":42,"turns":3},{"damage":5,"enemies":"Sphere and 2 Shapes","floor":46,"turns":2}],"seed_played":"7976196494019166156","potions_obtained":[{"floor":2,"key":"hexamod:SoulburnPotion"},{"floor":8,"key":"Dexterity Potion"},{"floor":10,"key":"Fruit Juice"},{"floor":10,"key":"Reflective Coating"},{"floor":10,"key":"LiquidMemories"},{"floor":11,"key":"Explosive Potion"},{"floor":12,"key":"LifebloodPotion"},{"floor":21,"key":"Energy Potion"},{"floor":26,"key":"hexamod:DoubleChargePotion"},{"floor":37,"key":"Energy Potion"}],"is_trial":false,"path_per_floor":["R_BF","M","M","M","?","R","T","E","R","?","M","M","R","M","M","B",null,"R","M","M","M","M","?","T","R","$","?","?","M","M","E","M","B",null,"R","M","M","?","$","E","T","M","PTL","PTL","R","M"],"character_chosen":"THE_SPIRIT","items_purchased":["expansioncontent:StudyTheSpire"],"campfire_rested":0,"item_purchase_floors":[26],"current_hp_per_floor":[70,70,70,70,70,70,70,53,53,23,35,35,35,40,47,23,75,75,72,61,34,37,37,37,37,44,44,44,37,85,84,84,48,85,85,52,51,47,43,6,6,4,4,4,4,0,0,0],"gold":243,"neow_bonus":"TRANSFORM_TWO_CARDS","is_daily":false,"chose_seed":false,"campfire_upgraded":7,"win_rate":0.0,"timestamp":1612426662,"path_taken":["R_BF","M","M","M","?","R","T","E","R","?","M","?","R","M","M","BOSS","R","M","M","M","M","?","T","R","$","?","?","M","M","E","M","BOSS","R","M","M","?","$","E","T","M","PTL","PTL","R","M"],"items_purchased_type":["Card"],"build_version":"2020-12-22","purchased_purges":2,"victory":false,"max_hp_per_floor":[70,70,70,70,70,70,70,70,70,70,75,75,75,75,75,75,75,75,75,75,75,75,75,75,75,75,75,75,75,85,85,85,85,85,85,85,85,85,85,85,85,85,85,85,85,85,85,85],"card_choices":[{"not_picked":["hexamod:NightmareGuise","hexamod:GhostLash"],"picked":"hexamod:NightmareStrike","floor":2},{"not_picked":["hexamod:NightmareStrike","hexamod:ShieldOfDarkness"],"picked":"hexamod:FirstSeal","floor":3},{"not_picked":["hexamod:NightmareGuise","hexamod:Hexaguard"],"picked":"hexamod:ChargedBarrage","floor":4},{"not_picked":["hexamod:DynamicBlow","hexamod:HauntingEcho"],"picked":"hexamod:ExtraCrispy","floor":8},{"not_picked":["hexamod:GhostLash","hexamod:SwordOfDarkness"],"picked":"hexamod:ExtraCrispy","floor":10},{"not_picked":["hexamod:GhostLash","hexamod:BurningTouch"],"picked":"hexamod:SkipABeat","floor":11},{"not_picked":["hexamod:PhantomFireball","hexamod:ChargedBarrage"],"picked":"hexamod:EtherealExpedition","floor":12},{"not_picked":["hexamod:Firestarter","hexamod:Hexaguard"],"picked":"hexamod:HauntingEcho","floor":14},{"not_picked":["hexamod:Hexaguard","hexamod:ShieldOfDarkness","hexamod:AdvancingGuard"],"picked":"SKIP","floor":15},{"not_picked":["hexamod:TimeOfNeed","hexamod:GhostflameInferno"],"picked":"hexamod:FifthSeal","floor":16},{"not_picked":["hexamod:FirstSeal","hexamod:ThirdSeal"],"picked":"hexamod:SixthSeal","floor":19},{"not_picked":["hexamod:ThermalTransfer","hexamod:Hexaguard"],"picked":"hexamod:HeatMetal","floor":19},{"not_picked":["hexamod:FourthSeal","hexamod:SixthSeal"],"picked":"hexamod:SecondSeal","floor":20},{"not_picked":["hexamod:StepThrough","hexamod:BacktrackSmack"],"picked":"hexamod:UnlimitedPower","floor":20},{"not_picked":["hexamod:SpectersWail","hexamod:SwordOfDarkness+1"],"picked":"hexamod:StepThrough","floor":21},{"not_picked":["hexamod:FirstSeal","hexamod:SixthSeal"],"picked":"hexamod:FourthSeal","floor":22},{"not_picked":["hexamod:HauntingEcho","hexamod:NightmareStrike"],"picked":"hexamod:ThermalTransfer","floor":22},{"not_picked":["hexamod:NecessarySacrifice","hexamod:PhantomFireball"],"picked":"hexamod:RadiantFlame","floor":26},{"not_picked":["hexamod:FirstSeal","hexamod:SixthSeal"],"picked":"hexamod:ThirdSeal","floor":29},{"not_picked":["hexamod:HauntingEcho","hexamod:Hexaguard"],"picked":"hexamod:WildfireWeapon","floor":29},{"not_picked":["hexamod:GhostLash","hexamod:GhostShield+1"],"picked":"hexamod:InspiringFlames","floor":30},{"not_picked":["hexamod:BacktrackSmack","hexamod:GhostShield"],"picked":"hexamod:NightmareGuise+1","floor":30},{"not_picked":["hexamod:EtherealExpedition","hexamod:ThirdSeal"],"picked":"hexamod:Firestarter+1","floor":31},{"not_picked":["hexamod:ThirdSeal","hexamod:GhostLash"],"picked":"hexamod:Incineration","floor":32},{"not_picked":["hexamod:ParanormalForm","hexamod:TimeOfNeed"],"picked":"hexamod:ForkedFlame","floor":33},{"not_picked":["hexamod:ShieldOfDarkness","hexamod:ThermalTransfer+1"],"picked":"hexamod:Hexaguard+1","floor":36},{"not_picked":["hexamod:DynamicBlow","hexamod:FastForward"],"picked":"hexamod:SpectralAdrenaline","floor":37},{"not_picked":["hexamod:SwordOfDarkness+1","hexamod:GhostLash"],"picked":"hexamod:RadiantFlame+1","floor":38},{"not_picked":["hexamod:SpectersWail","hexamod:NecessarySacrifice+1"],"picked":"hexamod:WildfireWeapon","floor":39},{"not_picked":["hexamod:FastForward","hexamod:RecurringNightmare"],"picked":"hexamod:RetreatToShadows+1","floor":40},{"not_picked":["hexamod:SpectersWail","hexamod:BurningTouch","hexamod:AdvancingGuard+1"],"picked":"SKIP","floor":42}],"player_experience":1009344,"relics_obtained":[{"floor":1,"key":"aspiration:HummingbirdHeart"},{"floor":7,"key":"Simple Rune"},{"floor":8,"key":"Bronze Scales"},{"floor":10,"key":"White Beast Statue"},{"floor":24,"key":"hubris:DeckOfHolding"},{"floor":31,"key":"Ancient Tea Set"},{"floor":40,"key":"StuffTheSpire:Gunfinga"},{"floor":40,"key":"War Paint"},{"floor":41,"key":"conspire:DeflatedDodgeball"}],"event_choices":[{"damage_healed":0,"gold_gain":0,"player_choice":"Argue","damage_taken":0,"max_hp_gain":0,"max_hp_loss":0,"event_name":"conspire:LoneGhost","floor":5,"gold_loss":0},{"damage_healed":0,"gold_gain":0,"player_choice":"Got Potions","damage_taken":0,"max_hp_gain":0,"max_hp_loss":0,"event_name":"Lab","floor":27,"gold_loss":0},{"damage_healed":0,"gold_gain":0,"player_choice":"Rummage","damage_taken":0,"relics_obtained":["WarpedTongs"],"max_hp_gain":0,"max_hp_loss":0,"event_name":"Accursed Blacksmith","floor":28,"gold_loss":0,"cards_obtained":["Pain"]}],"is_beta":false,"boss_relics":[{"not_picked":["aspiration:IroncladSkillbook","Honey Jar"],"picked":"Coffee Dripper"},{"not_picked":["hubris:CrackedHourglass","aspiration:SecretTechniqueScroll"],"picked":"Black Star"}],"items_purged_floors":[26,39],"is_endless":false,"potions_floor_spawned":[2,8,11,12,14,15,16,19,20,21,22,26,29,30,31,32,33,36,37,38,39,40,42],"killed_by":"Sphere and 2 Shapes","ascension_level":0}}