{"host":"ds3v42j7tpaaz1mg","time":1612480230,"event":{"mods":["AchievementEnabler","Aspiration","BaseMod","Bestiary","Better Altar","Better Note","Better Sensory Stone","BetterRewards","Block Reminder","Colored Powertips","Conspire","Downfall","Energized Spire","Halation","Hermit","Highlight Path","Hubris","Infinite Spire","Jorbs\u0027s Wanderer Trilogy","Minty Spire (QoL Compilation)","Relic Stats","Replay The Spire","StSLib","The Elementalist","The Servant 0.9.4"],"gold_per_floor":[99,114,99,117,134,134,134,134,134,134,166,177,177,190,209,305,255,255,273,290,290,290,290],"floor_reached":21,"language":"ENG","playtime":1547,"items_purged":[],"score":181,"play_id":"236b830c-d3b6-40f7-bd5f-308d35e88923","local_time":"20210204181030","is_ascension_mode":false,"campfire_choices":[{"data":"Guardian:DecasProtection","floor":6,"key":"SMITH"},{"data":"Guardian:GemFire","floor":8,"key":"SMITH"},{"data":"Guardian:Strike_Guardian","floor":18,"key":"PURGE"}],"circlet_count":0,"master_deck":["Guardian:Strike_Guardian","Guardian:Strike_Guardian","Guardian:Strike_Guardian","Guardian:Strike_Guardian","Guardian:Defend_Guardian+1","Guardian:Defend_Guardian+1","Guardian:Defend_Guardian+1","Guardian:Defend_Guardian+1","Guardian:CurlUp","Guardian:TwinSlam","Guardian:DecasProtection+1","Replay:Bootleg Shield Generator","Guardian:CrystalBeam","Guardian:Harden","Guardian:GemFinder","Guardian:PrismaticBarrier","Guardian:Gem_Red","Guardian:Gem_Red","Guardian:Gem_Green","Guardian:Gem_Fragmented"],"relics":["Guardian:ModeShifter","Replay:Bottled Eggs","halation:PinkSoulGem","hubris:TenFootPole","energizedSpire:HugeHouse"],"acts_visited":["Exordium","TheCity"],"potions_floor_usage":[2,3,11,14,16,21],"damage_taken":[{"damage":6,"enemies":"2 Louse","floor":2,"turns":2},{"damage":4,"enemies":"downfall:FleeingMerchant","floor":3,"turns":4},{"damage":11,"enemies":"Jaw Worm","floor":4,"turns":5},{"damage":2,"enemies":"conspire:RoseBush","floor":5,"turns":5},{"damage":14,"enemies":"Gremlin Nob","floor":11,"turns":2},{"damage":17,"enemies":"2 Fungi Beasts","floor":12,"turns":4},{"damage":3,"enemies":"Large Slime","floor":14,"turns":7},{"damage":9,"enemies":"2 Fungi Beasts","floor":15,"turns":2},{"damage":2,"enemies":"WA_ARCHETYPE_RETAIN","floor":16,"turns":4},{"damage":26,"enemies":"Spheric Guardian","floor":19,"turns":8},{"damage":6,"enemies":"3 Byrds","floor":20,"turns":3},{"damage":43,"enemies":"downfall:LadyInBlue","floor":21,"turns":10}],"seed_played":"6571688916548145603","potions_obtained":[{"floor":1,"key":"champ:CounterPotion"},{"floor":1,"key":"Slimebound:ThreeZeroPotion"},{"floor":4,"key":"champ:CounterPotion"},{"floor":12,"key":"SkillPotion"},{"floor":15,"key":"ColorlessPotion"},{"floor":19,"key":"Weak Potion"},{"floor":20,"key":"Elixir"}],"is_trial":false,"path_per_floor":["R","M","$","M","M","R","T","R","?","?","E","M","?","M","M","B",null,"R","M","M","?"],"character_chosen":"GUARDIAN","items_purchased":[],"campfire_rested":0,"item_purchase_floors":[],"current_hp_per_floor":[80,74,70,59,57,57,57,57,57,57,43,26,19,16,7,5,75,75,49,43,0,0,0],"gold":290,"neow_bonus":"ONE_RANDOM_RARE_CARD","is_daily":false,"chose_seed":false,"campfire_upgraded":2,"win_rate":0.0,"timestamp":1612480230,"path_taken":["R","M","$","M","M","R","T","R","?","?","E","M","?","M","M","BOSS","R","M","M","?"],"items_purchased_type":[],"build_version":"2020-12-22","purchased_purges":0,"victory":false,"max_hp_per_floor":[80,80,80,80,80,80,80,80,80,80,80,80,80,80,80,80,75,75,75,75,75,75,75],"relic_stats":{"counters":[12,56],"obtain_stats":[{"Guardian:ModeShifter":0,"hubris:TenFootPole":13,"energizedSpire:HugeHouse":17,"Replay:Bottled Eggs":7,"halation:PinkSoulGem":9},{"Guardian:ModeShifter":0,"hubris:TenFootPole":6,"energizedSpire:HugeHouse":9,"Replay:Bottled Eggs":4,"halation:PinkSoulGem":4},{"Guardian:ModeShifter":0,"hubris:TenFootPole":22,"energizedSpire:HugeHouse":35,"Replay:Bottled Eggs":16,"halation:PinkSoulGem":16}]},"card_choices":[{"not_picked":["Guardian:Preprogram","Guardian:GuardianWhirl"],"picked":"Guardian:DecasProtection","floor":2},{"not_picked":["Guardian:BodySlam","Guardian:Reroute"],"picked":"Guardian:Gem_Yellow","floor":3},{"not_picked":["Guardian:TemporalStrike","Guardian:ShieldSpikes","Guardian:Repulse"],"picked":"SKIP","floor":4},{"not_picked":["Guardian:SpikerProtocol","Guardian:SentryBeam"],"picked":"Guardian:Gem_Crimson","floor":5},{"not_picked":["Specialist","Bandage Up"],"picked":"Replay:Bootleg Shield Generator","floor":10},{"not_picked":["Guardian:WalkerClaw","Guardian:PrimingBeam"],"picked":"Guardian:CrystalBeam","floor":11},{"not_picked":["Guardian:Planning","Guardian:Clone"],"picked":"Guardian:Gem_Cyan","floor":12},{"not_picked":["Guardian:HyperBeam_Guardian","Guardian:Planning"],"picked":"Guardian:Harden","floor":14},{"not_picked":["Guardian:PiercingHide","Guardian:Gem_Lightblue"],"picked":"Guardian:Gem_White","floor":15},{"not_picked":["Guardian:Gem_Orange","Guardian:GemFire"],"picked":"Guardian:GemFinder","floor":16},{"not_picked":["Guardian:Gem_Green","Guardian:Gem_Lightblue"],"picked":"Guardian:Gem_Red","floor":19},{"not_picked":["Guardian:EvasiveProtocol+1","Guardian:RollAttack"],"picked":"Guardian:Gem_Red","floor":19},{"not_picked":["Guardian:Gem_Red","Guardian:Gem_Lightblue"],"picked":"Guardian:Gem_Green","floor":20},{"not_picked":["Guardian:TemporalShield","Guardian:ShieldCharger"],"picked":"Guardian:Gem_Fragmented","floor":20}],"player_experience":676261,"relics_obtained":[{"floor":7,"key":"Replay:Bottled Eggs"}],"event_choices":[{"damage_healed":0,"gold_gain":1,"player_choice":"1","damage_taken":0,"max_hp_gain":0,"max_hp_loss":0,"event_name":"betterStone:BetterStone","floor":10,"gold_loss":0},{"damage_healed":0,"gold_gain":0,"player_choice":"Success","damage_taken":7,"relics_obtained":["hubris:TenFootPole"],"max_hp_gain":0,"max_hp_loss":0,"event_name":"Scrap Ooze","floor":13,"gold_loss":0}],"is_beta":false,"boss_relics":[{"not_picked":["Painkiller Herb","Replay:Wanted Poster"],"picked":"energizedSpire:HugeHouse"}],"items_purged_floors":[],"is_endless":false,"potions_floor_spawned":[4,12,15,19,20],"killed_by":"downfall:LadyInBlue","ascension_level":0}}