{"host":"ox77rn1xcurm2t5a","time":1612400553,"event":{"mods":["2.2 Compatiblity","AchievementEnabler","Act Like it!","Aspiration","BaseMod","Best Route Mod","Better Match","Better Note","Better Sensory Stone","Block Reminder","Colored Map","Colored Powertips","Conjunction","Conspire","Custom Start","Energized Spire","GifTheSpireLib","Gold Saver","Gremlin Skip","Halation","Highlight Path","Hubris","Infinite Spire","Minty Spire (QoL Compilation)","Pale of the Ancients","Quick Restart","Replay The Spire","Reworked Bosses","ShortenTheSpire","Spire Exporter","StSLib","Stuff the Spire","Wandering Minibosses"],"gold_per_floor":[1854,1854,1865,1304,1304,1304,1318,1352,1352,1387,1387,1398,1427,1456,1456,1535,1535,1549,1549,919,933,1138,1138,1152,1152,1152,1178,561,589,589,832,832,905,905,925,925,955,1029,1061,1102,1102,1144,1144,1194,1251,1276,981,981,981,1076,1076,484,484],"floor_reached":52,"language":"ENG","playtime":2577,"items_purged":["Strike_B","Strike_B","Strike_B","Strike_B"],"score":1949,"play_id":"81f22b85-c0cc-4191-91ba-93f305f02078","local_time":"20210204030233","is_ascension_mode":true,"campfire_choices":[{"floor":6.0,"key":"RECALL"},{"floor":11.0,"key":"REST"},{"data":"Zap","floor":15.0,"key":"SMITH"},{"data":"Defragment","floor":23.0,"key":"SMITH"},{"data":"ReplayUltimateDefense","floor":25.0,"key":"SMITH"},{"data":"StuffTheSpire:Synthwave","floor":30.0,"key":"SMITH"},{"data":"StuffTheSpire:CelestialWarden","floor":32.0,"key":"SMITH"},{"data":"StuffTheSpire:Synthwave","floor":41.0,"key":"SMITH"},{"data":"StuffTheSpire:ForEach","floor":49,"key":"SMITH"}],"circlet_count":0,"master_deck":["AscendersBane","Defend_B","Defend_B","Defend_B","Zap+1","Dualcast","Ball Lightning","Pot Of Greed","Pot Of Greed","Conserve Battery+1","Gash","Machine Learning","Ball Lightning","Loop","Ball Lightning","StuffTheSpire:ForEach+1","Defragment+1","StuffTheSpire:CelestialWarden+1","ReplayUltimateDefense+1","Pot Of Greed","infinitespire:NeuralNetwork","Ball Lightning","StuffTheSpire:Synthwave+1","Barrage+1","StuffTheSpire:ForEach","StuffTheSpire:Synthwave+1","Streamline+1","Defend_B","Cold Snap","StuffTheSpire:Plugnplay","hubris:DuctTapeCard","Go for the Eyes+1","Gash","Pot Of Greed"],"relics":["Cracked Core","Orichalcum","Grinning Jar","Replay:Frozen Program","hubris:PeanutButter","halation:Pancakes","Pantograph","hubris:RunicObelisk","conspire:DeflatedDodgeball","Replay:Rubber Ducky","ReplayTheSpireMod:ShopPack","ReplayTheSpireMod:Ninjato","Replay:Bandana","Bottled Tornado","hubris:DuctTape","Kunai","Philosopher\u0027s Stone","wanderingMiniBosses:LockLocket","StuffTheSpire:Mouthbags","aspiration:TomeofQuesting","conspire:Boomerang","Question Card","Durian","Bag of Preparation","paleoftheancients:Timepiece","paleoftheancients:KeyRelic","Gremlin Horn","CultistMask"],"acts_visited":["Exordium","TheCity","TheBeyond","TheBeyond"],"potions_floor_usage":[50],"damage_taken":[{"damage":7.0,"enemies":"Jaw Worm","floor":1.0,"turns":3.0},{"damage":5.0,"enemies":"Small Slimes","floor":3.0,"turns":3.0},{"damage":0.0,"enemies":"2 Louse","floor":7.0,"turns":2.0},{"damage":25.0,"enemies":"Gremlin Nob","floor":8.0,"turns":4.0},{"damage":9.0,"enemies":"3 Sentries","floor":10.0,"turns":8.0},{"damage":5.0,"enemies":"Large Slime","floor":12.0,"turns":4.0},{"damage":15.0,"enemies":"Lagavulin","floor":13.0,"turns":6.0},{"damage":6.0,"enemies":"conspire:MimicChest","floor":14.0,"turns":6.0},{"damage":0.0,"enemies":"Slime Boss","floor":16.0,"turns":6.0},{"damage":0.0,"enemies":"Spheric Guardian","floor":18.0,"turns":3.0},{"damage":0.0,"enemies":"Chosen","floor":21.0,"turns":4.0},{"damage":0.0,"enemies":"Snake Plant","floor":22.0,"turns":8.0},{"damage":0.0,"enemies":"Centurion and Healer","floor":24.0,"turns":6.0},{"damage":0.0,"enemies":"Nightmare","floor":27.0,"turns":6.0},{"damage":0.0,"enemies":"Slavers","floor":29.0,"turns":6.0},{"damage":0.0,"enemies":"Cultist and Chosen","floor":31.0,"turns":7.0},{"damage":0.0,"enemies":"bossMod:newCollector","floor":33.0,"turns":10.0},{"damage":0.0,"enemies":"3 Darklings","floor":35.0,"turns":4.0},{"damage":0.0,"enemies":"Orb Walker","floor":37.0,"turns":3.0},{"damage":0.0,"enemies":"4 Shapes","floor":38.0,"turns":4.0},{"damage":0.0,"enemies":"Transient","floor":39.0,"turns":5.0},{"damage":0.0,"enemies":"R_Hoarder","floor":40.0,"turns":8.0},{"damage":0.0,"enemies":"Nemesis","floor":42.0,"turns":5.0},{"damage":0.0,"enemies":"R_Hoarder","floor":44.0,"turns":8.0},{"damage":0,"enemies":"2 Orb Walkers","floor":45,"turns":4},{"damage":0,"enemies":"3 Darklings","floor":46,"turns":5},{"damage":0,"enemies":"hubris:GrandSnecko","floor":50,"turns":12},{"damage":113,"enemies":"hubris:GrandSnecko","floor":52,"turns":5}],"seed_played":"-8115022492275438597","potions_obtained":[{"floor":3.0,"key":"Toxic Potion"},{"floor":10.0,"key":"Toxic Potion"},{"floor":12.0,"key":"Energy Potion"},{"floor":14.0,"key":"ColorlessPotion"},{"floor":16.0,"key":"SteroidPotion"},{"floor":24.0,"key":"LiquidBronze"},{"floor":27.0,"key":"Flashbang"},{"floor":33.0,"key":"Elixir"},{"floor":35.0,"key":"FocusPotion"},{"floor":37.0,"key":"Adrenaline Potion"},{"floor":38.0,"key":"SmokeBomb"},{"floor":44.0,"key":"PowerPotion"}],"is_trial":false,"path_per_floor":["M","?","M","$","?","R","M","E","T","E","R","M","E","?","R","B",null,"M","?","$","M","M","R","M","R","T","NM","$","E","R","M","R","B",null,"M","?","M","M","M","E","R","E","T","E","?","M","$","?","R","B",null,"M"],"character_chosen":"DEFECT","items_purchased":["Orichalcum","Grinning Jar","Replay:Frozen Program","Conserve Battery+1","conspire:DeflatedDodgeball","Replay:Rubber Ducky","ReplayTheSpireMod:ShopPack","Bottled Tornado","hubris:DuctTape","Bag of Preparation"],"campfire_rested":1,"item_purchase_floors":[4,4,4,4,20,20,20,28,28,47],"current_hp_per_floor":[57,57,52,52,52,52,52,27,27,18,39,34,58,52,52,71,71,71,71,71,71,71,71,71,71,71,71,71,71,71,71,71,71,71,71,71,71,71,71,71,71,71,71,71,76,76,76,76,76,76,76,1,1],"gold":484,"neow_bonus":"HUNDRED_GOLD","is_daily":false,"chose_seed":false,"campfire_upgraded":7,"win_rate":0.0,"timestamp":1612400553,"path_taken":["M","?","M","$","?","R","M","E","T","E","R","M","E","?","R","BOSS","M","?","$","M","M","R","M","R","T","NM","$","E","R","M","R","BOSS","M","?","M","M","M","E","R","E","T","E","?","M","$","?","R","BOSS","M"],"items_purchased_type":["Relic","Relic","Relic","Card","Relic","Relic","Relic","Relic","Relic","Relic"],"build_version":"2020-12-22","purchased_purges":4,"victory":false,"max_hp_per_floor":[71,71,71,71,71,71,71,71,71,71,71,71,71,71,71,71,71,71,71,71,71,71,71,71,71,71,71,71,71,71,71,71,71,71,71,71,71,71,71,71,71,71,71,71,76,76,76,76,76,76,76,76,76],"card_choices":[{"not_picked":["Hologram","ReplayTheSpireMod:GoodbyeWorld"],"picked":"Ball Lightning","floor":1.0},{"not_picked":["StuffTheSpire:Plugnplay","Panic Button","Streamline"],"picked":"SKIP","floor":3.0},{"not_picked":["StuffTheSpire:LoadUp","Sweeping Beam"],"picked":"Gash","floor":7.0},{"not_picked":["Hologram","Consume"],"picked":"Machine Learning","floor":8.0},{"not_picked":["Hologram","ReplayTheSpireMod:Dual Polarity"],"picked":"Ball Lightning","floor":10.0},{"not_picked":["ReplayGash","BasicCrystalCard","StuffTheSpire:CleanHardDrive"],"picked":"SKIP","floor":12.0},{"not_picked":["Beam Cell","Sunder"],"picked":"Loop","floor":13.0},{"not_picked":["Streamline","Conserve Battery"],"picked":"Ball Lightning","floor":14.0},{"not_picked":["All For One","Hyperbeam"],"picked":"StuffTheSpire:ForEach","floor":16.0},{"not_picked":["Ball Lightning","Panic Button"],"picked":"Defragment","floor":18.0},{"not_picked":["StuffTheSpire:Vigor","StuffTheSpire:Brawn"],"picked":"StuffTheSpire:CelestialWarden","floor":19.0},{"not_picked":["ReplayTheSpireMod:Necrogeddon","Panache"],"picked":"ReplayUltimateDefense","floor":20.0},{"not_picked":["Steam","Melter","Panic Button+1"],"picked":"SKIP","floor":21.0},{"not_picked":["Beam Cell","conspire:Rain"],"picked":"Coolheaded","floor":22.0},{"not_picked":["StuffTheSpire:LoadUp","Conserve Battery"],"picked":"Coolheaded+1","floor":24.0},{"not_picked":["infinitespire:SealOfDarkness+","ReplayTheSpireMod:??????????????????????"],"picked":"infinitespire:NeuralNetwork","floor":27.0},{"not_picked":["Stack","Consume+1"],"picked":"Ball Lightning","floor":27.0},{"not_picked":["Stack","Leap"],"picked":"StuffTheSpire:Synthwave","floor":29.0},{"not_picked":["Steam","Stack"],"picked":"Barrage+1","floor":31.0},{"not_picked":["hubris:SpecializedCircuitry","Amplify"],"picked":"StuffTheSpire:ForEach","floor":33.0},{"not_picked":["Turbo","Self Repair","Rebound"],"picked":"SKIP","floor":35.0},{"not_picked":["Leap","Consume"],"picked":"StuffTheSpire:Synthwave","floor":37.0},{"not_picked":["Recycle","Conserve Battery","StuffTheSpire:Rend"],"picked":"SKIP","floor":38.0},{"not_picked":["Redo","Heatsinks"],"picked":"Streamline+1","floor":39.0},{"not_picked":["Panic Button+1","White Noise"],"picked":"Go for the Eyes+1","floor":40.0},{"not_picked":["Barrage+1","StuffTheSpire:LoadUp"],"picked":"Cold Snap","floor":42.0},{"not_picked":["Sweeping Beam","hubris:Ukulele"],"picked":"StuffTheSpire:Plugnplay","floor":44.0},{"not_picked":["Cold Snap","BasicCrystalCard","ReplayGash"],"picked":"Gash","floor":45},{"not_picked":["ReplayTheSpireMod:System Scan+1","ReplayGash","Streamline","Coolheaded"],"picked":"SKIP","floor":46}],"player_experience":2998088,"relics_obtained":[{"floor":8.0,"key":"Replay:Wax Seal"},{"floor":10.0,"key":"hubris:PeanutButter"},{"floor":13.0,"key":"halation:Pancakes"},{"floor":14.0,"key":"Pantograph"},{"floor":26.0,"key":"ReplayTheSpireMod:Ninjato"},{"floor":27.0,"key":"Replay:Bandana"},{"floor":29.0,"key":"Kunai"},{"floor":38.0,"key":"wanderingMiniBosses:LockLocket"},{"floor":40.0,"key":"StuffTheSpire:Mouthbags"},{"floor":42.0,"key":"aspiration:TomeofQuesting"},{"floor":43.0,"key":"conspire:Boomerang"},{"floor":44.0,"key":"Question Card"},{"floor":45,"key":"Durian"}],"event_choices":[{"damage_healed":0.0,"max_hp_gain":0.0,"max_hp_loss":0.0,"gold_gain":1.0,"event_name":"betterStone:BetterStone","player_choice":"1","floor":2.0,"gold_loss":0.0,"damage_taken":0.0},{"damage_healed":0,"gold_gain":0,"player_choice":"Fight","damage_taken":0,"max_hp_gain":0,"max_hp_loss":0,"event_name":"Mysterious Sphere","floor":45,"gold_loss":0},{"damage_healed":0,"gold_gain":0,"player_choice":"Leave","damage_taken":0,"max_hp_gain":0,"max_hp_loss":0,"event_name":"conspire:Investor","floor":48,"gold_loss":0}],"is_beta":false,"boss_relics":[{"not_picked":["conspire:RoyalGoblet","Calling Bell"],"picked":"hubris:RunicObelisk"},{"not_picked":["energizedSpire:HugeHouse","Empty Cage"],"picked":"Philosopher\u0027s Stone"},{"not_picked":["StuffTheSpire:Kangaroo","aspiration:SilentSkillbook","ReplayTheSpireMod:DimensionalGlitch"]}],"items_purged_floors":[4,20,28,47],"is_endless":true,"potions_floor_spawned":[3,10,12,14,16,24,27,33,35,37,38,44],"killed_by":"hubris:GrandSnecko","ascension_level":14}}