{"host":"0ntunplbxyg40l63","time":1612438505,"event":{"mods":["BaseMod","Colored Powertips","Downfall","Minty Spire (QoL Compilation)","StSLib"],"gold_per_floor":[99,111,111,69,86,86,138,172,184,84,100,119,119,137,148,148,148,148],"floor_reached":16,"language":"ENG","playtime":1288,"items_purged":[],"score":104,"play_id":"1b3b7fe0-9791-44b6-9a0e-a24a409854b6","local_time":"20210204113505","is_ascension_mode":false,"campfire_choices":[{"data":"Guardian:HyperBeam_Guardian","floor":1,"key":"SMITH"},{"floor":6,"key":"RECALL"},{"floor":10,"key":"REST"}],"circlet_count":0,"master_deck":["Guardian:Strike_Guardian+1","Guardian:Strike_Guardian+1","Guardian:Strike_Guardian","Guardian:Defend_Guardian","Guardian:Defend_Guardian","Guardian:Defend_Guardian","Guardian:Defend_Guardian","Guardian:CurlUp","Guardian:TwinSlam","Guardian:HyperBeam_Guardian+1","Guardian:MultiBeam","Regret","Guardian:PiercingHide","Guardian:ShieldCharger","Guardian:Incinerate","Guardian:TimeSifter","Guardian:Suspension","Guardian:SpikerProtocol","Guardian:Gem_Blue","Guardian:Gem_Green","Guardian:FloatingOrbs"],"relics":["Guardian:ModeShifter","Ancient Tea Set","Whetstone","Ice Cream","downfall:HeartBlessingRed"],"acts_visited":["Exordium"],"potions_floor_usage":[16,16],"damage_taken":[{"damage":0,"enemies":"2 Louse","floor":2,"turns":1},{"damage":12,"enemies":"downfall:FleeingMerchant","floor":4,"turns":4},{"damage":15,"enemies":"Jaw Worm","floor":5,"turns":3},{"damage":22,"enemies":"Gremlin Nob","floor":8,"turns":5},{"damage":0,"enemies":"Cultist","floor":9,"turns":4},{"damage":18,"enemies":"Large Slime","floor":11,"turns":4},{"damage":4,"enemies":"Red Slaver","floor":12,"turns":3},{"damage":10,"enemies":"Lots of Slimes","floor":14,"turns":3},{"damage":4,"enemies":"Large Slime","floor":15,"turns":4},{"damage":22,"enemies":"SI_SHIV_ARCHETYPE","floor":16,"turns":8}],"seed_played":"-8550673011775833873","potions_obtained":[{"floor":8,"key":"Guardian:BlockOnCardUsePotion"},{"floor":9,"key":"Block Potion"},{"floor":14,"key":"SkillPotion"}],"is_trial":false,"path_per_floor":["R","M","?","$","M","R","T","E","M","R","M","M","?","M","M","B"],"character_chosen":"GUARDIAN","items_purchased":["Guardian:ShieldCharger"],"campfire_rested":1,"item_purchase_floors":[4],"current_hp_per_floor":[80,80,80,68,53,53,53,31,31,55,37,33,33,23,19,0,0,0],"gold":148,"neow_bonus":"ONE_RANDOM_RARE_CARD","is_daily":false,"chose_seed":false,"campfire_upgraded":1,"win_rate":0.0,"timestamp":1612438505,"path_taken":["R","M","?","$","M","R","T","E","M","R","M","M","?","M","M","BOSS"],"items_purchased_type":["Card"],"build_version":"2020-12-22","purchased_purges":0,"victory":false,"max_hp_per_floor":[80,80,80,80,80,80,80,80,80,80,80,80,80,80,80,80,80,80],"card_choices":[{"not_picked":["Guardian:PrimingBeam","Guardian:ChargeCore"],"picked":"Guardian:MultiBeam","floor":2},{"not_picked":["Guardian:VentSteam","Guardian:Gem_Crimson"],"picked":"Guardian:PiercingHide","floor":4},{"not_picked":["Guardian:CrystalBeam","Guardian:Gem_Red"],"picked":"Guardian:Incinerate","floor":5},{"not_picked":["Guardian:Gem_Red","Guardian:TimeCapacitor"],"picked":"Guardian:TimeSifter","floor":8},{"not_picked":["Guardian:BodySlam","Guardian:Gem_Green"],"picked":"Guardian:Suspension","floor":9},{"not_picked":["Guardian:Gem_Purple","Guardian:SentryBeam"],"picked":"Guardian:SpikerProtocol","floor":11},{"not_picked":["Guardian:Suspension","Guardian:CrystalBeam"],"picked":"Guardian:Gem_Blue","floor":12},{"not_picked":["Guardian:SentryBeam","Guardian:TemporalStrike"],"picked":"Guardian:Gem_Green","floor":14},{"not_picked":["Guardian:Reroute","Guardian:ArmoredProtocol"],"picked":"Guardian:FloatingOrbs","floor":15}],"player_experience":44443,"relics_obtained":[{"floor":7,"key":"Whetstone"},{"floor":8,"key":"Ice Cream"}],"event_choices":[{"damage_healed":0,"gold_gain":0,"player_choice":"Box","damage_taken":0,"relics_obtained":["Ancient Tea Set"],"max_hp_gain":0,"max_hp_loss":0,"event_name":"Big Fish","floor":3,"gold_loss":0,"cards_obtained":["Regret"]}],"is_beta":false,"boss_relics":[],"items_purged_floors":[],"is_endless":false,"potions_floor_spawned":[2,8,9,14],"killed_by":"SI_SHIV_ARCHETYPE","ascension_level":0}}