{"host":"28bpuzdckreop5i0","time":1612452815,"event":{"mods":["Aspiration","BaseMod","Beaked The Cultist","Challenge The Spire","Conspire","Defuse TimeMaze Blight","Downfall","Energized Spire","GifTheSpireLib","Googly Eyes","Hubris","Infinite Spire","Minty Spire (QoL Compilation)","Relic Stats","Replay The Spire","Shop Mod","Spicy Shops","StSLib","Stuff the Spire","The Awakened One except there are too many feathers","The Construct","The Cursed","The Disciple","The Hierophant","The IronCluck","The Runesmith","Thieving Mod","Transform Curses","Wandering Minibosses","slay the spire mod where everything is the same but ironclad has a cowboy hat"],"gold_per_floor":[110,110,125,50,70,70,106,106,106,106,156,156,156],"floor_reached":12,"language":"ENG","playtime":481,"items_purged":["Strike_Br"],"score":76,"play_id":"9d13cb5f-053c-4219-9db7-dbcdf91dc183","local_time":"20210204093335","is_ascension_mode":false,"campfire_choices":[{"data":"Stagnate","floor":6.0,"key":"SMITH"},{"data":"WakeUpCall","floor":8.0,"key":"SMITH"}],"circlet_count":0,"master_deck":["Strike_Br","Strike_Br","Defend_Br","Defend_Br","Defend_Br","Defend_Br","SecondHand","PatternShift","Stagnate+1","WakeUpCall","AlternateTimeline","WakeUpCall+1","Engulf"],"relics":["Chronometer","NeowsBlessing","CeramicFish","StuffTheSpire:GrapeVine"],"acts_visited":["Exordium"],"potions_floor_usage":[12],"damage_taken":[{"damage":0.0,"enemies":"2 Louse","floor":1.0,"turns":1.0},{"damage":0.0,"enemies":"Cultist","floor":3.0,"turns":1.0},{"damage":0.0,"enemies":"Jaw Worm","floor":5.0,"turns":1.0},{"damage":8.0,"enemies":"Gremlin Nob","floor":7.0,"turns":3.0},{"damage":60,"enemies":"3 Sentries","floor":12,"turns":12}],"seed_played":"364733439106653034","potions_obtained":[{"floor":1.0,"key":"FearPotion"},{"floor":3.0,"key":"DuplicationPotion"}],"is_trial":false,"path_per_floor":["M","?","M","$","M","R","E","R","PTL","PTL","T","E"],"character_chosen":"CHRONO_CLASS","items_purchased":[],"campfire_rested":0,"item_purchase_floors":[],"current_hp_per_floor":[65,65,65,65,65,65,57,57,57,57,57,0,0],"gold":156,"neow_bonus":"THREE_ENEMY_KILL","is_daily":false,"chose_seed":false,"campfire_upgraded":2,"win_rate":0.0,"timestamp":1612452815,"path_taken":["M","?","M","$","?","R","E","R","PTL","PTL","T","E"],"items_purchased_type":[],"build_version":"2020-12-22","purchased_purges":1,"victory":false,"max_hp_per_floor":[65,65,65,65,65,65,65,65,65,65,65,65,65],"relic_stats":{"counters":[5,18],"CeramicFish":9,"obtain_stats":[{"NeowsBlessing":0,"Chronometer":0,"CeramicFish":7,"StuffTheSpire:GrapeVine":11},{"NeowsBlessing":0,"Chronometer":0,"CeramicFish":4,"StuffTheSpire:GrapeVine":4},{"NeowsBlessing":0,"Chronometer":0,"CeramicFish":6,"StuffTheSpire:GrapeVine":6}]},"card_choices":[{"not_picked":["LockedPlans","LockedUrn"],"picked":"Stagnate","floor":1.0},{"not_picked":["LockedBlood","Echoward"],"picked":"AlternateTimeline","floor":3.0},{"not_picked":["BiteCommand","Backlash"],"picked":"WakeUpCall","floor":5.0},{"not_picked":["MasterKey","ReapSow"],"picked":"Engulf","floor":7.0}],"player_experience":1024218,"relics_obtained":[{"floor":7.0,"key":"CeramicFish"},{"floor":11.0,"key":"StuffTheSpire:GrapeVine"}],"event_choices":[{"damage_healed":0.0,"max_hp_gain":0.0,"max_hp_loss":0.0,"gold_gain":0.0,"cards_transformed":["Strike_Br"],"event_name":"Transmorgrifier","player_choice":"Transformed","floor":2.0,"gold_loss":0.0,"damage_taken":0.0,"cards_obtained":["WakeUpCall"]}],"is_beta":false,"boss_relics":[],"items_purged_floors":[4],"is_endless":false,"potions_floor_spawned":[1,3],"killed_by":"3 Sentries","ascension_level":0}}