{"host":"n9lc5i44t98l6pio","time":1612478034,"event":{"mods":["BaseMod","Curses Come First","Downfall","Minty Spire (QoL Compilation)","Replay The Spire","Say the Spire","StSLib"],"gold_per_floor":[99,111,131,146,163,163,163,196,206,48,48,48,48,76,76,61,74,177,177,77,90,107,107,92,92,92,109,122,147,147,147,47,47,47,47],"floor_reached":33,"language":"ENG","playtime":1459,"items_purged":[],"score":300,"play_id":"e8949b03-3686-4b28-b5a9-e4ce2517ae3e","local_time":"20210204233354","is_ascension_mode":false,"campfire_choices":[{"data":"hexamod:Sear","floor":1.0,"key":"SMITH"},{"floor":13.0,"key":"REST"},{"floor":15.0,"key":"REST"},{"floor":20.0,"key":"RECALL"},{"floor":25.0,"key":"REST"},{"floor":32.0,"key":"REST"}],"circlet_count":0,"master_deck":["hexamod:Strike","hexamod:Strike","hexamod:Strike","hexamod:Strike","hexamod:Defend+1","hexamod:Defend+1","hexamod:Defend+1","hexamod:Defend+1","hexamod:Sear+1","hexamod:Float+1","Replay:Sssssssssstrike+1","hexamod:AdvancingGuard","hexamod:BurningTouch+1","hexamod:RainOfEmbers+1","hexamod:NightmareGuise","hexamod:ApocalypseNow+1","hexamod:GhostflameBarrier+1","hexamod:FlamesFromBeyond","hexamod:Hexaguard+1","hexamod:SixthSeal","hexamod:GhostShield+1","hexamod:SixthSeal","hexamod:ExtraCrispy+1","hexamod:BurningTouch","hexamod:EmpoweredFlame+1","hexamod:HexaLevel+1","hexamod:Hexaguard+1","hexamod:FlameSwitch"],"relics":["hexamod:UnbrokenSoul","Ornamental Fan","hexamod:RecyclingMachine","Mummified Hand","downfall:HeartBlessingBlue","Kunai","Lantern","downfall:HeartBlessingGreen"],"acts_visited":["Exordium","TheCity"],"potions_floor_usage":[],"damage_taken":[{"damage":5.0,"enemies":"Small Slimes","floor":2.0,"turns":3.0},{"damage":0.0,"enemies":"Cultist","floor":3.0,"turns":3.0},{"damage":1.0,"enemies":"2 Louse","floor":4.0,"turns":3.0},{"damage":29.0,"enemies":"Gremlin Gang","floor":5.0,"turns":5.0},{"damage":8.0,"enemies":"Lagavulin","floor":8.0,"turns":7.0},{"damage":0.0,"enemies":"3 Louse","floor":9.0,"turns":3.0},{"damage":0.0,"enemies":"downfall:FleeingMerchant","floor":10.0,"turns":4.0},{"damage":0.0,"enemies":"Replay:BlueRogue","floor":14.0,"turns":3.0},{"damage":1.0,"enemies":"downfall:FleeingMerchant","floor":16.0,"turns":4.0},{"damage":4.0,"enemies":"Large Slime","floor":17.0,"turns":3.0},{"damage":29.0,"enemies":"WA_ARCHETYPE_RETAIN","floor":18.0,"turns":6.0},{"damage":18.0,"enemies":"3 Byrds","floor":21.0,"turns":4.0},{"damage":20.0,"enemies":"Chosen","floor":22.0,"turns":6.0},{"damage":0.0,"enemies":"downfall:FleeingMerchant","floor":24.0,"turns":4.0},{"damage":20.0,"enemies":"Centurion and Healer","floor":27.0,"turns":6.0},{"damage":6.0,"enemies":"Snecko","floor":28.0,"turns":6.0},{"damage":30.0,"enemies":"Replay:Snechameleon","floor":29.0,"turns":6.0},{"damage":0,"enemies":"Chosen and Byrds","floor":33,"turns":1}],"seed_played":"-4924128110661826270","potions_obtained":[{"floor":2.0,"key":"sneckomod:MuddlingPotion"},{"floor":8.0,"key":"Guardian:BlockOnCardUsePotion"},{"floor":14.0,"key":"hexamod:DoubleChargePotion"},{"floor":17.0,"key":"FearPotion"},{"floor":18.0,"key":"hexamod:SoulburnPotion"},{"floor":22.0,"key":"DuplicationPotion"},{"floor":29.0,"key":"SpeedPotion"}],"is_trial":false,"path_per_floor":["R","M","M","M","M","?","T","E","M","$","PTL","PTL","R","E","R","$","M","B",null,"R","M","M","?","$","R","T","M","M","E","PTL","PTL","R","M"],"character_chosen":"THE_SPIRIT","items_purchased":["hexamod:RecyclingMachine"],"campfire_rested":4,"item_purchase_floors":[10],"current_hp_per_floor":[70,65,65,64,35,35,35,27,27,27,27,27,48,48,69,68,64,35,70,80,62,42,42,42,66,66,46,40,10,10,10,34,34,34,34],"gold":47,"neow_bonus":"RANDOM_COLORLESS","is_daily":false,"chose_seed":false,"campfire_upgraded":1,"win_rate":0.0,"timestamp":1612478034,"path_taken":["R","M","M","M","M","?","T","E","M","$","PTL","PTL","R","E","R","$","M","BOSS","R","M","M","?","$","R","T","M","M","E","PTL","PTL","R","?"],"items_purchased_type":["Relic"],"build_version":"2020-12-22","purchased_purges":0,"victory":false,"max_hp_per_floor":[70,70,70,70,70,70,70,70,70,70,70,70,70,70,70,70,70,70,70,80,80,80,80,80,80,80,80,80,80,80,80,80,80,80,80],"card_choices":[{"not_picked":["Trip","Replay:Parry"],"picked":"Replay:Sssssssssstrike","floor":0.0},{"not_picked":["hexamod:GhostShield","hexamod:SpectersWail"],"picked":"hexamod:AdvancingGuard","floor":2.0},{"not_picked":["hexamod:Firestarter","hexamod:RecurringNightmare"],"picked":"hexamod:BurningTouch","floor":3.0},{"not_picked":["hexamod:AdvancingGuard","hexamod:HauntingEcho"],"picked":"hexamod:RainOfEmbers","floor":4.0},{"not_picked":["hexamod:GhostShield","hexamod:FastForward"],"picked":"hexamod:NightmareGuise","floor":5.0},{"not_picked":["hexamod:GhostShield","hexamod:InspiringFlames"],"picked":"hexamod:ApocalypseNow","floor":8.0},{"not_picked":["hexamod:BacktrackSmack","hexamod:SoulSteal"],"picked":"hexamod:GhostflameBarrier","floor":9.0},{"not_picked":["hexamod:Hexaguard","hexamod:GhostLash"],"picked":"hexamod:FlamesFromBeyond","floor":10.0},{"not_picked":["hexamod:AdvancingGuard","hexamod:CatchUp"],"picked":"hexamod:Hexaguard","floor":14.0},{"not_picked":["hexamod:ThirdSeal","hexamod:FlamesFromBeyond"],"picked":"hexamod:SixthSeal","floor":16.0},{"not_picked":["hexamod:FastForward","hexamod:GhostOfSpireFuture"],"picked":"hexamod:GhostShield","floor":17.0},{"not_picked":["hexamod:WildfireWeapon","hexamod:SearingWound"],"picked":"hexamod:SixthSeal","floor":18.0},{"not_picked":["hexamod:GhostLash","hexamod:Hexaguard"],"picked":"hexamod:ExtraCrispy","floor":21.0},{"not_picked":["hexamod:Rewind","hexamod:GhostLash"],"picked":"hexamod:BurningTouch","floor":22.0},{"not_picked":["hexamod:NightmareGuise","hexamod:BurningTouch"],"picked":"hexamod:EmpoweredFlame+1","floor":24.0},{"not_picked":["hexamod:Hexaguard","hexamod:NecessarySacrifice+1"],"picked":"hexamod:HexaLevel","floor":27.0},{"not_picked":["hexamod:SpectersWail+1","hexamod:HeatMetal"],"picked":"hexamod:Hexaguard+1","floor":28.0},{"not_picked":["hexamod:HauntingEcho","hexamod:AdvancingGuard"],"picked":"hexamod:FlameSwitch","floor":29.0}],"player_experience":244958,"relics_obtained":[{"floor":8.0,"key":"Ornamental Fan"},{"floor":14.0,"key":"Mummified Hand"},{"floor":26.0,"key":"Kunai"},{"floor":29.0,"key":"Lantern"}],"event_choices":[{"damage_healed":0.0,"max_hp_gain":0.0,"max_hp_loss":0.0,"gold_gain":0.0,"event_name":"NoteForYourself","player_choice":"Ignored","floor":6.0,"gold_loss":0.0,"damage_taken":0.0}],"is_beta":false,"boss_relics":[{"not_picked":["Busted Crown","Philosopher\u0027s Stone"],"picked":"hexamod:UnbrokenSoul"}],"items_purged_floors":[],"is_endless":false,"potions_floor_spawned":[2,8,14,17,18,22,29],"killed_by":"Chosen and Byrds","ascension_level":0}}