{"host":"8rqsnaeml9gxb0kp","time":1612404152,"event":{"mods":["AchievementEnabler","BaseMod","Dark Map","Minty Spire (QoL Compilation)","Relic Stats","StSLib","slay the spire mod where everything is the same but ironclad has a cowboy hat"],"gold_per_floor":[164,182,196,33,45,45,45,45],"floor_reached":7,"language":"ENG","playtime":305,"items_purged":[],"score":80,"play_id":"f39767eb-17e0-4214-ac92-7a66af7e0ae6","local_time":"20210203180232","is_ascension_mode":true,"campfire_choices":[{"floor":6,"key":"REST"}],"circlet_count":0,"master_deck":["AscendersBane","Strike_R+1","Strike_R","Strike_R","Strike_R","Strike_R","Defend_R","Defend_R","Defend_R","Defend_R","Bash","Blood for Blood","Sword Boomerang","Cleave","Pummel","Feed","Cleave"],"relics":["Tiny House"],"acts_visited":["Exordium"],"potions_floor_usage":[5,7],"damage_taken":[{"damage":6,"enemies":"2 Louse","floor":1,"turns":4},{"damage":12,"enemies":"Jaw Worm","floor":2,"turns":3},{"damage":7,"enemies":"Small Slimes","floor":3,"turns":3},{"damage":28,"enemies":"Exordium Wildlife","floor":5,"turns":4},{"damage":65,"enemies":"Lagavulin","floor":7,"turns":8}],"seed_played":"3046218964855715675","potions_obtained":[{"floor":0,"key":"LiquidMemories"},{"floor":2,"key":"AttackPotion"}],"is_trial":false,"path_per_floor":["M","M","M","$","M","R","E"],"character_chosen":"IRONCLAD","items_purchased":["Feed"],"campfire_rested":1,"item_purchase_floors":[4],"current_hp_per_floor":[67,55,48,48,23,47,0,0],"gold":45,"neow_bonus":"BOSS_RELIC","is_daily":false,"chose_seed":false,"campfire_upgraded":0,"win_rate":0.0,"timestamp":1612404152,"path_taken":["M","M","M","$","M","R","E"],"items_purchased_type":["Card"],"build_version":"2020-12-22","purchased_purges":0,"victory":false,"max_hp_per_floor":[80,80,80,80,83,83,83,83],"relic_stats":{"counters":[5,22],"obtain_stats":[{"Tiny House":0,"Burning Blood":0},{"Tiny House":0,"Burning Blood":0},{"Tiny House":0,"Burning Blood":0}]},"card_choices":[{"not_picked":["Iron Wave","Second Wind"],"picked":"Blood for Blood","floor":0},{"not_picked":["Flame Barrier","True Grit"],"picked":"Sword Boomerang","floor":1},{"not_picked":["Rage","Dropkick"],"picked":"Cleave","floor":2},{"not_picked":["Wild Strike","Sword Boomerang"],"picked":"Pummel","floor":3},{"not_picked":["Pummel","True Grit"],"picked":"Cleave","floor":5}],"player_experience":178236,"relics_obtained":[],"event_choices":[],"is_beta":false,"boss_relics":[],"items_purged_floors":[],"is_endless":false,"potions_floor_spawned":[2],"killed_by":"Lagavulin","ascension_level":17}}