{"host":"phniwng9zo19jwdb","time":1612459817,"event":{"mods":["AchievementEnabler","BaseMod","Colored Powertips","Dark Map","Faster Ascension Climbing","GifTheSpireLib","Minty Spire (QoL Compilation)","Permanent Neow","Rare Cards Sparkle","Relic Filter Mod","StSLib","Weighted Paths"],"gold_per_floor":[117,129,145,159,175,206,206,237,237,253,233,233,253,286,286,357,357,369,383,383,383],"floor_reached":20,"language":"ENG","playtime":861,"items_purged":[],"score":366,"play_id":"e81d9210-0ae2-4b96-a8cc-42e7ea754d96","local_time":"20210204183017","is_ascension_mode":true,"campfire_choices":[{"data":"Armaments","floor":7,"key":"SMITH"},{"floor":12,"key":"REST"},{"data":"True Grit","floor":15,"key":"SMITH"}],"circlet_count":0,"master_deck":["AscendersBane","Strike_R","Strike_R","Strike_R","Strike_R","Strike_R","Defend_R","Defend_R","Defend_R","Defend_R","Bash","Clumsy","Demon Form","Dark Embrace","Twin Strike","Armaments+1","Twin Strike","Shrug It Off","Headbutt","Burning Pact","Iron Wave","Seeing Red","True Grit+1","Offering","Shrug It Off","Disarm"],"relics":["Burning Blood","Mango","Peace Pipe","Magic Flower","Mummified Hand","Philosopher\u0027s Stone"],"acts_visited":["Exordium","TheCity"],"potions_floor_usage":[4,5,16,17,19],"damage_taken":[{"damage":19.0,"enemies":"Jaw Worm","floor":1.0,"turns":5.0},{"damage":1,"enemies":"Cultist","floor":2,"turns":3},{"damage":7,"enemies":"Small Slimes","floor":3,"turns":4},{"damage":0,"enemies":"3 Louse","floor":4,"turns":3},{"damage":5,"enemies":"Gremlin Gang","floor":5,"turns":4},{"damage":40,"enemies":"3 Sentries","floor":6,"turns":6},{"damage":31,"enemies":"Gremlin Nob","floor":8,"turns":4},{"damage":11,"enemies":"Large Slime","floor":10,"turns":7},{"damage":0,"enemies":"3 Louse","floor":13,"turns":4},{"damage":24,"enemies":"3 Sentries","floor":14,"turns":7},{"damage":28,"enemies":"Slime Boss","floor":16,"turns":9},{"damage":44,"enemies":"3 Byrds","floor":18,"turns":7},{"damage":30,"enemies":"2 Thieves","floor":19,"turns":5},{"damage":17,"enemies":"Shelled Parasite and Fungi","floor":20,"turns":2}],"seed_played":"7571406785000461965","potions_obtained":[{"floor":1.0,"key":"Explosive Potion"},{"floor":2,"key":"Explosive Potion"},{"floor":8,"key":"EssenceOfSteel"},{"floor":10,"key":"Regen Potion"},{"floor":16,"key":"Fruit Juice"},{"floor":18,"key":"BlessingOfTheForge"}],"is_trial":false,"path_per_floor":["M","M","M","M","M","E","R","E","T","M","?","R","M","E","R","B",null,"M","M","M"],"character_chosen":"IRONCLAD","items_purchased":[],"campfire_rested":1,"item_purchase_floors":[],"current_hp_per_floor":[55,60,59,65,66,46,46,21,21,19,19,45,54,39,39,44,83,48,27,10,10],"gold":383,"neow_bonus":"THREE_RARE_CARDS","is_daily":false,"chose_seed":false,"campfire_upgraded":2,"win_rate":0.0,"timestamp":1612459817,"path_taken":["M","M","M","M","M","E","R","E","T","M","?","R","M","E","R","BOSS","M","M","M"],"items_purchased_type":[],"build_version":"2020-12-22","purchased_purges":0,"victory":false,"max_hp_per_floor":[75,75,75,75,75,89,89,89,89,89,89,89,89,89,89,89,94,94,94,94,94],"card_choices":[{"not_picked":["Berserk","Limit Break"],"picked":"Demon Form","floor":0.0},{"not_picked":["Combust","Pommel Strike"],"picked":"Dark Embrace","floor":1.0},{"not_picked":["Clash","Thunderclap"],"picked":"Twin Strike","floor":2},{"not_picked":["Fiend Fire","Sever Soul"],"picked":"Armaments","floor":3},{"not_picked":["Infernal Blade","Uppercut"],"picked":"Twin Strike","floor":4},{"not_picked":["Combust","Thunderclap"],"picked":"Shrug It Off","floor":5},{"not_picked":["Anger","Demon Form"],"picked":"Headbutt","floor":6},{"not_picked":["Armaments","Spot Weakness"],"picked":"Burning Pact","floor":8},{"not_picked":["Dropkick","Rage"],"picked":"Iron Wave","floor":10},{"not_picked":["Rampage","Clash"],"picked":"Seeing Red","floor":13},{"not_picked":["Anger","Body Slam"],"picked":"True Grit","floor":14},{"not_picked":["Fiend Fire","Immolate"],"picked":"Offering","floor":16},{"not_picked":["Cleave","Headbutt"],"picked":"Shrug It Off","floor":18},{"not_picked":["Shrug It Off","Spot Weakness"],"picked":"Disarm","floor":19}],"player_experience":86651,"relics_obtained":[{"floor":6,"key":"Mango"},{"floor":8,"key":"Peace Pipe"},{"floor":9,"key":"Magic Flower"},{"floor":14,"key":"Mummified Hand"}],"event_choices":[{"damage_healed":0,"gold_gain":0,"player_choice":"Bought 1 Potion","damage_taken":0,"max_hp_gain":0,"max_hp_loss":0,"event_name":"The Woman in Blue","floor":11,"gold_loss":0}],"is_beta":false,"boss_relics":[{"not_picked":["Empty Cage","Ectoplasm"],"picked":"Philosopher\u0027s Stone"}],"items_purged_floors":[],"is_endless":false,"potions_floor_spawned":[1,2,8,10,14,16,18],"killed_by":"Shelled Parasite and Fungi","ascension_level":17}}