{"host":"2hea6pl5vmah38iy","time":1612440471,"event":{"mods":["AchievementEnabler","BaseMod","Colored Map","DeckTracker","Keyboard Shortcuts","Minty Spire (QoL Compilation)","Rare Cards Sparkle","StSLib","SuperFastMode","everything is the same but u backflip on backflip"],"gold_per_floor":[17,27,27,39,50,50,81,100,100,118,118,138,138,138,138,138,138],"floor_reached":16,"language":"KOR","playtime":574,"items_purged":[],"score":198,"play_id":"750252c0-93c4-4191-bdc2-36c501dcbeeb","local_time":"20210204210751","is_ascension_mode":true,"campfire_choices":[{"data":"Defragment","floor":6,"key":"SMITH"},{"floor":11,"key":"REST"},{"floor":15,"key":"REST"}],"circlet_count":0,"master_deck":["AscendersBane","Strike_B","Strike_B","Strike_B","Defend_B","Defend_B","Defend_B","Defend_B","Zap","Dualcast","Core Surge","Beam Cell","Heatsinks","Amplify","Aggregate","Defragment+1","Recycle","Glacier","Consume","Chill"],"relics":["Cracked Core","Bag of Marbles","Darkstone Periapt"],"acts_visited":["Exordium"],"potions_floor_usage":[7,8,14],"damage_taken":[{"damage":10,"enemies":"2 Louse","floor":1,"turns":2},{"damage":13,"enemies":"Small Slimes","floor":2,"turns":3},{"damage":2,"enemies":"Jaw Worm","floor":4,"turns":3},{"damage":11,"enemies":"Blue Slaver","floor":5,"turns":3},{"damage":32,"enemies":"Gremlin Nob","floor":7,"turns":4},{"damage":0,"enemies":"2 Fungi Beasts","floor":8,"turns":1},{"damage":9,"enemies":"Red Slaver","floor":10,"turns":3},{"damage":21,"enemies":"Lots of Slimes","floor":12,"turns":9},{"damage":1,"enemies":"The Mushroom Lair","floor":14,"turns":2},{"damage":18,"enemies":"Hexaghost","floor":16,"turns":12}],"seed_played":"-6401709643012705337","potions_obtained":[{"floor":2,"key":"AttackPotion"},{"floor":5,"key":"FairyPotion"},{"floor":7,"key":"ColorlessPotion"},{"floor":12,"key":"SmokeBomb"}],"is_trial":false,"path_per_floor":["M","M","?","M","M","R","E","M","T","M","R","M","?","?","R","B"],"character_chosen":"DEFECT","items_purchased":[],"campfire_rested":2,"item_purchase_floors":[],"current_hp_per_floor":[54,41,41,39,28,28,21,21,21,12,33,12,12,11,32,14,14],"gold":138,"neow_bonus":"THREE_RARE_CARDS","is_daily":false,"chose_seed":false,"campfire_upgraded":1,"win_rate":0.0,"timestamp":1612440471,"path_taken":["M","M","?","M","M","R","E","M","T","M","R","M","?","?","R","BOSS"],"items_purchased_type":[],"build_version":"2020-12-22","purchased_purges":0,"victory":false,"max_hp_per_floor":[71,71,71,71,71,71,71,71,71,71,71,71,71,71,71,71,71],"card_choices":[{"not_picked":["Meteor Strike","Thunder Strike"],"picked":"Core Surge","floor":0},{"not_picked":["Reprogram","Stack"],"picked":"Beam Cell","floor":1},{"not_picked":["Gash","Conserve Battery"],"picked":"Heatsinks","floor":2},{"not_picked":["Turbo","Reprogram"],"picked":"Aggregate","floor":4},{"not_picked":["Cold Snap","Chaos"],"picked":"Defragment","floor":5},{"not_picked":["Gash","Compile Driver"],"picked":"Recycle","floor":7},{"not_picked":["Go for the Eyes","Barrage"],"picked":"Glacier","floor":8},{"not_picked":["Turbo","Tempest"],"picked":"Consume","floor":10},{"not_picked":["Double Energy","Leap"],"picked":"Chill","floor":12}],"player_experience":560850,"relics_obtained":[{"floor":7,"key":"Bag of Marbles"},{"floor":9,"key":"Darkstone Periapt"}],"event_choices":[{"damage_healed":0,"gold_gain":0,"cards_transformed":["Strike_B"],"player_choice":"Change","damage_taken":0,"max_hp_gain":0,"max_hp_loss":0,"event_name":"Living Wall","floor":3,"gold_loss":0,"cards_obtained":["Amplify"]},{"damage_healed":0,"gold_gain":0,"player_choice":"Ignored","damage_taken":0,"max_hp_gain":0,"max_hp_loss":0,"event_name":"Shining Light","floor":13,"gold_loss":0},{"damage_healed":0,"gold_gain":0,"player_choice":"Fought Mushrooms","damage_taken":0,"max_hp_gain":0,"max_hp_loss":0,"event_name":"Mushrooms","floor":14,"gold_loss":0}],"is_beta":false,"boss_relics":[],"items_purged_floors":[],"is_endless":false,"potions_floor_spawned":[2,5,7,12],"killed_by":"Hexaghost","ascension_level":18}}