{"host":"neeznpvpgo0qgfkd","time":1612434414,"event":{"mods":["AchievementEnabler","BaseMod","BetterRewards","Colored Map","Colored Powertips","Exacting","Minty Spire (QoL Compilation)","Permanent Neow","Quick Restart","Shop Mod"],"gold_per_floor":[112,187,202,202,214,245,245,245,323,367,390,426,68,93,93,214,214,233,152,152,177,97,140,140,178,178,178,202,225,225,244,244,370,370,390,458,314,647,647,647,647],"floor_reached":40,"language":"ENG","playtime":1805,"items_purged":["Regret"],"score":657,"play_id":"12171597-c8f4-4153-8744-ac0fcae61c62","local_time":"20210204052654","is_ascension_mode":true,"campfire_choices":[{"floor":7.0,"key":"REST"},{"floor":15.0,"key":"REST"},{"floor":24.0,"key":"RECALL"},{"floor":27.0,"key":"REST"},{"floor":32.0,"key":"REST"}],"circlet_count":0,"master_deck":["Strike_G","Strike_G","Strike_G","Strike_G","Strike_G","Defend_G","Defend_G","Defend_G","Defend_G","Defend_G","Survivor","Neutralize","Infinite Blades","Riddle With Holes","Footwork","Infinite Blades","Leg Sweep","Adrenaline","Footwork+1","Footwork+1","Phantasmal Killer","Backflip","Envenom+1","Accuracy+1","Infinite Blades+1","Accuracy+1","A Thousand Cuts+1","Corpse Explosion","Dagger Spray+1","Envenom+1"],"relics":["Ring of the Snake","StrikeDummy","Pocketwatch","OrangePellets","Pen Nib","Bird Faced Urn","Frozen Egg 2","Smiling Mask","Strawberry","Sling","PreservedInsect","WristBlade","Sundial","Pear","Dream Catcher","Black Star","Girya","Blood Vial"],"acts_visited":["Exordium","TheCity","TheBeyond"],"potions_floor_usage":[36,36,36,36],"damage_taken":[{"damage":7.0,"enemies":"2 Louse","floor":1.0,"turns":3.0},{"damage":5.0,"enemies":"Small Slimes","floor":3.0,"turns":3.0},{"damage":0.0,"enemies":"Cultist","floor":5.0,"turns":4.0},{"damage":21.0,"enemies":"Lagavulin","floor":6.0,"turns":5.0},{"damage":11.0,"enemies":"Gremlin Nob","floor":10.0,"turns":4.0},{"damage":5.0,"enemies":"Red Slaver","floor":11.0,"turns":2.0},{"damage":5.0,"enemies":"Lagavulin","floor":12.0,"turns":6.0},{"damage":2.0,"enemies":"Large Slime","floor":14.0,"turns":5.0},{"damage":42.0,"enemies":"The Guardian","floor":16.0,"turns":11.0},{"damage":33.0,"enemies":"2 Thieves","floor":18.0,"turns":3.0},{"damage":0.0,"enemies":"Chosen","floor":21.0,"turns":4.0},{"damage":34.0,"enemies":"Slavers","floor":23.0,"turns":3.0},{"damage":28.0,"enemies":"Gremlin Leader","floor":25.0,"turns":4.0},{"damage":26.0,"enemies":"Centurion and Healer","floor":28.0,"turns":4.0},{"damage":22.0,"enemies":"Snake Plant","floor":29.0,"turns":4.0},{"damage":16.0,"enemies":"Snecko","floor":31.0,"turns":4.0},{"damage":34.0,"enemies":"Champ","floor":33.0,"turns":7.0},{"damage":43.0,"enemies":"3 Darklings","floor":35.0,"turns":3.0},{"damage":77,"enemies":"2 Orb Walkers","floor":36,"turns":4},{"damage":46,"enemies":"Nemesis","floor":40,"turns":3}],"seed_played":"-1744471189046507671","potions_obtained":[{"floor":1.0,"key":"PowerPotion"},{"floor":3.0,"key":"Strength Potion"},{"floor":10.0,"key":"CunningPotion"},{"floor":14.0,"key":"FearPotion"},{"floor":18.0,"key":"EssenceOfSteel"},{"floor":21.0,"key":"FairyPotion"},{"floor":28.0,"key":"AttackPotion"},{"floor":30.0,"key":"EntropicBrew"},{"floor":30.0,"key":"SpeedPotion"},{"floor":30.0,"key":"AttackPotion"},{"floor":33.0,"key":"Dexterity Potion"},{"floor":36,"key":"Explosive Potion"}],"is_trial":false,"path_per_floor":["M","?","M","?","M","E","R","?","T","E","M","E","$","M","R","B",null,"M","$","?","M","$","E","R","E","T","R","M","M","?","M","R","B",null,"M","?","$","?","?","E"],"character_chosen":"THE_SILENT","items_purchased":["StrikeDummy","Infinite Blades","OrangePellets","Riddle With Holes","Footwork","Sling","PreservedInsect","Infinite Blades+1","Accuracy+1","Blood Vial"],"campfire_rested":4,"item_purchase_floors":[0,0,0,0,0,13,13,19,22,37],"current_hp_per_floor":[56,45,40,40,40,19,40,40,40,33,30,42,42,50,73,41,68,47,47,47,61,61,35,35,33,33,59,51,39,39,37,63,49,78,51,26,26,26,26,0,0],"gold":647,"neow_bonus":"","is_daily":false,"chose_seed":false,"campfire_upgraded":0,"win_rate":0.0,"timestamp":1612434414,"path_taken":["M","?","M","?","M","E","R","?","T","E","M","E","$","M","R","BOSS","M","$","?","?","?","E","R","E","T","R","M","M","?","M","R","BOSS","M","?","$","?","?","E"],"items_purchased_type":["Relic","Card","Relic","Card","Card","Relic","Relic","Card","Card","Relic"],"build_version":"2020-12-22","purchased_purges":1,"victory":false,"max_hp_per_floor":[70,70,70,70,70,70,70,70,70,70,70,77,77,77,77,77,77,77,77,77,77,77,77,77,87,87,87,87,87,87,87,87,87,87,87,87,87,87,87,87,87],"card_choices":[{"not_picked":["Dodge and Roll","Skewer"],"picked":"Infinite Blades","floor":1.0},{"not_picked":["PiercingWail","Outmaneuver"],"picked":"Leg Sweep","floor":3.0},{"not_picked":["Dagger Throw","Blade Dance"],"picked":"Adrenaline","floor":5.0},{"not_picked":["Acrobatics","Backflip","Storm of Steel"],"picked":"SKIP","floor":6.0},{"not_picked":["Flying Knee","Blade Dance"],"picked":"Footwork+1","floor":10.0},{"not_picked":["Flechettes","Quick Slash"],"picked":"Footwork+1","floor":11.0},{"not_picked":["Blur","Acrobatics"],"picked":"Phantasmal Killer","floor":12.0},{"not_picked":["Heel Hook","Skewer"],"picked":"Backflip","floor":14.0},{"not_picked":["A Thousand Cuts+1","Phantasmal Killer"],"picked":"Envenom+1","floor":16.0},{"not_picked":["Bane","Deadly Poison"],"picked":"Accuracy+1","floor":18.0},{"not_picked":["Slice+1","Dagger Throw","PiercingWail+1"],"picked":"SKIP","floor":21.0},{"not_picked":["Endless Agony","Deadly Poison+1","Acrobatics+1"],"picked":"SKIP","floor":23.0},{"not_picked":["Heel Hook","Setup","Sucker Punch+1"],"picked":"SKIP","floor":25.0},{"not_picked":["Quick Slash","Underhanded Strike"],"picked":"A Thousand Cuts+1","floor":28.0},{"not_picked":["Concentrate","Dagger Throw","Deadly Poison+1"],"picked":"SKIP","floor":29.0},{"not_picked":["Skewer","Dodge and Roll","Cloak And Dagger"],"picked":"SKIP","floor":31.0},{"not_picked":["Malaise","Unload"],"picked":"Corpse Explosion","floor":33.0},{"not_picked":["Backflip+1","Bane"],"picked":"Dagger Spray+1","floor":35.0},{"not_picked":["Cloak And Dagger","Backflip"],"picked":"Envenom+1","floor":36}],"player_experience":1305406,"relics_obtained":[{"floor":6.0,"key":"Bird Faced Urn"},{"floor":10.0,"key":"Frozen Egg 2"},{"floor":10.0,"key":"Smiling Mask"},{"floor":12.0,"key":"Strawberry"},{"floor":23.0,"key":"Sundial"},{"floor":25.0,"key":"Pear"},{"floor":26.0,"key":"Dream Catcher"},{"floor":36,"key":"Girya"}],"event_choices":[{"damage_healed":0.0,"max_hp_gain":0.0,"max_hp_loss":0.0,"gold_gain":75.0,"event_name":"World of Goop","player_choice":"Gather Gold","floor":2.0,"gold_loss":0.0,"damage_taken":11.0},{"damage_healed":0.0,"max_hp_gain":0.0,"max_hp_loss":0.0,"gold_gain":0.0,"event_name":"Big Fish","player_choice":"Box","floor":4.0,"gold_loss":0.0,"damage_taken":0.0,"relics_obtained":["Pen Nib"],"cards_obtained":["Regret"]},{"damage_healed":0.0,"max_hp_gain":0.0,"max_hp_loss":0.0,"gold_gain":0.0,"event_name":"Golden Idol","player_choice":"Take Wound","floor":8.0,"gold_loss":0.0,"damage_taken":0.0,"relics_obtained":["Golden Idol"],"cards_obtained":["Injury"]},{"cards_removed":["Injury"],"damage_healed":0.0,"max_hp_gain":0.0,"max_hp_loss":0.0,"gold_gain":0.0,"event_name":"Fountain of Cleansing","player_choice":"Removed Curses","floor":20.0,"gold_loss":0.0,"damage_taken":0.0},{"damage_healed":0.0,"max_hp_gain":0.0,"max_hp_loss":0.0,"gold_gain":0.0,"event_name":"Lab","player_choice":"Got Potions","floor":30.0,"gold_loss":0.0,"damage_taken":0.0},{"damage_healed":0,"gold_gain":0,"player_choice":"Fight","damage_taken":0,"max_hp_gain":0,"max_hp_loss":0,"event_name":"Mysterious Sphere","floor":36,"gold_loss":0},{"damage_healed":0,"gold_gain":333,"player_choice":"Gave Idol","damage_taken":0,"max_hp_gain":0,"max_hp_loss":0,"event_name":"The Moai Head","floor":38,"relics_lost":["Golden Idol"],"gold_loss":0},{"damage_healed":0,"gold_gain":0,"player_choice":"Ignored","damage_taken":0,"max_hp_gain":0,"max_hp_loss":0,"event_name":"SecretPortal","floor":39,"gold_loss":0}],"is_beta":false,"boss_relics":[{"not_picked":["Empty Cage","Philosopher\u0027s Stone"],"picked":"WristBlade"},{"not_picked":["Snecko Eye","Ring of the Serpent"],"picked":"Black Star"}],"items_purged_floors":[13],"is_endless":false,"potions_floor_spawned":[1,3,10,14,18,21,28,33,35,36],"killed_by":"Nemesis","ascension_level":6}}