{"host":"p8bnstsjdxjza4jm","time":1612455758,"event":{"mods":["BaseMod","Colored Powertips","Marisa£¨Ùöéë¡¡Øª×âÞÞ£©","Minty Spire (QoL Compilation)","Quick Restart","StSLib"],"gold_per_floor":[112,112,112,112,132,132,146,71,71,90,102,102,102,121,121,217,217,203,56,0,20,30,30,40,40,40],"floor_reached":25,"language":"KOR","playtime":1633,"items_purged":["Defend_G"],"score":195,"play_id":"e1ba430f-521b-438c-8208-26f575381d6e","local_time":"20210205012238","is_ascension_mode":false,"campfire_choices":[{"data":"Neutralize","floor":6,"key":"SMITH"},{"data":"Deadly Poison","floor":12,"key":"SMITH"},{"floor":15,"key":"REST"},{"floor":23,"key":"REST"}],"circlet_count":0,"master_deck":["Strike_G","Strike_G","Strike_G","Defend_G","Defend_G","Defend_G","Survivor","Neutralize+1","Deadly Poison+1","Poisoned Stab","Noxious Fumes+1","Slice+1","Slice+1"],"relics":["Ring of the Snake","Snake Skull","Mummified Hand","Art of War","Empty Cage","Dream Catcher"],"acts_visited":["Exordium","TheCity"],"potions_floor_usage":[16,16,16],"damage_taken":[{"damage":0,"enemies":"Jaw Worm","floor":1,"turns":5},{"damage":3,"enemies":"2 Louse","floor":5,"turns":4},{"damage":0,"enemies":"Small Slimes","floor":7,"turns":4},{"damage":12,"enemies":"Gremlin Gang","floor":10,"turns":7},{"damage":7,"enemies":"Large Slime","floor":11,"turns":7},{"damage":3,"enemies":"Red Slaver","floor":14,"turns":3},{"damage":26,"enemies":"Hexaghost","floor":16,"turns":6},{"damage":16,"enemies":"2 Thieves","floor":18,"turns":4},{"damage":0,"enemies":"Shell Parasite","floor":21,"turns":6},{"damage":27,"enemies":"Shelled Parasite and Fungi","floor":22,"turns":5},{"damage":12,"enemies":"Centurion and Healer","floor":24,"turns":6},{"damage":38,"enemies":"Sentry and Sphere","floor":25,"turns":5}],"seed_played":"-512839037194650698","potions_obtained":[{"floor":10,"key":"ColorlessPotion"},{"floor":11,"key":"ColorlessPotion"},{"floor":14,"key":"Poison Potion"},{"floor":21,"key":"Energy Potion"},{"floor":24,"key":"LiquidMemories"}],"is_trial":false,"path_per_floor":["M","?","?","?","M","R","M","$","T","M","M","R","?","M","R","B",null,"M","$","?","M","M","R","M","M"],"character_chosen":"THE_SILENT","items_purchased":["Dream Catcher"],"campfire_rested":2,"item_purchase_floors":[19],"current_hp_per_floor":[70,63,63,63,60,60,60,60,60,48,41,41,41,38,59,33,70,54,54,54,54,27,48,36,0,0],"gold":40,"neow_bonus":"RANDOM_COMMON_RELIC","is_daily":false,"chose_seed":false,"campfire_upgraded":2,"win_rate":0.0,"timestamp":1612455758,"path_taken":["M","?","?","?","?","R","M","$","T","M","M","R","?","?","R","BOSS","M","$","?","M","M","R","M","M"],"items_purchased_type":["Relic"],"build_version":"2020-12-22","purchased_purges":1,"victory":false,"max_hp_per_floor":[70,70,70,70,70,70,70,70,70,70,70,70,70,70,70,70,70,70,70,70,70,70,70,70,70,70],"card_choices":[{"not_picked":["Outmaneuver","Prepared","Underhanded Strike"],"picked":"SKIP","floor":1},{"not_picked":["Blade Dance","Deflect","Tools of the Trade"],"picked":"SKIP","floor":5},{"not_picked":["Reflex","Cloak And Dagger"],"picked":"Deadly Poison","floor":7},{"not_picked":["Skewer","Outmaneuver","Blur"],"picked":"SKIP","floor":10},{"not_picked":["Acrobatics","Prepared","Infinite Blades"],"picked":"SKIP","floor":11},{"not_picked":["Endless Agony","PiercingWail","Backflip"],"picked":"SKIP","floor":14},{"not_picked":["Dodge and Roll","Deflect","Footwork"],"picked":"SKIP","floor":18},{"not_picked":["Quick Slash","Backflip"],"picked":"Poisoned Stab","floor":21},{"not_picked":["Deadly Poison","Quick Slash+1"],"picked":"Noxious Fumes+1","floor":22},{"not_picked":["Calculated Gamble","Underhanded Strike"],"picked":"Slice+1","floor":23},{"not_picked":["Burst","Dodge and Roll"],"picked":"Slice+1","floor":24}],"player_experience":89452,"relics_obtained":[{"floor":9,"key":"Art of War"}],"event_choices":[{"damage_healed":0,"gold_gain":0,"player_choice":"Success","damage_taken":7,"relics_obtained":["Mummified Hand"],"max_hp_gain":0,"max_hp_loss":0,"event_name":"Scrap Ooze","floor":2,"gold_loss":0},{"cards_removed":["Strike_G"],"damage_healed":0,"gold_gain":0,"player_choice":"Forget","damage_taken":0,"max_hp_gain":0,"max_hp_loss":0,"event_name":"Living Wall","floor":3,"gold_loss":0},{"damage_healed":0,"gold_gain":0,"player_choice":"Ignored","damage_taken":0,"max_hp_gain":0,"max_hp_loss":0,"event_name":"NoteForYourself","floor":4,"gold_loss":0},{"damage_healed":0,"gold_gain":0,"player_choice":"0 cards matched","damage_taken":0,"max_hp_gain":0,"max_hp_loss":0,"event_name":"Match and Keep!","floor":13,"gold_loss":0,"cards_obtained":[]},{"damage_healed":0,"gold_gain":0,"player_choice":"Paid Fearfully","damage_taken":0,"max_hp_gain":0,"max_hp_loss":0,"event_name":"Masked Bandits","floor":20,"gold_loss":56}],"is_beta":false,"boss_relics":[{"not_picked":["Sozu","Pandora\u0027s Box"],"picked":"Empty Cage"}],"items_purged_floors":[8],"is_endless":false,"potions_floor_spawned":[10,11,14,21,24],"killed_by":"Sentry and Sphere","ascension_level":0}}