{"host":"8d3fefv2347kqkpz","time":1612441136,"event":{"mods":["AchievementEnabler","Act Like it!","Aspiration","BaseMod","Better Vampires","Colored Map","Colored Powertips","Conspire","GifTheSpireLib","Highlight Path","Hubris","Mimic Mod","Minty Spire (QoL Compilation)","Quick Restart","Rare Cards Sparkle","Relic Stats","Replay The Spire","Spicy Shops","StSLib","The Jungle","Waifu the Spire"],"gold_per_floor":[112,130,4,4,23,23,58,58,58,58,58,72,72,85,85,186,186,201,212,230,190,210,236,236,236,261,261,278,293,306,79,79,174,174,193,213,213,230,240,240,240,240],"floor_reached":41,"language":"ZHS","playtime":1430,"items_purged":["Defend_R"],"score":595,"play_id":"c0e91859-eed8-4722-84eb-049c0deb4ebd","local_time":"20210204201856","is_ascension_mode":true,"campfire_choices":[{"data":"Metallicize","floor":6.0,"key":"SMITH"},{"data":"Cleave","floor":8.0,"key":"SMITH"},{"data":"Bash","floor":10.0,"key":"SMITH"},{"floor":13.0,"key":"REST"},{"data":"Armaments","floor":15.0,"key":"SMITH"},{"floor":24,"key":"REST"},{"data":"Searing Blow","floor":27,"key":"SMITH"},{"floor":32,"key":"REST"},{"floor":40,"key":"REST"}],"circlet_count":0,"master_deck":["Strike_R","Strike_R+1","Strike_R+1","Strike_R","Defend_R+1","Defend_R+1","Defend_R+1","Bash+1","Cleave+1","Metallicize+1","Flame Barrier+1","Armaments+1","Searing Blow+2","Armaments+1"],"relics":["Burning Blood","NeowsBlessing","ReplayTheSpireMod:Lightbulb","InkBottle","hubris:RunicObelisk","Bag of Marbles","Whetstone"],"acts_visited":["Exordium","TheCity","TheBeyond"],"potions_floor_usage":[23,23,33],"damage_taken":[{"damage":0.0,"enemies":"2 Louse","floor":1.0,"turns":1.0},{"damage":0.0,"enemies":"Cultist","floor":2.0,"turns":1.0},{"damage":0.0,"enemies":"Jaw Worm","floor":5.0,"turns":1.0},{"damage":16.0,"enemies":"3 Sentries","floor":7.0,"turns":8.0},{"damage":11.0,"enemies":"Exordium Thugs","floor":12.0,"turns":6.0},{"damage":6.0,"enemies":"Gremlin Gang","floor":14.0,"turns":3.0},{"damage":6,"enemies":"The Guardian","floor":16,"turns":15},{"damage":17,"enemies":"Spheric Guardian","floor":18,"turns":7},{"damage":5,"enemies":"Chosen","floor":19,"turns":4},{"damage":13,"enemies":"Snecko","floor":20,"turns":6},{"damage":13,"enemies":"Snake Plant","floor":22,"turns":6},{"damage":35,"enemies":"Slavers","floor":23,"turns":7},{"damage":16,"enemies":"Centurion and Healer","floor":28,"turns":13},{"damage":9,"enemies":"Sentry and Sphere","floor":29,"turns":8},{"damage":16,"enemies":"3 Cultists","floor":30,"turns":8},{"damage":45,"enemies":"Pondfish","floor":33,"turns":12},{"damage":15,"enemies":"Orb Walker","floor":35,"turns":4},{"damage":7,"enemies":"3 Shapes","floor":36,"turns":5},{"damage":21,"enemies":"Jaw Worm Horde","floor":38,"turns":8},{"damage":32,"enemies":"Sphere and 2 Shapes","floor":39,"turns":8},{"damage":54,"enemies":"Maw","floor":41,"turns":8}],"seed_played":"1941770602497093478","potions_obtained":[{"floor":2.0,"key":"LiquidBronze"},{"floor":7.0,"key":"SneckoOil"},{"floor":12.0,"key":"AttackPotion"},{"floor":14.0,"key":"PowerPotion"},{"floor":23,"key":"SteroidPotion"},{"floor":29,"key":"Energy Potion"},{"floor":33,"key":"Strength Potion"}],"is_trial":false,"path_per_floor":["M","M","$","?","M","R","E","R","T","R","?","M","R","M","R","B",null,"M","M","M","?","M","E","R","?","T","R","M","M","M","$","R","B",null,"M","M","?","M","M","R","M"],"character_chosen":"IRONCLAD","items_purchased":["Metallicize","Flame Barrier+1","Whetstone"],"campfire_rested":4,"item_purchase_floors":[3,3,31],"current_hp_per_floor":[80,80,80,64,70,70,60,60,60,60,60,55,79,79,79,79,80,69,70,63,63,56,27,51,45,45,45,35,32,22,22,46,7,80,71,70,70,55,29,53,0,0],"gold":240,"neow_bonus":"THREE_ENEMY_KILL","is_daily":false,"chose_seed":false,"campfire_upgraded":5,"win_rate":0.0,"timestamp":1612441136,"path_taken":["M","M","$","?","M","R","E","R","T","R","?","M","R","M","R","BOSS","M","M","?","?","?","E","R","?","T","R","?","M","?","$","R","BOSS","M","M","?","M","M","R","M"],"items_purchased_type":["Card","Card","Relic"],"build_version":"2020-12-22","purchased_purges":1,"victory":false,"max_hp_per_floor":[80,80,80,80,80,80,80,80,80,80,80,80,80,80,80,80,80,80,80,80,80,80,80,80,80,80,80,80,80,80,80,80,80,80,80,80,80,80,80,80,80,80],"relic_stats":{"counters":[21,139],"Whetstone":["Searing Blow","Strike_R"],"obtain_stats":[{"NeowsBlessing":0,"Bag of Marbles":26,"Whetstone":31,"hubris:RunicObelisk":17,"ReplayTheSpireMod:Lightbulb":7,"Burning Blood":0,"InkBottle":9},{"NeowsBlessing":0,"Bag of Marbles":12,"Whetstone":15,"hubris:RunicObelisk":7,"ReplayTheSpireMod:Lightbulb":4,"Burning Blood":0,"InkBottle":4},{"NeowsBlessing":0,"Bag of Marbles":65,"Whetstone":94,"hubris:RunicObelisk":35,"ReplayTheSpireMod:Lightbulb":11,"Burning Blood":0,"InkBottle":11}],"Burning Blood":108,"InkBottle":[35]},"card_choices":[{"not_picked":["Iron Wave","conspire:ExplosiveBarrier"],"picked":"Cleave","floor":1.0},{"not_picked":["Anger","Warcry","Infernal Blade"],"picked":"SKIP","floor":2.0},{"not_picked":["Pommel Strike","Brutality","Thunderclap"],"picked":"SKIP","floor":5.0},{"not_picked":["Rage","Iron Wave","conspire:ExplosiveBarrier"],"picked":"SKIP","floor":7.0},{"not_picked":["Warcry","Burning Pact","Clothesline"],"picked":"SKIP","floor":12.0},{"not_picked":["ReplayTheSpireMod:Strike From Hell","ReplayReversal"],"picked":"Armaments","floor":14.0},{"not_picked":["Dropkick","conspire:ExplosiveBarrier","Headbutt"],"picked":"SKIP","floor":18},{"not_picked":["ReplayReversal+1","Sever Soul+1"],"picked":"Searing Blow","floor":19},{"not_picked":["Iron Wave","conspire:ExplosiveBarrier"],"picked":"Armaments+1","floor":20},{"not_picked":["Pommel Strike+1","Seeing Red+1","ReplayTheSpireMod:Corrosion Curse"],"picked":"SKIP","floor":22},{"not_picked":["Bloodletting+1","Pommel Strike+1","Carnage+1"],"picked":"SKIP","floor":23},{"not_picked":["ReplayTheSpireMod:LeadingStrike","Whirlwind","Perfected Strike"],"picked":"SKIP","floor":28},{"not_picked":["Iron Wave","Clothesline","Pommel Strike+1"],"picked":"SKIP","floor":29},{"not_picked":["Shrug It Off","Body Slam","Heavy Blade"],"picked":"SKIP","floor":30},{"not_picked":["Perfected Strike","Clothesline+1","ReplayTheSpireMod:Strike From Hell+1"],"picked":"SKIP","floor":35},{"not_picked":["Bloodletting","hubris:ReadiedAction","Heavy Blade+1"],"picked":"SKIP","floor":36},{"not_picked":["Sword Boomerang+1","Flex+1","Whirlwind+1"],"picked":"SKIP","floor":38},{"not_picked":["Demon Form","Infernal Blade","hubris:ReadiedAction"],"picked":"SKIP","floor":39}],"player_experience":248221,"relics_obtained":[{"floor":7.0,"key":"ReplayTheSpireMod:Lightbulb"},{"floor":9.0,"key":"InkBottle"},{"floor":26,"key":"Bag of Marbles"}],"event_choices":[{"damage_healed":0.0,"max_hp_gain":0.0,"max_hp_loss":0.0,"gold_gain":0.0,"event_name":"Shining Light","player_choice":"Entered Light","floor":4.0,"gold_loss":0.0,"damage_taken":16.0,"cards_upgraded":["Strike_R","Defend_R"]},{"cards_removed":["Strike_R"],"damage_healed":0.0,"max_hp_gain":0.0,"max_hp_loss":0.0,"gold_gain":0.0,"event_name":"Bonfire Elementals","player_choice":"Offered Basic","floor":11.0,"gold_loss":0.0,"damage_taken":0.0},{"damage_healed":0,"gold_gain":0,"player_choice":"Upgraded Two","damage_taken":0,"max_hp_gain":0,"max_hp_loss":0,"event_name":"Designer","floor":21,"gold_loss":40,"cards_upgraded":["Defend_R","Defend_R"]},{"damage_healed":0,"gold_gain":0,"player_choice":"","damage_taken":6,"max_hp_gain":0,"max_hp_loss":0,"event_name":"Knowing Skull","floor":25,"potions_obtained":[],"gold_loss":0,"cards_obtained":[]}],"is_beta":false,"boss_relics":[{"not_picked":["Snecko Heart","SlaversCollar"],"picked":"hubris:RunicObelisk"},{"not_picked":["hubris:GrandSneckoEye","aspiration:RunicSpoon","aspiration:DefectSkillbook"]}],"items_purged_floors":[31],"is_endless":false,"potions_floor_spawned":[2,7,12,14,16,18,19,23,29,30,33,36,38,39],"killed_by":"Maw","ascension_level":1}}