{"host":"vumwfieg2b2mnrfl","time":1612413220,"event":{"mods":["AchievementEnabler","BaseMod","Minty Spire (QoL Compilation)","Rare Cards Sparkle","Relic Stats"],"gold_per_floor":[116,132,132,132,107,133,133,158,158,158,158,175,193,226,226,301,301,315,365,235,269,131,156,191,191,191,191,210,210,228,241,241,315,315,328,328,338,125,174,174,174,174,223,237,237,264,264,294,294,294,294,294,294,7,34,34],"floor_reached":57,"language":"ENG","playtime":2747,"items_purged":["Distraction","Outmaneuver","Skewer","Cloak And Dagger"],"score":2859,"play_id":"b73cc89c-7111-44dc-99f3-cd7eb5a25319","local_time":"20210203223340","is_ascension_mode":true,"campfire_choices":[{"data":"Catalyst","floor":7.0,"key":"SMITH"},{"data":"Well Laid Plans","floor":10.0,"key":"SMITH"},{"data":"Noxious Fumes","floor":15.0,"key":"SMITH"},{"floor":25.0,"key":"REST"},{"floor":29.0,"key":"REST"},{"floor":32.0,"key":"REST"},{"floor":40.0,"key":"REST"},{"floor":42.0,"key":"REST"},{"data":"Burst","floor":45.0,"key":"SMITH"},{"floor":49.0,"key":"RECALL"},{"data":"Catalyst","floor":53,"key":"SMITH"}],"circlet_count":0,"master_deck":["AscendersBane","Survivor","Neutralize","Catalyst+1","Leg Sweep","Deadly Poison","Well Laid Plans+1","Noxious Fumes+1","Prepared","Burst+1","Adrenaline","Setup","Cloak And Dagger","Deadly Poison","Bouncing Flask","Backflip","Prepared","Noxious Fumes","Calculated Gamble","Venomology","Deflect","Deflect","Tools of the Trade+1","Catalyst+1","Wraith Form v2+1","Prepared+1","Enlightenment","Dark Shackles","Tactician","Noxious Fumes+1"],"relics":["Ring of the Snake","NeowsBlessing","The Specimen","Smiling Mask","Bottled Tornado","Pear","Pandora\u0027s Box","Red Mask","Happy Flower","Frozen Egg 2","FossilizedHelix","Philosopher\u0027s Stone","Bird Faced Urn","Pantograph","Anchor","Oddly Smooth Stone"],"acts_visited":["Exordium","TheCity","TheBeyond","TheEnding"],"potions_floor_usage":[51,51,54,55,55,56,56],"damage_taken":[{"damage":0.0,"enemies":"Jaw Worm","floor":1.0,"turns":1.0},{"damage":0.0,"enemies":"Small Slimes","floor":2.0,"turns":1.0},{"damage":0.0,"enemies":"Gremlin Nob","floor":6.0,"turns":1.0},{"damage":23.0,"enemies":"Lagavulin","floor":8.0,"turns":9.0},{"damage":0.0,"enemies":"Cultist","floor":12.0,"turns":4.0},{"damage":6.0,"enemies":"Blue Slaver","floor":13.0,"turns":4.0},{"damage":29.0,"enemies":"Gremlin Nob","floor":14.0,"turns":5.0},{"damage":18.0,"enemies":"Hexaghost","floor":16.0,"turns":10.0},{"damage":17.0,"enemies":"Shell Parasite","floor":18.0,"turns":4.0},{"damage":20.0,"enemies":"Masked Bandits","floor":21.0,"turns":3.0},{"damage":30.0,"enemies":"Gremlin Leader","floor":24.0,"turns":5.0},{"damage":0.0,"enemies":"Chosen","floor":28.0,"turns":3.0},{"damage":14.0,"enemies":"Shelled Parasite and Fungi","floor":30.0,"turns":5.0},{"damage":0.0,"enemies":"Sentry and Sphere","floor":31.0,"turns":4.0},{"damage":33.0,"enemies":"Collector","floor":33.0,"turns":7.0},{"damage":10.0,"enemies":"3 Shapes","floor":35.0,"turns":5.0},{"damage":34.0,"enemies":"3 Darklings","floor":37.0,"turns":5.0},{"damage":2.0,"enemies":"2 Orb Walkers","floor":39.0,"turns":5.0},{"damage":2.0,"enemies":"Jaw Worm Horde","floor":44.0,"turns":4.0},{"damage":0.0,"enemies":"Giant Head","floor":46.0,"turns":5.0},{"damage":4.0,"enemies":"Reptomancer","floor":48.0,"turns":5.0},{"damage":0.0,"enemies":"Donu and Deca","floor":50.0,"turns":6.0},{"damage":89,"enemies":"Awakened One","floor":51,"turns":9},{"damage":25,"enemies":"Shield and Spear","floor":55,"turns":6},{"damage":74,"enemies":"The Heart","floor":56,"turns":7}],"seed_played":"-3133148454084361104","potions_obtained":[{"floor":6.0,"key":"Poison Potion"},{"floor":13.0,"key":"GhostInAJar"},{"floor":16.0,"key":"ColorlessPotion"},{"floor":24.0,"key":"PowerPotion"},{"floor":28.0,"key":"Weak Potion"},{"floor":30.0,"key":"DuplicationPotion"},{"floor":39.0,"key":"SkillPotion"}],"is_trial":false,"path_per_floor":["M","M","?","?","$","E","R","E","T","R","?","M","M","E","R","B",null,"M","?","$","?","$","T","E","R","T","$","M","R","M","M","R","B",null,"M","?","M","$","?","R","$","R","T","M","R","E","?","E","R","B","B",null,"R","$","E","B",null],"character_chosen":"THE_SILENT","items_purchased":["Deadly Poison","Noxious Fumes","Calculated Gamble","Wraith Form v2+1","Noxious Fumes+1","EntropicBrew","DistilledChaos"],"campfire_rested":5,"item_purchase_floors":[5,20,22,38,54,54,54],"current_hp_per_floor":[59,59,64,64,64,64,64,41,41,41,71,71,65,46,46,28,68,51,51,51,31,31,31,1,25,25,25,25,49,35,35,59,26,67,57,57,23,23,21,45,45,69,69,77,77,81,71,77,77,81,24,67,67,67,68,13],"gold":34,"neow_bonus":"THREE_ENEMY_KILL","is_daily":false,"chose_seed":false,"campfire_upgraded":5,"win_rate":0.0,"timestamp":1612413220,"path_taken":["M","M","?","?","$","E","R","E","T","R","?","M","M","E","R","BOSS","M","?","$","?","$","?","E","R","T","$","M","R","M","M","R","BOSS","M","?","M","$","?","R","$","R","T","M","R","E","?","E","R","BOSS","BOSS","R","$","E","BOSS"],"items_purchased_type":["Card","Card","Card","Card","Card","Potion","Potion"],"build_version":"2020-12-22","purchased_purges":4,"victory":true,"max_hp_per_floor":[66,66,71,71,71,71,71,71,71,71,71,71,71,81,81,81,81,81,81,81,81,81,81,81,81,81,81,81,81,81,81,81,81,81,81,81,81,81,81,81,81,81,81,81,81,81,81,81,81,81,81,81,81,81,81,81],"relic_stats":{"Happy Flower":[27],"counters":[25,123],"Bird Faced Urn":[46],"Pantograph":17,"Pandora\u0027s Box":["Adrenaline","Setup","Cloak And Dagger","Deadly Poison","Skewer","Cloak And Dagger","Bouncing Flask","Distraction","Backflip"],"Smiling Mask":250,"obtain_stats":[{"Pear":14,"NeowsBlessing":0,"The Specimen":6,"Happy Flower":23,"Oddly Smooth Stone":55,"Bottled Tornado":9,"Frozen Egg 2":24,"Smiling Mask":8,"Anchor":48,"Bird Faced Urn":39,"Pantograph":46,"Pandora\u0027s Box":17,"Philosopher\u0027s Stone":34,"Red Mask":21,"FossilizedHelix":26,"Ring of the Snake":0},{"Pear":7,"NeowsBlessing":0,"The Specimen":3,"Happy Flower":10,"Oddly Smooth Stone":24,"Bottled Tornado":4,"Frozen Egg 2":11,"Smiling Mask":4,"Anchor":21,"Bird Faced Urn":18,"Pantograph":20,"Pandora\u0027s Box":8,"Philosopher\u0027s Stone":15,"Red Mask":10,"FossilizedHelix":11,"Ring of the Snake":0},{"Pear":25,"NeowsBlessing":0,"The Specimen":3,"Happy Flower":42,"Oddly Smooth Stone":116,"Bottled Tornado":12,"Frozen Egg 2":47,"Smiling Mask":12,"Anchor":95,"Bird Faced Urn":81,"Pantograph":90,"Pandora\u0027s Box":35,"Philosopher\u0027s Stone":66,"Red Mask":42,"FossilizedHelix":47,"Ring of the Snake":0}],"Ring of the Snake":[50]},"card_choices":[{"not_picked":["Bane","Flechettes"],"picked":"Dash","floor":1.0},{"not_picked":["Sucker Punch","Crippling Poison"],"picked":"Catalyst","floor":2.0},{"not_picked":["Deflect","Storm of Steel"],"picked":"Well Laid Plans","floor":6.0},{"not_picked":["Accuracy","Tactician"],"picked":"Outmaneuver","floor":8.0},{"not_picked":["Bane","Flying Knee"],"picked":"Noxious Fumes","floor":12.0},{"not_picked":["Well Laid Plans","Cloak And Dagger"],"picked":"Prepared","floor":13.0},{"not_picked":["Quick Slash","Acrobatics","Finisher"],"picked":"SKIP","floor":14.0},{"not_picked":["Venomology","Bullet Time"],"picked":"Burst","floor":16.0},{"not_picked":["Blade Dance","Dodge and Roll"],"picked":"Prepared","floor":18.0},{"not_picked":["Blade Dance","Riddle With Holes","Flying Knee"],"picked":"SKIP","floor":24.0},{"not_picked":["Finisher","Eviscerate"],"picked":"Venomology","floor":28.0},{"not_picked":["All Out Attack","Choke"],"picked":"Deflect","floor":30.0},{"not_picked":["Masterful Stab","Dagger Throw"],"picked":"Deflect","floor":31.0},{"not_picked":["Corpse Explosion","Storm of Steel"],"picked":"Tools of the Trade+1","floor":33.0},{"not_picked":["Reflex","Slice+1"],"picked":"Catalyst","floor":35.0},{"not_picked":["Deadly Poison","Skewer","Quick Slash+1"],"picked":"SKIP","floor":37.0},{"not_picked":["Underhanded Strike","Dagger Throw+1"],"picked":"Prepared+1","floor":44.0},{"not_picked":["Bane","Die Die Die","Dagger Throw"],"picked":"SKIP","floor":46.0},{"not_picked":["Dramatic Entrance","Violence"],"picked":"Enlightenment","floor":47.0},{"not_picked":["Panache+1","The Bomb"],"picked":"Dark Shackles","floor":47.0},{"not_picked":["All Out Attack+1","Eviscerate"],"picked":"Tactician","floor":48.0},{"not_picked":["Quick Slash","Distraction","Sucker Punch+1"],"picked":"SKIP","floor":55}],"player_experience":521186,"relics_obtained":[{"floor":6.0,"key":"The Specimen"},{"floor":8.0,"key":"Smiling Mask"},{"floor":9.0,"key":"Bottled Tornado"},{"floor":14.0,"key":"Pear"},{"floor":21.0,"key":"Red Mask"},{"floor":23.0,"key":"Happy Flower"},{"floor":24.0,"key":"Frozen Egg 2"},{"floor":26.0,"key":"FossilizedHelix"},{"floor":39.0,"key":"Bird Faced Urn"},{"floor":46.0,"key":"Pantograph"},{"floor":48.0,"key":"Anchor"},{"floor":55,"key":"Oddly Smooth Stone"}],"event_choices":[{"damage_healed":0.0,"max_hp_gain":5.0,"max_hp_loss":0.0,"gold_gain":0.0,"event_name":"Big Fish","player_choice":"Donut","floor":3.0,"gold_loss":0.0,"damage_taken":0.0},{"damage_healed":0.0,"max_hp_gain":0.0,"max_hp_loss":0.0,"gold_gain":0.0,"cards_transformed":["Strike_G"],"event_name":"Living Wall","player_choice":"Change","floor":4.0,"gold_loss":0.0,"damage_taken":0.0,"cards_obtained":["Leg Sweep"]},{"damage_healed":30.0,"max_hp_gain":0.0,"max_hp_loss":0.0,"gold_gain":0.0,"event_name":"Wheel of Change","player_choice":"Full Heal","floor":11.0,"gold_loss":0.0,"damage_taken":0.0},{"damage_healed":0.0,"max_hp_gain":0.0,"max_hp_loss":0.0,"gold_gain":50.0,"event_name":"Nest","player_choice":"Stole From Cult","floor":19.0,"gold_loss":0.0,"damage_taken":0.0},{"damage_healed":0.0,"max_hp_gain":0.0,"max_hp_loss":0.0,"gold_gain":0.0,"event_name":"Masked Bandits","player_choice":"Fought Bandits","floor":21.0,"gold_loss":0.0,"damage_taken":0.0},{"cards_removed":["Dash"],"damage_healed":0.0,"max_hp_gain":0.0,"max_hp_loss":0.0,"gold_gain":0.0,"event_name":"Falling","player_choice":"Removed Attack","floor":36.0,"gold_loss":0.0,"damage_taken":0.0},{"damage_healed":0.0,"max_hp_gain":0.0,"max_hp_loss":0.0,"gold_gain":0.0,"event_name":"Mysterious Sphere","player_choice":"Fight","floor":39.0,"gold_loss":0.0,"damage_taken":0.0},{"damage_healed":0.0,"max_hp_gain":0.0,"max_hp_loss":0.0,"gold_gain":0.0,"event_name":"SensoryStone","player_choice":"Memory 3","floor":47.0,"gold_loss":0.0,"damage_taken":10.0}],"is_beta":false,"boss_relics":[{"not_picked":["SlaversCollar","Ring of the Serpent"],"picked":"Pandora\u0027s Box"},{"not_picked":["Astrolabe","Velvet Choker"],"picked":"Philosopher\u0027s Stone"}],"items_purged_floors":[20,22,38,54],"is_endless":false,"potions_floor_spawned":[6,13,16,18,24,28,30,39,48],"ascension_level":20}}