{"host":"6a06qhlf17v5rcww","time":1612415965,"event":{"mods":["Act Like it!","BaseMod","Better Altar","Better Match","Better Note","Better Sensory Stone","Better Skull","Better Third Choice","Better Vampires","BetterRewards","Block Reminder","Colored Powertips","Downfall","Infinite Spire","Minty Spire (QoL Compilation)","Poor People Problems","Rare Cards Sparkle","StSLib","Wide Potions","Yakumo Yukari mod"],"gold_per_floor":[140,154,167,167,167,198,198,198,198],"floor_reached":8,"language":"ENG","playtime":1414,"items_purged":[],"score":81,"play_id":"e3e533f2-fd8b-492f-9d49-077f66a88ba9","local_time":"20210204001925","is_ascension_mode":false,"campfire_choices":[{"data":"Apotheosis","floor":7,"key":"SMITH"}],"circlet_count":0,"master_deck":["AT_purpleEX","AT_purpleEX","AT_purpleEX","AT_purpleEX","Defend_purpleEX","Defend_purpleEX","Defend_purpleEX","Defend_purpleEX","Observe_purple_1","Observe_purple_2","Apotheosis+1","Boundary_ObjectiveBoundary_purple","Anti_communist_purple","DimensionStaggered_purple","Mirror_FormAndEmptin_purple","CommonSense_AntiCommonSense_purple","StateDuplicate_purple","Line_surface_state_purple","Boundary_LightAndDark_purple","Injury","Boundary_ObjectiveBoundary_purple"],"relics":["Boundary_crack","Memoryfragments_purpleEX","Ginger","Golden Idol","infinitespire:CursedDice"],"acts_visited":["Exordium"],"potions_floor_usage":[6,8,8],"damage_taken":[{"damage":3,"enemies":"Jaw Worm","floor":1,"turns":7},{"damage":3,"enemies":"Small Slimes","floor":2,"turns":4},{"damage":0,"enemies":"Cultist","floor":3,"turns":6},{"damage":16,"enemies":"Lagavulin","floor":6,"turns":12},{"damage":69,"enemies":"Gremlin Nob","floor":8,"turns":11}],"seed_played":"-475126352245218440","potions_obtained":[{"floor":3,"key":"Weak Potion"},{"floor":6,"key":"LiquidMemories"}],"is_trial":false,"path_per_floor":["M","M","M","?","?","E","R","E"],"character_chosen":"Youkari","items_purchased":["Apotheosis","Boundary_ObjectiveBoundary_purple","DimensionStaggered_purple","Ginger","Mirror_FormAndEmptin_purple","CommonSense_AntiCommonSense_purple","PowerPotion"],"campfire_rested":0,"item_purchase_floors":[0,0,0,0,0,0,0],"current_hp_per_floor":[40,42,47,47,52,41,41,0,0],"gold":198,"neow_bonus":"","is_daily":false,"chose_seed":false,"campfire_upgraded":1,"win_rate":0.0,"timestamp":1612415965,"path_taken":["M","M","M","?","?","E","R","E"],"items_purchased_type":["Card","Card","Card","Relic","Card","Card","Potion"],"build_version":"2020-12-22","purchased_purges":0,"victory":false,"max_hp_per_floor":[70,70,70,70,75,75,75,75,75],"card_choices":[{"not_picked":["RuleDissolution_purple","ExistenceContinue_purple"],"picked":"StateDuplicate_purple","floor":1},{"not_picked":["Mirror_WaveAndshot_purple","OpenedBox_purple"],"picked":"Line_surface_state_purple","floor":2},{"not_picked":["Erosivefilter_purple","MonsterNeedle_purple"],"picked":"Boundary_LightAndDark_purple","floor":3},{"not_picked":["PurpleNeedle_purple","Line_surface_state_purple"],"picked":"Boundary_ObjectiveBoundary_purple","floor":6}],"player_experience":753176,"relics_obtained":[{"floor":6,"key":"infinitespire:CursedDice"}],"event_choices":[{"damage_healed":0,"gold_gain":0,"player_choice":"Take Wound","damage_taken":0,"relics_obtained":["Golden Idol"],"max_hp_gain":0,"max_hp_loss":0,"event_name":"Golden Idol","floor":4,"gold_loss":0,"cards_obtained":["Injury"]}],"is_beta":false,"boss_relics":[],"items_purged_floors":[],"is_endless":false,"potions_floor_spawned":[3,6],"killed_by":"Gremlin Nob","ascension_level":0}}