{"host":"ox77rn1xcurm2t5a","time":1612401179,"event":{"mods":["2.2 Compatiblity","AchievementEnabler","Act Like it!","Aspiration","BaseMod","Best Route Mod","Better Match","Better Note","Better Sensory Stone","Block Reminder","Colored Map","Colored Powertips","Conjunction","Conspire","Custom Start","Energized Spire","GifTheSpireLib","Gold Saver","Gremlin Skip","Halation","Highlight Path","Hubris","Infinite Spire","Minty Spire (QoL Compilation)","Pale of the Ancients","Quick Restart","Replay The Spire","Reworked Bosses","ShortenTheSpire","Spire Exporter","StSLib","Stuff the Spire","Wandering Minibosses"],"gold_per_floor":[118,2275,2290,2304,2404,2430,2430,2430,2430],"floor_reached":8,"language":"ENG","playtime":161,"items_purged":["Strike_B"],"score":95,"play_id":"db1469b4-46a2-491a-b0d5-d89b97f94b1d","local_time":"20210204031259","is_ascension_mode":true,"campfire_choices":[{"floor":7,"key":"RECALL"}],"circlet_count":0,"master_deck":["AscendersBane","Strike_B+1","Strike_B+1","Strike_B","Defend_B","Defend_B","Defend_B","Defend_B","Zap","Dualcast","Capacitor","Master of Strategy","Loop","Go for the Eyes"],"relics":["Cracked Core","NeowsBlessing","Strawberry","Guide Book","Replay:Rubber Ducky","halation:SelfBoilingWater"],"acts_visited":["Exordium"],"potions_floor_usage":[6,8],"damage_taken":[{"damage":0,"enemies":"Small Slimes","floor":1,"turns":1},{"damage":0,"enemies":"Cultist","floor":3,"turns":1},{"damage":0,"enemies":"Jaw Worm","floor":4,"turns":1},{"damage":40,"enemies":"Lagavulin","floor":6,"turns":7},{"damage":0,"enemies":"3 Sentries","floor":8,"turns":1}],"seed_played":"-7528763179538566589","potions_obtained":[{"floor":1,"key":"DistilledChaos"},{"floor":6,"key":"Strength Potion"}],"is_trial":false,"path_per_floor":["M","$","M","M","?","E","R","E"],"character_chosen":"DEFECT","items_purchased":["FairyPotion","Strawberry","Guide Book","Capacitor","Replay:Rubber Ducky","Master of Strategy"],"campfire_rested":0,"item_purchase_floors":[2,2,2,2,2,2],"current_hp_per_floor":[64,71,71,71,71,31,31,31,31],"gold":2430,"neow_bonus":"THREE_ENEMY_KILL","is_daily":false,"chose_seed":false,"campfire_upgraded":0,"win_rate":0.0,"timestamp":1612401179,"path_taken":["M","$","M","M","?","E","R","E"],"items_purchased_type":["Potion","Relic","Relic","Card","Relic","Card"],"build_version":"2020-12-22","purchased_purges":1,"victory":false,"max_hp_per_floor":[71,78,78,78,78,78,78,78,78],"card_choices":[{"not_picked":["Rebound","Go for the Eyes","hubris:PowerSurge"],"picked":"SKIP","floor":1},{"not_picked":["Steam","Capacitor","Turbo"],"picked":"SKIP","floor":3},{"not_picked":["Stack","Barrage"],"picked":"Loop","floor":4},{"not_picked":["BootSequence","Thunder Strike"],"picked":"Go for the Eyes","floor":6}],"player_experience":2998088,"relics_obtained":[{"floor":6,"key":"halation:SelfBoilingWater"}],"event_choices":[{"damage_healed":0,"gold_gain":100,"player_choice":"Pray","damage_taken":0,"max_hp_gain":0,"max_hp_loss":0,"event_name":"Golden Shrine","floor":5,"gold_loss":0}],"is_beta":false,"boss_relics":[],"items_purged_floors":[2],"is_endless":false,"potions_floor_spawned":[1,6],"killed_by":"3 Sentries","ascension_level":14}}