{"host":"sum4dy402bbv9y4o","time":1612478376,"event":{"mods":["Aspiration","BaseMod","Conspire","Highlight Path","Minty Spire (QoL Compilation)","StSLib"],"gold_per_floor":[112,20,35,48,62,92,92,92,92,123,123,135,135,135,135,209,209,229,229,248,248,248,248,248],"floor_reached":23,"language":"ENG","playtime":736,"items_purged":[],"score":398,"play_id":"5931e79b-1693-43f3-9c9e-f516ea27c62f","local_time":"20210205013936","is_ascension_mode":true,"campfire_choices":[{"floor":11,"key":"REST"},{"data":"FlurryOfBlows","floor":13,"key":"SMITH"},{"data":"FlurryOfBlows","floor":15,"key":"SMITH"}],"circlet_count":0,"master_deck":["AscendersBane","Strike_P","Strike_P+1","Strike_P","Defend_P","Defend_P","Defend_P","Defend_P","Eruption+1","Vigilance","MentalFortress","FlurryOfBlows+1","LikeWater","BowlingBash","Tantrum","DeceiveReality","Halt","FlurryOfBlows+1","BattleHymn","LessonLearned"],"relics":["PureWater","Strawberry","Unceasing Top","Oddly Smooth Stone","aspiration:IroncladSkillbook"],"acts_visited":["Exordium","TheCity"],"potions_floor_usage":[5,10,20,23,23],"damage_taken":[{"damage":0,"enemies":"Cultist","floor":1,"turns":2},{"damage":7,"enemies":"2 Louse","floor":3,"turns":2},{"damage":13,"enemies":"Small Slimes","floor":4,"turns":2},{"damage":16,"enemies":"Gremlin Gang","floor":5,"turns":2},{"damage":17,"enemies":"3 Sentries","floor":6,"turns":6},{"damage":28,"enemies":"Gremlin Nob","floor":10,"turns":4},{"damage":1,"enemies":"Large Slime","floor":12,"turns":4},{"damage":26,"enemies":"Hexaghost","floor":16,"turns":7},{"damage":0,"enemies":"Chosen","floor":18,"turns":5},{"damage":6,"enemies":"3 Byrds","floor":20,"turns":3},{"damage":58,"enemies":"Slavers","floor":23,"turns":3}],"seed_played":"-2583125872438412335","potions_obtained":[{"floor":1,"key":"Strength Potion"},{"floor":10,"key":"Fruit Juice"},{"floor":16,"key":"Fire Potion"},{"floor":20,"key":"SneckoOil"}],"is_trial":false,"path_per_floor":["M","$","M","M","M","E","?","?","T","E","R","M","R","?","R","B",null,"M","?","M","?","?","E"],"character_chosen":"WATCHER","items_purchased":["FlurryOfBlows","LikeWater"],"campfire_rested":1,"item_purchase_floors":[2,2],"current_hp_per_floor":[61,61,54,41,25,15,15,40,40,17,41,40,40,40,40,14,64,68,64,62,62,50,0,0],"gold":248,"neow_bonus":"UPGRADE_CARD","is_daily":false,"chose_seed":false,"campfire_upgraded":2,"win_rate":0.0,"timestamp":1612478376,"path_taken":["M","?","M","M","?","E","?","?","T","E","R","M","R","?","R","BOSS","M","?","M","?","?","E"],"items_purchased_type":["Card","Card"],"build_version":"2020-12-22","purchased_purges":0,"victory":false,"max_hp_per_floor":[68,68,68,68,68,75,75,75,75,80,80,80,80,80,80,80,80,80,80,80,80,80,80,80],"card_choices":[{"not_picked":["Weave","WheelKick"],"picked":"MentalFortress","floor":1},{"not_picked":["FollowUp","ClearTheMind"],"picked":"BowlingBash","floor":3},{"not_picked":["Crescendo","DeceiveReality"],"picked":"Tantrum","floor":4},{"not_picked":["Crescendo","JustLucky"],"picked":"DeceiveReality","floor":5},{"not_picked":["SashWhip","Protect"],"picked":"Halt","floor":6},{"not_picked":["CarveReality","SashWhip","CutThroughFate"],"picked":"SKIP","floor":10},{"not_picked":["BowlingBash","FollowUp"],"picked":"FlurryOfBlows","floor":12},{"not_picked":["Blasphemy","MasterReality"],"picked":"LessonLearned","floor":16},{"not_picked":["EmptyFist","Warcry","EmptyBody","True Grit"],"picked":"SKIP","floor":18},{"not_picked":["Limit Break","JustLucky","Evaluate","Prostrate"],"picked":"SKIP","floor":20}],"player_experience":3048139,"relics_obtained":[{"floor":6,"key":"Strawberry"},{"floor":9,"key":"Unceasing Top"},{"floor":10,"key":"Oddly Smooth Stone"}],"event_choices":[{"damage_healed":0,"gold_gain":0,"player_choice":"Ignored","damage_taken":0,"max_hp_gain":0,"max_hp_loss":0,"event_name":"Shining Light","floor":7,"gold_loss":0},{"damage_healed":25,"gold_gain":0,"player_choice":"Banana","damage_taken":0,"max_hp_gain":0,"max_hp_loss":0,"event_name":"Big Fish","floor":8,"gold_loss":0},{"damage_healed":0,"gold_gain":0,"cards_transformed":["Strike_P"],"player_choice":"Transformed","damage_taken":0,"max_hp_gain":0,"max_hp_loss":0,"event_name":"Transmorgrifier","floor":14,"gold_loss":0,"cards_obtained":["BattleHymn"]},{"damage_healed":0,"gold_gain":0,"player_choice":"Leave","damage_taken":0,"max_hp_gain":0,"max_hp_loss":0,"event_name":"conspire:Investor","floor":19,"gold_loss":0},{"damage_healed":0,"gold_gain":0,"player_choice":"Ignored","damage_taken":0,"max_hp_gain":0,"max_hp_loss":0,"event_name":"Ghosts","floor":21,"gold_loss":0},{"damage_healed":0,"gold_gain":0,"player_choice":"POTION ","damage_taken":12,"max_hp_gain":0,"max_hp_loss":0,"event_name":"Knowing Skull","floor":22,"potions_obtained":["AttackPotion"],"gold_loss":0,"cards_obtained":[]}],"is_beta":false,"boss_relics":[{"not_picked":["Tiny House","Pandora\u0027s Box"],"picked":"aspiration:IroncladSkillbook"}],"items_purged_floors":[],"is_endless":false,"potions_floor_spawned":[1,10,16,20],"killed_by":"Slavers","ascension_level":20}}