{"host":"mqzixrakqjp3g00v","time":1612471859,"event":{"mods":["AchievementEnabler","BaseMod","BetterRewards","Colored Map","Colored Powertips","Custom Start","Highlight Path","Minty Spire (QoL Compilation)","Quick Restart","Shop Mod","StSLib"],"gold_per_floor":[109,165,178,178,178,211,226,226,226,258,271,14,43,43,43,140,140,140],"floor_reached":17,"language":"ENG","playtime":944,"items_purged":["Strike_G"],"score":276,"play_id":"863b4e1d-ed97-47f0-88a7-14c249553fbd","local_time":"20210204145059","is_ascension_mode":true,"campfire_choices":[{"data":"Catalyst","floor":8,"key":"SMITH"},{"data":"Well Laid Plans","floor":15,"key":"SMITH"}],"circlet_count":0,"master_deck":["Strike_G","Strike_G","Strike_G","Strike_G","Defend_G+1","Defend_G","Defend_G","Defend_G","Defend_G","Survivor","Neutralize","Dash","PiercingWail","Deadly Poison+1","Catalyst+1","Malaise+1","Prepared+1","Dagger Spray","Well Laid Plans+1"],"relics":["Ring of the Snake","The Specimen","MerchantsRug","ClockworkSouvenir","Toxic Egg 2","Calipers","Eternal Feather","Membership Card","Odd Mushroom","InkBottle","Black Star"],"acts_visited":["Exordium","TheCity"],"potions_floor_usage":[10,13,16],"damage_taken":[{"damage":0,"enemies":"Jaw Worm","floor":1,"turns":4},{"damage":0,"enemies":"2 Louse","floor":3,"turns":2},{"damage":5,"enemies":"Lagavulin","floor":6,"turns":6},{"damage":0,"enemies":"Cultist","floor":7,"turns":3},{"damage":13,"enemies":"Gremlin Nob","floor":10,"turns":3},{"damage":0,"enemies":"Blue Slaver","floor":11,"turns":5},{"damage":5,"enemies":"The Mushroom Lair","floor":13,"turns":4},{"damage":1,"enemies":"Hexaghost","floor":16,"turns":11}],"seed_played":"-1176797723081627194","potions_obtained":[{"floor":1,"key":"Ancient Potion"},{"floor":7,"key":"Poison Potion"},{"floor":10,"key":"AttackPotion"},{"floor":16,"key":"DistilledChaos"}],"is_trial":false,"path_per_floor":["M","?","M","?","?","E","M","R","T","E","M","$","?","T","R","B",null],"character_chosen":"THE_SILENT","items_purchased":["MerchantsRug","ClockworkSouvenir","Dash","PiercingWail","Membership Card","Well Laid Plans","Poison Potion"],"campfire_rested":0,"item_purchase_floors":[0,0,0,0,12,12,12],"current_hp_per_floor":[70,70,70,75,60,55,55,55,55,42,42,42,37,37,46,45,75,75],"gold":140,"neow_bonus":"","is_daily":false,"chose_seed":false,"campfire_upgraded":2,"win_rate":0.0,"timestamp":1612471859,"path_taken":["M","?","M","?","?","E","M","R","T","E","M","$","?","?","R","BOSS"],"items_purchased_type":["Relic","Relic","Card","Card","Relic","Card","Potion"],"build_version":"2020-12-22","purchased_purges":1,"victory":false,"max_hp_per_floor":[70,70,70,75,75,75,75,75,75,75,75,75,75,75,75,75,75,75],"card_choices":[{"not_picked":["Prepared","Dodge and Roll"],"picked":"Deadly Poison","floor":1},{"not_picked":["Choke","Riddle With Holes"],"picked":"Catalyst","floor":3},{"not_picked":["Poisoned Stab","Footwork"],"picked":"Malaise+1","floor":6},{"not_picked":["Heel Hook","Cloak And Dagger+1"],"picked":"Prepared+1","floor":7},{"not_picked":["Flying Knee","Escape Plan+1"],"picked":"Dagger Spray","floor":10},{"not_picked":["Blur+1","Doppelganger+1","Dodge and Roll+1"],"picked":"SKIP","floor":11}],"player_experience":536090,"relics_obtained":[{"floor":6,"key":"Toxic Egg 2"},{"floor":9,"key":"Calipers"},{"floor":10,"key":"Eternal Feather"},{"floor":13,"key":"Odd Mushroom"},{"floor":14,"key":"InkBottle"}],"event_choices":[{"damage_healed":0,"gold_gain":56,"player_choice":"Gained Gold","damage_taken":0,"max_hp_gain":0,"max_hp_loss":0,"event_name":"Golden Wing","floor":2,"gold_loss":0},{"damage_healed":0,"gold_gain":0,"player_choice":"Donut","damage_taken":0,"max_hp_gain":5,"max_hp_loss":0,"event_name":"Big Fish","floor":4,"gold_loss":0},{"damage_healed":0,"gold_gain":0,"player_choice":"Entered Light","damage_taken":15,"max_hp_gain":0,"max_hp_loss":0,"event_name":"Shining Light","floor":5,"gold_loss":0,"cards_upgraded":["Defend_G","Deadly Poison"]},{"damage_healed":0,"gold_gain":0,"player_choice":"Fought Mushrooms","damage_taken":0,"max_hp_gain":0,"max_hp_loss":0,"event_name":"Mushrooms","floor":13,"gold_loss":0}],"is_beta":false,"boss_relics":[{"not_picked":["Runic Dome","Snecko Eye"],"picked":"Black Star"}],"items_purged_floors":[12],"is_endless":false,"potions_floor_spawned":[1,7,10,16],"ascension_level":1}}