{"host":"d744ndivyohnro60","time":1612412802,"event":{"mods":["BaseMod","Bestiary","Colored Powertips","Minty Spire (QoL Compilation)","Relic Stats"],"gold_per_floor":[112,112,112,37,58,58,77,110,192,192,192,69,94,108,108,236,236,250,243,168,168,168],"floor_reached":21,"language":"ENG","playtime":942,"items_purged":["Injury","Defend_B"],"score":215,"play_id":"9e9e9f08-42a8-4acb-8c54-d3a56729841e","local_time":"20210203232642","is_ascension_mode":true,"campfire_choices":[{"data":"Leap","floor":6,"key":"SMITH"},{"floor":11,"key":"REST"},{"data":"Scrape","floor":15,"key":"SMITH"}],"circlet_count":0,"master_deck":["Strike_B","Strike_B","Strike_B","Defend_B+1","Defend_B+1","Zap","Leap+1","Gash","Compile Driver","Scrape+1","Fission","Fusion+1","Force Field+1","Aggregate+1","Reprogram","Leap"],"relics":["Busted Crown","Golden Idol","MealTicket","Matryoshka","Astrolabe"],"acts_visited":["Exordium","TheCity"],"potions_floor_usage":[8,8,8,14,16,19,21],"damage_taken":[{"damage":1,"enemies":"Cultist","floor":1,"turns":4},{"damage":3,"enemies":"Small Slimes","floor":5,"turns":3},{"damage":0,"enemies":"Jaw Worm","floor":7,"turns":4},{"damage":17,"enemies":"3 Sentries","floor":8,"turns":8},{"damage":7,"enemies":"Gremlin Gang","floor":13,"turns":5},{"damage":0,"enemies":"Looter","floor":14,"turns":3},{"damage":59,"enemies":"Hexaghost","floor":16,"turns":11},{"damage":39,"enemies":"Chosen","floor":18,"turns":7},{"damage":23,"enemies":"2 Thieves","floor":19,"turns":4},{"damage":15,"enemies":"Snecko","floor":21,"turns":4}],"seed_played":"-6499713767221323474","potions_obtained":[{"floor":1,"key":"EntropicBrew"},{"floor":5,"key":"CultistPotion"},{"floor":13,"key":"ColorlessPotion"},{"floor":14,"key":"EssenceOfSteel"}],"is_trial":false,"path_per_floor":["M","?","?","$","M","R","M","E","T","?","R","$","M","M","R","B",null,"M","M","?","M"],"character_chosen":"DEFECT","items_purchased":["Gash"],"campfire_rested":1,"item_purchase_floors":[12],"current_hp_per_floor":[74,59,59,59,56,56,56,39,39,39,61,75,68,68,68,9,75,36,13,13,0,0],"gold":168,"neow_bonus":"BOSS_RELIC","is_daily":false,"chose_seed":false,"campfire_upgraded":2,"win_rate":0.0,"timestamp":1612412802,"path_taken":["M","?","?","$","M","R","M","E","T","?","R","$","?","?","R","BOSS","M","M","?","M"],"items_purchased_type":["Card"],"build_version":"2020-12-22","purchased_purges":2,"victory":false,"max_hp_per_floor":[75,75,75,75,75,75,75,75,75,75,75,75,75,75,75,75,75,75,75,75,75,75],"relic_stats":{"Busted Crown":18,"counters":[10,53],"Golden Idol":57,"Astrolabe":["Fusion","Force Field","Aggregate"],"MealTicket":14,"obtain_stats":[{"Busted Crown":0,"Matryoshka":9,"Golden Idol":3,"Astrolabe":17,"MealTicket":8,"Cracked Core":0},{"Busted Crown":0,"Matryoshka":4,"Golden Idol":1,"Astrolabe":7,"MealTicket":4,"Cracked Core":0},{"Busted Crown":0,"Matryoshka":19,"Golden Idol":4,"Astrolabe":38,"MealTicket":19,"Cracked Core":0}]},"card_choices":[{"not_picked":[],"picked":"Leap","floor":1},{"not_picked":["Redo"],"picked":"SKIP","floor":5},{"not_picked":[],"picked":"Aggregate","floor":7},{"not_picked":["Aggregate"],"picked":"SKIP","floor":8},{"not_picked":[],"picked":"Compile Driver","floor":13},{"not_picked":[],"picked":"Scrape","floor":14},{"not_picked":[],"picked":"Fission","floor":16},{"not_picked":[],"picked":"Reprogram","floor":18},{"not_picked":[],"picked":"Leap","floor":19}],"player_experience":207450,"relics_obtained":[{"floor":8,"key":"MealTicket"},{"floor":9,"key":"Matryoshka"}],"event_choices":[{"damage_healed":0,"gold_gain":0,"player_choice":"Entered Light","damage_taken":15,"max_hp_gain":0,"max_hp_loss":0,"event_name":"Shining Light","floor":2,"gold_loss":0,"cards_upgraded":["Defend_B","Defend_B"]},{"damage_healed":0,"gold_gain":0,"player_choice":"Take Wound","damage_taken":0,"relics_obtained":["Golden Idol"],"max_hp_gain":0,"max_hp_loss":0,"event_name":"Golden Idol","floor":3,"gold_loss":0,"cards_obtained":["Injury"]},{"damage_healed":0,"gold_gain":0,"player_choice":"Ignored","damage_taken":0,"max_hp_gain":0,"max_hp_loss":0,"event_name":"Golden Wing","floor":10,"gold_loss":0},{"cards_removed":["Aggregate"],"damage_healed":0,"gold_gain":0,"player_choice":"Gave Gold","damage_taken":0,"max_hp_gain":0,"max_hp_loss":0,"event_name":"Beggar","floor":20,"gold_loss":75}],"is_beta":false,"boss_relics":[{"not_picked":["Coffee Dripper","SlaversCollar"],"picked":"Astrolabe"}],"items_purged_floors":[4,12],"is_endless":false,"potions_floor_spawned":[1,5,13,14],"killed_by":"Snecko","ascension_level":4}}