{"host":"i0avyit1s6jb1siw","time":1612435062,"event":{"mods":["BaseMod","DeckTracker","Dota2Spire","Highlight Path","Minty Spire (QoL Compilation)","Quick Restart","StSLib","SuperFastMode"],"gold_per_floor":[119,119,135,147,163,163,238,268,268,268,8,8,43,43,43,43,120,120,140,154,154,54,65,95,95,112,141,141,223,136,163,163,56,56,84,101,101,175,175,193,204,223,223,223,257,257,288,367,119,119,119,131,145,155,155,155,155,155,155,17,17,17],"floor_reached":61,"language":"ENG","playtime":1292,"items_purged":["Pain","Strike_R"],"score":2190,"play_id":"6e03d254-dff1-4deb-b496-f480f1debe70","local_time":"20210204113742","is_ascension_mode":true,"campfire_choices":[{"data":"Immolate","floor":6.0,"key":"SMITH"},{"floor":14.0,"key":"REST"},{"data":"Apotheosis","floor":16.0,"key":"SMITH"},{"floor":25.0,"key":"REST"},{"floor":28.0,"key":"RECALL"},{"floor":32.0,"key":"REST"},{"floor":34.0,"key":"REST"},{"floor":37.0,"key":"REST"},{"data":"Demon Form","floor":46.0,"key":"SMITH"},{"floor":51.0,"key":"REST"},{"floor":55.0,"key":"REST"},{"data":"Fire Breathing","floor":59.0,"key":"SMITH"}],"circlet_count":0,"master_deck":["AscendersBane","Strike_R","Strike_R","Strike_R","Defend_R","Defend_R","Defend_R","Defend_R","Bash","Fire Breathing","Shrug It Off","Immolate+1","Ghostly Armor","Apotheosis+1","Wild Strike","Reaper","Clothesline","Headbutt","Reaper","Perfected Strike+1","Power Through","Perfected Strike","Shrug It Off","Wild Strike","Perfected Strike","Demon Form+1","Inflame+1","Burning Pact","Fire Breathing+1"],"relics":["Philosopher\u0027s Stone","WarpedTongs","Akabeko","Dota2Spire:UrnOfShadows","Dota2Spire:Butterfly","Snecko Eye","Omamori","Dota2Spire:Desolator","HornCleat","Ornamental Fan","The Courier","Calling Bell","Dota2Spire:MagicBottle","Blue Candle","TungstenRod","Vajra","Bag of Marbles","Mercury Hourglass","Medical Kit","Dota2Spire:Vanguard","Dota2Spire:ArcaneBoots"],"acts_visited":["Exordium","TheCity","TheBeyond","TheEnding"],"potions_floor_usage":[],"damage_taken":[{"damage":16.0,"enemies":"Jaw Worm","floor":1.0,"turns":4.0},{"damage":6.0,"enemies":"Cultist","floor":3.0,"turns":3.0},{"damage":4.0,"enemies":"2 Louse","floor":4.0,"turns":3.0},{"damage":8.0,"enemies":"Blue Slaver","floor":5.0,"turns":5.0},{"damage":10.0,"enemies":"Gremlin Nob","floor":8.0,"turns":3.0},{"damage":6.0,"enemies":"3 Sentries","floor":13.0,"turns":4.0},{"damage":0.0,"enemies":"The Guardian","floor":17.0,"turns":9.0},{"damage":0.0,"enemies":"Spheric Guardian","floor":19.0,"turns":3.0},{"damage":9.0,"enemies":"Shell Parasite","floor":20.0,"turns":5.0},{"damage":12.0,"enemies":"Sentry and Sphere","floor":23.0,"turns":4.0},{"damage":26.0,"enemies":"Book of Stabbing","floor":24.0,"turns":5.0},{"damage":17.0,"enemies":"Snake Plant","floor":26.0,"turns":2.0},{"damage":0.0,"enemies":"Gremlin Leader","floor":27.0,"turns":5.0},{"damage":42.0,"enemies":"Book of Stabbing","floor":31.0,"turns":5.0},{"damage":0.0,"enemies":"Gremlin Leader","floor":35.0,"turns":3.0},{"damage":33.0,"enemies":"Shelled Parasite and Fungi","floor":36.0,"turns":3.0},{"damage":15.0,"enemies":"Collector","floor":38.0,"turns":6.0},{"damage":23.0,"enemies":"3 Darklings","floor":40.0,"turns":4.0},{"damage":13.0,"enemies":"3 Shapes","floor":41.0,"turns":5.0},{"damage":7.0,"enemies":"Sphere and 2 Shapes","floor":42.0,"turns":5.0},{"damage":14.0,"enemies":"Reptomancer","floor":45.0,"turns":5.0},{"damage":53.0,"enemies":"Nemesis","floor":47.0,"turns":9.0},{"damage":0.0,"enemies":"Jaw Worm Horde","floor":52.0,"turns":2.0},{"damage":0.0,"enemies":"Spire Growth","floor":53.0,"turns":3.0},{"damage":20.0,"enemies":"Maw","floor":54.0,"turns":5.0},{"damage":79.0,"enemies":"Donu and Deca","floor":56.0,"turns":8.0},{"damage":23.0,"enemies":"Time Eater","floor":57.0,"turns":7.0},{"damage":87,"enemies":"Shield and Spear","floor":61,"turns":5}],"seed_played":"720617754002558444","potions_obtained":[{"floor":1.0,"key":"PowerPotion"},{"floor":3.0,"key":"AttackPotion"},{"floor":12.0,"key":"PowerPotion"},{"floor":13.0,"key":"BloodPotion"},{"floor":23.0,"key":"Energy Potion"},{"floor":26.0,"key":"SteroidPotion"}],"is_trial":false,"path_per_floor":["M","?","M","M","M","R","?","E","T","T","$","?","E","R","$","R","B",null,"M","M","?","$","M","E","R","M","E","R","T","$","E","R","$","R","E","M","R","B",null,"M","M","M","?","$","E","R","E","T","$","?","R","M","M","M","R","B","B",null,"R","$","E"],"character_chosen":"IRONCLAD","items_purchased":["Apotheosis","Power Through","Shrug It Off","Wild Strike","Medical Kit","Dota2Spire:Vanguard","Dota2Spire:ArcaneBoots"],"campfire_rested":7,"item_purchase_floors":[11,30,33,33,49,49,60],"current_hp_per_floor":[52,52,46,42,34,34,23,13,13,13,13,13,13,35,35,35,35,65,70,68,68,68,56,37,59,47,62,62,62,62,25,47,47,69,75,51,73,65,73,65,60,68,68,68,68,68,40,40,40,37,58,71,71,51,71,36,71,71,71,71,0,0],"gold":17,"neow_bonus":"BOSS_RELIC","is_daily":false,"chose_seed":false,"campfire_upgraded":4,"win_rate":0.0,"timestamp":1612435062,"path_taken":["M","?","M","?","M","R","?","E","T","T","$","?","E","R","$","R","BOSS","M","M","?","$","?","E","R","M","E","R","T","?","E","R","$","R","E","M","R","BOSS","M","M","M","?","$","E","R","E","T","$","?","R","M","?","M","R","BOSS","BOSS","R","$","E"],"items_purchased_type":["Card","Card","Card","Card","Relic","Relic","Relic"],"build_version":"2020-12-22","purchased_purges":2,"victory":false,"max_hp_per_floor":[75,75,75,75,75,75,75,75,75,75,75,75,75,75,75,75,75,75,75,75,75,75,75,75,75,75,75,75,75,75,75,75,75,75,75,75,75,75,75,75,75,75,71,71,71,71,71,71,71,71,71,71,71,71,71,71,71,71,71,71,71,71],"card_choices":[{"not_picked":["Sever Soul","Iron Wave"],"picked":"Fire Breathing","floor":1.0},{"not_picked":["Sword Boomerang","Dropkick","Clash"],"picked":"SKIP","floor":3.0},{"not_picked":["Entrench","Thunderclap"],"picked":"Shrug It Off","floor":4.0},{"not_picked":["Armaments","Cleave"],"picked":"Immolate","floor":5.0},{"not_picked":["Combust","True Grit"],"picked":"Ghostly Armor","floor":8.0},{"not_picked":["Twin Strike","Hemokinesis"],"picked":"Wild Strike","floor":13.0},{"not_picked":["Limit Break","Demon Form"],"picked":"Reaper","floor":17.0},{"not_picked":["Heavy Blade","Havoc","Body Slam"],"picked":"SKIP","floor":19.0},{"not_picked":["Rampage","Ghostly Armor+1","Twin Strike"],"picked":"SKIP","floor":20.0},{"not_picked":["Inflame","Rage"],"picked":"Clothesline","floor":23.0},{"not_picked":["Iron Wave+1","Anger"],"picked":"Headbutt","floor":24.0},{"not_picked":["Reckless Charge","Cleave"],"picked":"Reaper","floor":26.0},{"not_picked":["Warcry","True Grit"],"picked":"Perfected Strike+1","floor":27.0},{"not_picked":["Dual Wield","Wild Strike"],"picked":"Perfected Strike","floor":31.0},{"not_picked":["Clothesline","Double Tap"],"picked":"Perfected Strike","floor":35.0},{"not_picked":["Body Slam","Inflame","Sword Boomerang"],"picked":"SKIP","floor":36.0},{"not_picked":["Warcry","Twin Strike","Havoc"],"picked":"SKIP","floor":40.0},{"not_picked":["Headbutt","Body Slam+1"],"picked":"Demon Form","floor":41.0},{"not_picked":["Heavy Blade","Sword Boomerang","Armaments"],"picked":"SKIP","floor":42.0},{"not_picked":["Blood for Blood","Hemokinesis"],"picked":"Inflame+1","floor":45.0},{"not_picked":["Flex","Blood for Blood+1"],"picked":"Burning Pact","floor":47.0},{"not_picked":["Twin Strike","Pommel Strike"],"picked":"Fire Breathing","floor":52.0},{"not_picked":["Bloodletting","Flex","Rupture+1"],"picked":"SKIP","floor":53.0},{"not_picked":["Whirlwind","Iron Wave","Flex"],"picked":"SKIP","floor":54.0}],"player_experience":2401297,"relics_obtained":[{"floor":8.0,"key":"Akabeko"},{"floor":10.0,"key":"Dota2Spire:UrnOfShadows"},{"floor":13.0,"key":"Dota2Spire:Butterfly"},{"floor":24.0,"key":"Omamori"},{"floor":27.0,"key":"Dota2Spire:Desolator"},{"floor":29.0,"key":"HornCleat"},{"floor":31.0,"key":"Ornamental Fan"},{"floor":35.0,"key":"The Courier"},{"floor":39.0,"key":"Dota2Spire:MagicBottle"},{"floor":39.0,"key":"Blue Candle"},{"floor":39.0,"key":"TungstenRod"},{"floor":45.0,"key":"Vajra"},{"floor":47.0,"key":"Bag of Marbles"},{"floor":48.0,"key":"Mercury Hourglass"}],"event_choices":[{"damage_healed":0.0,"max_hp_gain":0.0,"max_hp_loss":0.0,"gold_gain":0.0,"event_name":"Accursed Blacksmith","player_choice":"Rummage","floor":2.0,"gold_loss":0.0,"damage_taken":0.0,"relics_obtained":["WarpedTongs"],"cards_obtained":["Pain"]},{"damage_healed":0.0,"max_hp_gain":0.0,"max_hp_loss":0.0,"gold_gain":75.0,"event_name":"World of Goop","player_choice":"Gather Gold","floor":7.0,"gold_loss":0.0,"damage_taken":11.0},{"damage_healed":0.0,"max_hp_gain":0.0,"max_hp_loss":0.0,"gold_gain":0.0,"event_name":"Lab","player_choice":"Got Potions","floor":12.0,"gold_loss":0.0,"damage_taken":0.0},{"cards_removed":["Strike_R"],"damage_healed":0.0,"max_hp_gain":0.0,"max_hp_loss":0.0,"gold_gain":0.0,"event_name":"Bonfire Elementals","player_choice":"Offered Basic","floor":21.0,"gold_loss":0.0,"damage_taken":0.0},{"damage_healed":0.0,"max_hp_gain":0.0,"max_hp_loss":4.0,"gold_gain":0.0,"event_name":"Winding Halls","player_choice":"Max HP","floor":43.0,"gold_loss":0.0,"damage_taken":0.0},{"damage_healed":0.0,"max_hp_gain":0.0,"max_hp_loss":0.0,"gold_gain":0.0,"event_name":"The Woman in Blue","player_choice":"Bought 0 Potions","floor":50.0,"gold_loss":0.0,"damage_taken":0.0}],"is_beta":false,"boss_relics":[{"not_picked":["SlaversCollar","Runic Cube"],"picked":"Snecko Eye"},{"not_picked":["Tiny House","Runic Pyramid"],"picked":"Calling Bell"}],"items_purged_floors":[11,22],"is_endless":false,"potions_floor_spawned":[1,3,5,13,23,26,27,38,45,47],"killed_by":"Shield and Spear","ascension_level":20}}