{"host":"zjc1tzo4ovig5lll","time":1612454530,"event":{"mods":["AchievementEnabler","Aspiration","BaseMod","Beaked The Cultist","Better Altar","Better Match","Better Note","Better Sensory Stone","Colored Map","Colored Powertips","Conspire","Energized Spire","Friendly Minions","GifTheSpireLib","Halation","Hermit","Hubris","Minty Spire (QoL Compilation)","Rare Cards Sparkle","Replay The Spire","StSLib","The Blue Laboratory","The Bug Knight","The Construct","The Jungle","everything is the same but u backflip on backflip"],"gold_per_floor":[109,75,75,75,93,93,123,123,146,146,146,146,174,190,190,288,288,305,324,324,336,336,336,364,364,433,433,362,362,362,375,375,375,375],"floor_reached":33,"language":"ENG","playtime":1162,"items_purged":[],"score":353,"play_id":"59f174c8-2a79-459d-9d81-34464906be9f","local_time":"20210204180210","is_ascension_mode":true,"campfire_choices":[{"data":"Storm","floor":6,"key":"SMITH"},{"floor":8,"key":"RECALL"},{"data":"Amplify","floor":12,"key":"SMITH"},{"data":"Conserve Battery","floor":15,"key":"SMITH"},{"floor":23,"key":"REST"},{"floor":25,"key":"REST"},{"data":"Defend_B","floor":27,"key":"SMITH"},{"floor":32,"key":"REST"}],"circlet_count":0,"master_deck":["Strike_B","Strike_B","Strike_B","Strike_B","Defend_B","Defend_B","Defend_B","Defend_B+1","Zap+1","Dualcast","conspire:SharedLibrary+1","Storm+1","Amplify+1","Conserve Battery+1","Machine Learning","Capacitor+1","Crystallizer","Decay"],"relics":["Cracked Core","NeowsBlessing","halation:EternalFortune","aspiration:HummingbirdHeart","halation:LettersToHer","Replay:Antivirus Software","Pantograph","energizedSpire:OldTV","Smiling Mask","Blood Vial"],"acts_visited":["Exordium","TheCity"],"potions_floor_usage":[],"damage_taken":[{"damage":0,"enemies":"2 Louse","floor":1,"turns":1},{"damage":0,"enemies":"conspire:RoseBush","floor":5,"turns":1},{"damage":0,"enemies":"Gremlin Nob","floor":7,"turns":1},{"damage":7,"enemies":"3 Sentries","floor":13,"turns":6},{"damage":0,"enemies":"Cultist","floor":14,"turns":3},{"damage":4,"enemies":"Fading Forest","floor":16,"turns":11},{"damage":17,"enemies":"Spheric Guardian","floor":18,"turns":4},{"damage":16,"enemies":"conspire:FuzzyDice","floor":19,"turns":8},{"damage":20,"enemies":"Centurion and Healer","floor":21,"turns":6},{"damage":28,"enemies":"conspire:SneckoGhost","floor":24,"turns":8},{"damage":15,"enemies":"Snecko","floor":31,"turns":6},{"damage":69,"enemies":"hubris:MusketHawk","floor":33,"turns":8}],"seed_played":"-3241828031522291238","potions_obtained":[{"floor":13,"key":"PotionOfCapacity"},{"floor":21,"key":"CultistPotion"}],"is_trial":false,"path_per_floor":["M","$","?","?","M","R","E","R","T","?","T","R","E","M","R","B",null,"M","M","?","M","?","R","E","R","T","R","$","?","?","M","R","B"],"character_chosen":"DEFECT","items_purchased":["Storm","Crystallizer"],"campfire_rested":3,"item_purchase_floors":[2,28],"current_hp_per_floor":[75,75,78,62,62,62,65,65,65,65,65,65,58,58,58,77,81,64,48,48,28,28,52,27,52,52,52,52,30,30,17,42,0,0],"gold":375,"neow_bonus":"THREE_ENEMY_KILL","is_daily":false,"chose_seed":false,"campfire_upgraded":4,"win_rate":0.0,"timestamp":1612454530,"path_taken":["M","$","?","?","M","R","E","R","T","?","?","R","E","?","R","BOSS","M","M","?","M","?","R","E","R","T","R","$","?","?","?","R","BOSS"],"items_purchased_type":["Card","Card"],"build_version":"2020-12-22","purchased_purges":0,"victory":false,"max_hp_per_floor":[75,75,78,78,78,78,81,81,81,81,81,81,81,81,81,81,81,81,81,81,81,81,81,84,84,84,84,84,84,84,84,84,84,84],"card_choices":[{"not_picked":["Force Field","Aggregate"],"picked":"conspire:SharedLibrary","floor":1},{"not_picked":["Steam","aspiration:Polymerization","Gash"],"picked":"SKIP","floor":5},{"not_picked":["Undo","Scrape"],"picked":"Amplify","floor":7},{"not_picked":["Steam Power","Steam","Skim"],"picked":"SKIP","floor":13},{"not_picked":["Streamline","Rebound"],"picked":"Conserve Battery","floor":14},{"not_picked":["Mirror Shield","Meteor Strike"],"picked":"Machine Learning","floor":16},{"not_picked":["Lockon","Storm"],"picked":"Capacitor+1","floor":18},{"not_picked":["Barrage","Steam+1","Ball Lightning"],"picked":"SKIP","floor":19},{"not_picked":["BootSequence","Time Bomb","Barrage"],"picked":"SKIP","floor":21},{"not_picked":["Go for the Eyes","Panic Button","Conserve Battery"],"picked":"SKIP","floor":24},{"not_picked":["Rebound","Turbo","Sweeping Beam"],"picked":"SKIP","floor":31}],"player_experience":683503,"relics_obtained":[{"floor":7,"key":"halation:EternalFortune"},{"floor":7,"key":"aspiration:HummingbirdHeart"},{"floor":9,"key":"halation:LettersToHer"},{"floor":11,"key":"halation:LettersToHer"},{"floor":11,"key":"Replay:Antivirus Software"},{"floor":13,"key":"Pantograph"},{"floor":24,"key":"halation:EternalFortune"},{"floor":24,"key":"Smiling Mask"},{"floor":26,"key":"halation:LettersToHer"}],"event_choices":[{"damage_healed":0,"gold_gain":0,"player_choice":"Entered Light","damage_taken":16,"max_hp_gain":0,"max_hp_loss":0,"event_name":"Shining Light","floor":4,"gold_loss":0,"cards_upgraded":["conspire:SharedLibrary","Zap"]},{"damage_healed":0,"gold_gain":0,"player_choice":"Leave","damage_taken":0,"max_hp_gain":0,"max_hp_loss":0,"event_name":"conspire:Investor","floor":10,"gold_loss":0},{"damage_healed":0,"gold_gain":0,"player_choice":"Ignored","damage_taken":0,"max_hp_gain":0,"max_hp_loss":0,"event_name":"Cursed Tome","floor":22,"gold_loss":0},{"damage_healed":0,"gold_gain":0,"player_choice":" Vial ","damage_taken":22,"relics_obtained":["Blood Vial"],"max_hp_gain":52,"max_hp_loss":30,"event_name":"betterAltar:BetterAltar","floor":29,"potions_obtained":[],"relics_lost":[],"gold_loss":0},{"damage_healed":0,"gold_gain":0,"player_choice":"Cursed","damage_taken":0,"max_hp_gain":0,"max_hp_loss":0,"event_name":"Wheel of Change","floor":30,"gold_loss":0,"cards_obtained":["Decay"]}],"is_beta":false,"boss_relics":[{"not_picked":["aspiration:SecretTechniqueScroll","SacredBark"],"picked":"energizedSpire:OldTV"}],"items_purged_floors":[],"is_endless":false,"potions_floor_spawned":[1,13,19,21],"killed_by":"hubris:MusketHawk","ascension_level":4}}