{"host":"pletss163z7s8pvv","time":1612402941,"event":{"mods":["AchievementEnabler","BaseMod","Better Altar","Better Match","Better Note","Better Sensory Stone","Better Skull","Better Third Choice","BetterRewards","CapriCore","ChefMod","Colored Map","Colored Powertips","Conspire","Energized Spire","Evolution","GifTheSpireLib","Hermit","Ironclad Rager","Marked Mod","Minty Spire (QoL Compilation)","Retaliation","Spicy Shops","StS++","StSLib","The Alterego","The Blue Laboratory","The Cursed","The Disciple","The Forsaken"],"gold_per_floor":[144,144,189,234,279,369,369,414,414,459,459,504,549,824,824,1124,1124,1169,1169,1268,1304,154,244,244,289,339,339,384,384,429,474,474,774,774,819,864,114,114,159,159,180,180,180,225,225,225,225,270,270,270],"floor_reached":51,"language":"ENG","playtime":1467,"items_purged":[],"score":846,"play_id":"a037aef7-dfc8-4cd9-80f8-c7453223cc9a","local_time":"20210203194221","daily_mods":["Insanity","Colorless Cards","Midas"],"is_ascension_mode":false,"campfire_choices":[{"floor":7,"key":"REST"},{"floor":15,"key":"REST"},{"data":"1","floor":24,"key":"LIFT"},{"data":"2","floor":27,"key":"LIFT"},{"data":"3","floor":32,"key":"LIFT"},{"floor":40,"key":"REST"},{"floor":42,"key":"REST"},{"floor":47,"key":"REST"},{"floor":49,"key":"REST"}],"circlet_count":0,"master_deck":["Cleave","Headbutt","DDmod:SpikedSkill","Inflame","Flame Barrier","StSpp:TheBiggerTheyAre","DDmod:SpikeInjectionSkill","Inflame","Anger","Clash","Sword Boomerang","StSpp:TheBiggerTheyAre","Havoc","StSpp:TheBiggerTheyAre","Dark Shackles","Battle Trance","DDmod:SpikedSkill","Shrug It Off","Spot Weakness","StSpp:Succumb","Searing Blow","DDmod:EasePowerCard","Dropkick","Body Slam","DDmod:SpikeInjectionSkill+1","StSpp:Sprint","Iron Wave","Pommel Strike","Clothesline","StSpp:Unbreakable","Shrug It Off","Warcry+1","DDmod:SpikedSkill","StSpp:Sprint","Inflame","Fire Breathing","Blind","StSpp:Panic","conspire:Banana","Fire Breathing","Panacea","Heavy Blade","Flex","Thunderclap","DDmod:SpikedSkill","Dramatic Entrance+1","Armaments","Dropkick","Flex","Flex","DDmod:UnstoppableAttack","Clash","Ghostly Armor","Madness","DDmod:UnstoppableAttack","Twin Strike","Cleave","Jack Of All Trades","Feed","Sever Soul","Mind Blast","Turbo+1","Havoc+1","theForsaken:HymnOfPatience","Reprogram","Pommel Strike","Demon Form","Stack","chefmod:DoubleChop+1","hermit:Feint+1","theForsaken:FuryStrikes","Parasite","chefmod:FryPan+1","Madness","Madness","ForeignInfluence"],"relics":["Burning Blood","EVO:Axolotl","Kunai","Pantograph","Philosopher\u0027s Stone","alterego_mod:SomeoneToFightFor","Red Mask","Vajra","Girya","Sling","conspire:Dentures","StSpp:BrokenTotem","Toy Ornithopter","Smiling Mask","conspire:SpecialSausage","Lee\u0027s Waffle","Bronze Scales","Art of War","Anchor","War Paint","Akabeko","Bottled Lightning"],"acts_visited":["Exordium","TheCity","TheBeyond"],"potions_floor_usage":[6,16,33,33,50],"damage_taken":[{"damage":3,"enemies":"conspire:RoseBush","floor":1,"turns":3},{"damage":0,"enemies":"Cultist","floor":3,"turns":4},{"damage":7,"enemies":"2 Louse","floor":4,"turns":2},{"damage":29,"enemies":"Exordium Thugs","floor":5,"turns":5},{"damage":49,"enemies":"Lagavulin","floor":6,"turns":6},{"damage":7,"enemies":"Looter","floor":8,"turns":2},{"damage":18,"enemies":"conspire:2 RoseBushes","floor":10,"turns":5},{"damage":0,"enemies":"3 Louse","floor":12,"turns":1},{"damage":21,"enemies":"Large Slime","floor":13,"turns":4},{"damage":50,"enemies":"Slime Boss","floor":16,"turns":12},{"damage":33,"enemies":"2 Thieves","floor":18,"turns":4},{"damage":12,"enemies":"Masked Bandits","floor":21,"turns":3},{"damage":21,"enemies":"conspire:Head Lice","floor":23,"turns":4},{"damage":0,"enemies":"Spheric Guardian","floor":25,"turns":1},{"damage":0,"enemies":"Snake Plant","floor":28,"turns":1},{"damage":6,"enemies":"Chosen and Byrds","floor":30,"turns":3},{"damage":0,"enemies":"Sentry and Sphere","floor":31,"turns":2},{"damage":75,"enemies":"Automaton","floor":33,"turns":8},{"damage":3,"enemies":"3 Shapes","floor":35,"turns":2},{"damage":5,"enemies":"Orb Walker","floor":36,"turns":3},{"damage":23,"enemies":"Jaw Worm Horde","floor":39,"turns":3},{"damage":22,"enemies":"conspire:MimicChest","floor":41,"turns":3},{"damage":24,"enemies":"Writhing Mass","floor":44,"turns":5},{"damage":24,"enemies":"4 Shapes","floor":48,"turns":3},{"damage":60,"enemies":"Donu and Deca","floor":50,"turns":6}],"seed_played":"2514053361250750194","potions_obtained":[{"floor":2,"key":"BloodPotion"},{"floor":2,"key":"blueLaboratory:BottledHope"},{"floor":2,"key":"blueLaboratory:Moonshine"},{"floor":8,"key":"blueLaboratory:HummingbirdPotion"},{"floor":13,"key":"Energy Potion"},{"floor":18,"key":"blueLaboratory:FrostheartPotion"},{"floor":23,"key":"blueLaboratory:IronCompound"},{"floor":33,"key":"blueLaboratory:BottleOfVodka"},{"floor":39,"key":"blueLaboratory:NullPotion"},{"floor":48,"key":"Strength Potion"}],"is_trial":false,"path_per_floor":["M","?","M","M","M","E","R","M","T","M","?","M","M","?","R","B",null,"M","?","?","?","$","E","R","M","T","R","M","?","M","M","R","B",null,"M","M","$","?","M","R","?","R","T","M","?","?","R","M","R","B",null],"character_chosen":"IRONCLAD","items_purchased":["Vajra","Girya","PrismaticShard","Sling","conspire:Dentures","StSpp:BrokenTotem","Lee\u0027s Waffle","Bronze Scales","Art of War","Anchor","War Paint"],"campfire_rested":6,"item_purchase_floors":[22,22,22,22,22,22,37,37,37,37,37],"current_hp_per_floor":[84,84,84,83,68,46,71,70,70,62,62,68,53,53,78,53,86,66,66,66,67,67,52,52,58,58,58,71,71,85,87,87,56,88,88,91,98,98,89,98,82,98,98,88,76,76,98,97,101,62],"gold":270,"neow_bonus":"","is_daily":true,"chose_seed":false,"campfire_upgraded":0,"win_rate":0.0,"timestamp":1612402941,"path_taken":["M","?","?","M","M","E","R","M","T","?","?","?","M","?","R","BOSS","M","?","?","?","$","E","R","?","T","R","M","?","M","M","R","BOSS","M","M","$","?","?","R","?","R","T","M","?","?","R","M","R","BOSS"],"items_purchased_type":["Relic","Relic","Relic","Relic","Relic","Relic","Relic","Relic","Relic","Relic","Relic"],"build_version":"2020-12-22","purchased_purges":0,"victory":true,"max_hp_per_floor":[84,84,84,84,85,85,85,85,85,85,85,85,85,85,85,86,86,87,87,87,87,87,87,87,87,87,87,87,87,87,87,87,88,88,88,91,98,98,98,98,98,98,98,98,98,98,98,101,101,102],"card_choices":[{"not_picked":["Twin Strike","DDmod:EasePowerCard"],"picked":"Flex","floor":1},{"not_picked":["Clothesline","Twin Strike"],"picked":"DDmod:UnstoppableAttack","floor":3},{"not_picked":["DDmod:EasePowerCard","Heavy Blade"],"picked":"Clash","floor":4},{"not_picked":["Enlightenment","StSpp:Succumb"],"picked":"Ghostly Armor","floor":5},{"not_picked":["DDmod:AllInSkill","Dual Wield"],"picked":"Madness","floor":6},{"not_picked":["Pommel Strike","Cleave"],"picked":"DDmod:UnstoppableAttack","floor":8},{"not_picked":["DDmod:EasePowerCard","Dark Embrace"],"picked":"Twin Strike","floor":10},{"not_picked":["Jack Of All Trades","Armaments"],"picked":"Cleave","floor":12},{"not_picked":["StSpp:Succumb","Havoc"],"picked":"Jack Of All Trades","floor":13},{"not_picked":["DDmod:PotionAddictCard","StSpp:Betrayal"],"picked":"Feed","floor":16},{"not_picked":["Shrug It Off","Iron Wave"],"picked":"Sever Soul","floor":18},{"not_picked":["Cleave","DDmod:EasePowerCard"],"picked":"Mind Blast","floor":21},{"not_picked":["theForsaken:Horror","Entrench"],"picked":"Turbo+1","floor":23},{"not_picked":["MarkedMod:Acupuncture","theForsaken:StoreUp+1"],"picked":"Havoc+1","floor":25},{"not_picked":["MarkedMod:GentlePulse","Flying Knee"],"picked":"theForsaken:HymnOfPatience","floor":28},{"not_picked":["Coolheaded","alterego_mod:DiscoLights+1"],"picked":"Reprogram","floor":30},{"not_picked":["alterego_mod:MagicResistance","chefmod:BaoBuns+1"],"picked":"Pommel Strike","floor":31},{"not_picked":["LockedFlame","TheCursedMod:UltimatePain"],"picked":"Demon Form","floor":33},{"not_picked":["theForsaken:ShieldBash","chefmod:Gelato"],"picked":"Stack","floor":35},{"not_picked":["Body Slam+1","TheCursedMod:CursedBlade"],"picked":"chefmod:DoubleChop+1","floor":36},{"not_picked":["TheCursedMod:BlessingInDisguise+1","theForsaken:StoreUp"],"picked":"hermit:Feint+1","floor":39},{"not_picked":["FearNoEvil+1","Recycle+1"],"picked":"theForsaken:FuryStrikes","floor":41},{"not_picked":["Break+1","Ball Lightning"],"picked":"chefmod:FryPan+1","floor":44},{"not_picked":["hermit:LowProfile","Body Slam"],"picked":"ForeignInfluence","floor":48}],"player_experience":486723,"relics_obtained":[{"floor":6,"key":"Kunai"},{"floor":9,"key":"Pantograph"},{"floor":21,"key":"Red Mask"},{"floor":23,"key":"Toy Ornithopter"},{"floor":26,"key":"Smiling Mask"},{"floor":41,"key":"Akabeko"},{"floor":43,"key":"Bottled Lightning"}],"event_choices":[{"damage_healed":0,"gold_gain":0,"player_choice":"Got Potions","damage_taken":0,"max_hp_gain":0,"max_hp_loss":0,"event_name":"Lab","floor":2,"gold_loss":0},{"damage_healed":0,"gold_gain":0,"player_choice":"Forge","damage_taken":0,"max_hp_gain":0,"max_hp_loss":0,"event_name":"Accursed Blacksmith","floor":11,"gold_loss":0,"cards_upgraded":["Dramatic Entrance"]},{"damage_healed":0,"gold_gain":275,"player_choice":"Desecrate","damage_taken":0,"max_hp_gain":0,"max_hp_loss":0,"event_name":"Golden Shrine","floor":14,"gold_loss":0,"cards_obtained":["Regret"]},{"damage_healed":0,"gold_gain":0,"player_choice":"Choice 2","damage_taken":0,"relics_obtained":["alterego_mod:SomeoneToFightFor"],"max_hp_gain":0,"max_hp_loss":0,"event_name":"Secret Garden","floor":19,"gold_loss":0},{"damage_healed":0,"gold_gain":99,"player_choice":"Steal","damage_taken":0,"max_hp_gain":0,"max_hp_loss":0,"event_name":"betterThird:BetterNest","floor":20,"gold_loss":0},{"damage_healed":0,"gold_gain":0,"player_choice":"Fought Bandits","damage_taken":0,"max_hp_gain":0,"max_hp_loss":0,"event_name":"Masked Bandits","floor":21,"gold_loss":0},{"cards_removed":["DDmod:CallousedSkill"],"damage_healed":5,"gold_gain":0,"player_choice":"Offered Common","damage_taken":0,"max_hp_gain":0,"max_hp_loss":0,"event_name":"Bonfire Elementals","floor":38,"gold_loss":0},{"cards_removed":["DDmod:CallousedSkill"],"damage_healed":5,"gold_gain":0,"player_choice":"Offered Special","damage_taken":0,"max_hp_gain":0,"max_hp_loss":0,"event_name":"Bonfire Elementals","floor":38,"gold_loss":0},{"damage_healed":0,"gold_gain":0,"player_choice":"Embrace Madness","damage_taken":12,"max_hp_gain":0,"max_hp_loss":0,"event_name":"Winding Halls","floor":45,"gold_loss":0,"cards_obtained":["Madness","Madness"]},{"cards_removed":["Regret"],"damage_healed":0,"gold_gain":0,"player_choice":"Purged","damage_taken":0,"max_hp_gain":0,"max_hp_loss":0,"event_name":"Purifier","floor":46,"gold_loss":0}],"is_beta":false,"boss_relics":[{"not_picked":["conspire:SlowCooker","energizedSpire:NeverEndingSparkler"],"picked":"Philosopher\u0027s Stone"},{"not_picked":["energizedSpire:RedRose","StSpp:Magatama"],"picked":"conspire:SpecialSausage"}],"items_purged_floors":[],"is_endless":false,"potions_floor_spawned":[3,8,13,18,23,30,33,39,44,48],"ascension_level":0}}