{"host":"6azrrw3tf7wb0f4b","time":1612441501,"event":{"mods":["BaseMod","DeckTracker","Minty Spire (QoL Compilation)","SuperFastMode"],"gold_per_floor":[119,89,103,121,46,46,46,46,46,63,63,90,90,115,115,189,189,205,205,225,6,26,26,46,77,77,77,77],"floor_reached":27,"language":"KOR","playtime":473,"items_purged":["Defend_B"],"score":434,"play_id":"03c22c48-b9cb-49d8-9040-55853e4b0a99","local_time":"20210204212501","is_ascension_mode":true,"campfire_choices":[{"data":"Dualcast","floor":6,"key":"SMITH"},{"data":"Rainbow","floor":8,"key":"SMITH"},{"data":"Consume","floor":11,"key":"SMITH"},{"data":"White Noise","floor":13,"key":"SMITH"},{"data":"Zap","floor":15,"key":"SMITH"},{"data":"Creative AI","floor":23,"key":"SMITH"}],"circlet_count":0,"master_deck":["AscendersBane","Strike_B","Strike_B","Strike_B","Defend_B","Defend_B","Defend_B","Zap+1","Dualcast+1","Beam Cell","White Noise+1","Conserve Battery","Rainbow+1","Consume+1","Force Field","Self Repair","Machine Learning","White Noise","Panacea","Creative AI+1","Recycle"],"relics":["Cracked Core","Meat on the Bone","Lantern","DataDisk","Sozu","Nloth\u0027s Gift","Membership Card","Darkstone Periapt","Kunai"],"acts_visited":["Exordium","TheCity"],"potions_floor_usage":[12],"damage_taken":[{"damage":0,"enemies":"Jaw Worm","floor":1,"turns":1},{"damage":0,"enemies":"Cultist","floor":3,"turns":1},{"damage":0,"enemies":"Small Slimes","floor":4,"turns":1},{"damage":6,"enemies":"2 Fungi Beasts","floor":10,"turns":3},{"damage":10,"enemies":"Gremlin Nob","floor":12,"turns":3},{"damage":17,"enemies":"3 Sentries","floor":14,"turns":7},{"damage":8,"enemies":"The Guardian","floor":16,"turns":11},{"damage":2,"enemies":"Chosen","floor":18,"turns":5},{"damage":25,"enemies":"2 Thieves","floor":20,"turns":4},{"damage":29,"enemies":"Cultist and Chosen","floor":22,"turns":5},{"damage":29,"enemies":"Centurion and Healer","floor":24,"turns":5},{"damage":30,"enemies":"Book of Stabbing","floor":25,"turns":5},{"damage":24,"enemies":"Snake Plant","floor":27,"turns":1}],"seed_played":"-228797191952635258","potions_obtained":[{"floor":2,"key":"LiquidMemories"},{"floor":2,"key":"Strength Potion"}],"is_trial":false,"path_per_floor":["M","?","M","M","$","R","?","R","T","M","R","E","R","E","R","B",null,"M","?","M","$","M","R","M","E","T","M"],"character_chosen":"DEFECT","items_purchased":["Membership Card","Panacea"],"campfire_rested":0,"item_purchase_floors":[21,21],"current_hp_per_floor":[64,64,64,64,64,64,64,64,64,58,58,48,48,43,43,54,67,71,71,53,53,43,43,33,22,22,0,0],"gold":77,"neow_bonus":"THREE_ENEMY_KILL","is_daily":false,"chose_seed":false,"campfire_upgraded":6,"win_rate":0.0,"timestamp":1612441501,"path_taken":["M","?","?","M","?","R","?","R","T","M","R","E","R","E","R","BOSS","M","?","M","$","M","R","?","E","T","M"],"items_purchased_type":["Relic","Card"],"build_version":"2020-12-22","purchased_purges":1,"victory":false,"max_hp_per_floor":[71,71,71,71,71,71,71,71,71,71,71,71,71,71,71,71,71,71,71,71,71,71,71,71,71,71,71,71],"card_choices":[{"not_picked":["Redo","Stack"],"picked":"Beam Cell","floor":1},{"not_picked":["Ball Lightning","Cold Snap"],"picked":"White Noise","floor":3},{"not_picked":["Barrage","Gash"],"picked":"Conserve Battery","floor":4},{"not_picked":["Redo","Hologram"],"picked":"Consume","floor":10},{"not_picked":["Turbo","Thunder Strike"],"picked":"Force Field","floor":12},{"not_picked":["Turbo","Undo"],"picked":"Self Repair","floor":14},{"not_picked":["Multi-Cast","Hyperbeam"],"picked":"Machine Learning","floor":16},{"not_picked":["Reinforced Body","Go for the Eyes"],"picked":"White Noise","floor":18},{"not_picked":["Rebound","Chaos","Sweeping Beam"],"picked":"SKIP","floor":20},{"not_picked":["Genetic Algorithm","Turbo"],"picked":"Creative AI","floor":22},{"not_picked":["Hyperbeam","Static Discharge","Chaos"],"picked":"SKIP","floor":24},{"not_picked":["Blizzard","Streamline"],"picked":"Recycle","floor":25}],"player_experience":759689,"relics_obtained":[{"floor":9,"key":"Meat on the Bone"},{"floor":12,"key":"Lantern"},{"floor":14,"key":"DataDisk"},{"floor":25,"key":"Darkstone Periapt"},{"floor":26,"key":"Kunai"}],"event_choices":[{"damage_healed":0,"gold_gain":0,"player_choice":"Bought 2 Potions","damage_taken":0,"max_hp_gain":0,"max_hp_loss":0,"event_name":"The Woman in Blue","floor":2,"gold_loss":0},{"damage_healed":0,"gold_gain":0,"cards_transformed":["Strike_B"],"player_choice":"Change","damage_taken":0,"max_hp_gain":0,"max_hp_loss":0,"event_name":"Living Wall","floor":7,"gold_loss":0,"cards_obtained":["Rainbow"]},{"damage_healed":0,"gold_gain":0,"player_choice":"Traded Relic","damage_taken":0,"relics_obtained":["Nloth\u0027s Gift"],"max_hp_gain":0,"max_hp_loss":0,"event_name":"N\u0027loth","floor":19,"relics_lost":["NeowsBlessing"],"gold_loss":0}],"is_beta":false,"boss_relics":[{"not_picked":["Calling Bell","Snecko Eye"],"picked":"Sozu"}],"items_purged_floors":[5],"is_endless":false,"potions_floor_spawned":[4,10,18,20],"killed_by":"Snake Plant","ascension_level":16}}