{"host":"noo4i9da5rqp3a2i","time":1612448773,"event":{"mods":["AchievementEnabler","Aspiration","Bard","BaseMod","Beaked The Cultist","Better Altar","Better Match","Better Note","Better Sensory Stone","Better Skull","Better Third Choice","BetterRewards","CCEM2","Card Forge","Colored Map","Conspire","Custom Start","GifTheSpireLib","Googly Eyes","Halation","Highlight Path","Hubris","Infinite Spire","Jedi Mod","Jorbs\u0027s Wanderer Trilogy","Mad Scientist","Mari Mod (Legacy)","Mari\u0027s V1 Patch","Mimic Mod","Minty Spire (QoL Compilation)","Permanent Neow","Replay The Spire","Shop Mod","StSLib","Stuff the Spire","The Administrix","The Blackbeard","The Construct","The Gatherer","The Jungle","The Necromancer","The Servant 0.9.4","Unceasing Turn Reminder"],"gold_per_floor":[510,510,257,343,221,628,948,1054,1054,1128,678,1024,1432,1432,1482,1824,1842,1947,1711,1711,1908,2049,2049,2444,2444,2444,2889,3004,3004,3013,3091,3145,3489,3770,4112,4162,4162,4507,4507,5187,5381,5381,5381,6070,6029,6800,7794,6931,6931,6959,6959,6959,5092,5878,6073],"floor_reached":56,"language":"ENG","playtime":7809,"items_purged":["Bones_to_Steel+1","Bone_Armory+1","Bone_Armory+1","Bone_Armory+1"],"score":2775,"play_id":"667f9c09-70f6-4d63-a92f-e57a602331cb","local_time":"20210204152613","daily_mods":["ControlledChaos","Allstar","Flight","DeadlyEvents","Elite Swarm","Midas"],"is_ascension_mode":false,"campfire_choices":[{"floor":15.0,"key":"RECALL"},{"data":"1","floor":23.0,"key":"LIFT"},{"data":"2","floor":25.0,"key":"LIFT"},{"data":"3","floor":30.0,"key":"LIFT"},{"floor":32.0,"key":"DIG"},{"floor":42,"key":"DIG"},{"floor":49,"key":"DIG"},{"floor":52,"key":"DIG"}],"circlet_count":0,"master_deck":["Negative_Energy_Arrows+1","Bone_Wall+1","Negative_Energy_Shield+1","Summon_Undead_Army+1","Summon_Undead_Army+1","Summon_Lich+1","Summon_Undead_Army+1","Crow Ritual+1","conspire:Banana+1","Summon_Lich+1","Blood_for_Blood+1","Cloudkill+1","Negative_Energy_Shield+1","Shackles_Of_Pain+1","ReplayTheSpireMod:Brewmster+1","Summon_Lich+1","Epidemic+1","Skeleton_Dragon+1","Summon_Vampire_Lady+1","Trip+1","Bone_Shift+1","Bone_Armory+1","Replay:Bootleg Shield Generator+1","Corrupt+1","Stop_Heart+1","ReplayUltimateDefense+1","Spectral_Walk+1","Skeleton_Dragon+1","Blood_for_Blood+1","Blood_for_Blood+1","Summon_Lich+1","Summon_Vampire_Lady+1","Bone_Armory+1","Summon_Lich+1","Summon_Undead_Army+1","Summon_Lich+1","Magnetism+1","Summon_Death_Knight+1","Summon_Vampire_Lady+1","Necrotic_Claws+1","Summon_Vampire_Lady+1","Bones_to_Steel+1","Negative_Energy_Mist+1","Shackles_Of_Pain+1","Cloudkill+1","Death_March_Dance+1","Pandemic+1","Scare+1","Life_Drain+1","Grasp_Heart+1","Cloudkill+1","Bone_Shift+1","Siphon_Strength+1","Uncharnel+1","Bone_Shift+1","Spectral_Armor+1","Pot Of Greed+1","Pot Of Greed+1","Pot Of Greed+1","Pot Of Greed+1","Pot Of Greed+1","Pot Of Greed+1","Summon_Death_Knight+1","Spectral_Armor+1","Bone_Prison+1","Death_Knell+1","Uncharnel+1","Negative_Energy_Mist+1","Bones_to_Steel+1","Summon_Vampire_Lady+1","Pot Of Greed+1","Summon_Undead_Army+1","Spectral_Armor+1","Strike_from_Beyond+1","Bone_Bullets+1","Negative_Energy_Bomb+1","Summon_Undead_Army+1","Summon_Death_Knight+1","Bone_Shift+1","Summon_Death_Knight+1","Pot Of Greed+1","Summon_Vampire_Lady+1","Summon_Lich+1","Deaths_Shadow+1","Bone_Armor+1","Panache+1","Dark Shackles+1","Thinking Ahead+1","Blind+1","ReplayUltimateDefense+1","Dark Shackles+1","Pot Of Greed+1","Bone_Bullets+1","Summon_Death_Knight+1","Summon_Undead_Army+1","Summon_Undead_Army+1","Summon_Lich+1","Chrysalis+1","Panacea+1","Chrysalis+1","Strike_from_Beyond+1","Negative_Energy_Shield+1","Negative_Energy_Shield+1","Negative_Energy_Shield+1","Spectral_Armor+1","Pot Of Greed+1","Bone_Armor+1","Skeleton_Dragon+1","Blood_for_Blood+1","Summon_Undead_Army+1","Blood_for_Blood+1","Summon_Lich+1","jedi:forcepull+1","Hellfire+1"],"relics":["Vampire_Amulet","Frozen Eye","Hammer of Thor","Seething Fire","Anvil of the Gods","replay:Trail_Library","hubris:TenFootPole","hubris:64BitClover","Anchor","Bag of Marbles","CCEMRelics:Apple","Bag of Preparation","StuffTheSpire:Barrel","hubris:BlackHole","halation:BlackBeret","Black Star","jedi:leech","Blood Vial","Blue Candle","Burning Blood","Replay:Byrd Feeder","Calipers","CCEMRelics:CanOfSoda","infinitespire:Lychee Nut","Champion Belt","hubris:ChampionShield","CaptainsWheel","Chemical X","ClockworkSouvenir","construct:Cogwheel","Counterbalance","jedi:cryingmask","CCEMRelics:DarkMatter","StuffTheSpire:DarkSteelAnvil","Darkstone Periapt","conspire:DeflatedDodgeball","Dream Catcher","Durian","StuffTheSpire:EmeraldSignet","infinitespire:EmpoweringShard","Eternal Feather","jedi:firstaidkit","StuffTheSpire:Saxophone","Gatherer:FloralEgg","StuffTheSpire:ForceGauntlet","Frozen Egg 2","Fusion Hammer","Girya","AdministrixMod:GoldenChickadee","Golden Egg","blackbeard:GoldenRing","CCEMRelics:HeirloomTomato","blackbeard:HipFlask","HornCleat","halation:IllGainedPizza","conspire:InfiniteJournal","CCEMRelics:IronFruit","Lee\u0027s Waffle","Magic Flower","Mango","MealTicket","Meat on the Bone","Medical Kit","hubris:MedicalManual","Membership Card","infinitespire:Midas Blood","Molten Egg 2","hubris:MobiusCoin","Old Coin","hubris:OldNail","Pantograph","hubris:PeanutButter","Pear","Potion Belt","Prayer Wheel","PreservedInsect","Replay:Purple Gloves","Quantum Egg","Question Card","Regal Pillow","Replay:Ringing Soul","construct:RocketBooster","StuffTheSpire:RubySignet","Simple Rune","SacredBark","StuffTheSpire:SapphireSignet","infinitespire:ShieldingShard","Shovel","Sizzling Blood","SlaversCollar","hubris:SlimyHat","Sling","Smiling Mask","Strawberry","Blue Doll","The Courier","MariMod:MariTheSpark","Thread and Needle","StuffTheSpire:TintedRock","Tiny Chest","aspiration:TomeofQuesting","halation:Toothbrush","Toxic Egg 2","blackbeard:TreasureChest","conspire:TreasureMap","TungstenRod","War Paint","infinitespire:WardingShard","Replay:Wax Seal","White Beast Statue","Chameleon Ring","aspiration:ChemicalBlood","aspiration:EmptySkull","jedi:fakemustache","halation:PromiseList","StoneMask","CCEMRelics:BiPhaseBiplane","MerchantsRug","Replay:Bandana","jedi:heavyjacket","Omamori","CCEMRelics:FestiveHat","hubris:CrystalStatue","halation:VictoryRuler","Torii","StuffTheSpire:OldFever","Replay:Baseball","Mercury Hourglass","Replay:Ancient Bell","CeramicFish","Kunai","hubris:CuriousFeather","halation:Trompette","CCEMRelics:SelfSharpeningBlade","CCEMRelics:OverlyComfyChair","Bird Faced Urn","Bottled Flame","Replay:Multitool","aspiration:Lifesprig","halation:QuantumPhysicsTextbook","Red Mask","CCEMRelics:DissonantTune","Grinning Jar","Pandora\u0027s Box","infinitespire:EvilPickle","halation:PurpleSoulGem","CCEMRelics:TechnogenicHelmet","hubris:FunFungus","construct:FoamFinger","CCEMRelics:CarbonFilter","halation:SelfBoilingWater","infinitespire:Lucky Rock","StuffTheSpire:Experiment12","halation:PenCase","Art of War","CCEMRelics:Barrel","CCEMRelics:OrganicArmor","CCEMRelics:TeddyBear","aspiration:SneckoTail","Letter Opener","StuffTheSpire:Rhapsscallions","CCEMRelics:BundleOfChain","CCEMRelics:SpiritsEdge","Mirror","CCEMRelics:FiftyFTOfRope","BargainBundle","StuffTheSpire:Expresso","CCEMRelics:EnergeticInfuser","infinitespire:BottledMercury","CCEMRelics:PorcelainBowl","Replay:Bottled Steam","hubris:BottledRain","aspiration:StickyExplosives_weak","aspiration:HatOfInfinitePower","Happy Flower","infinitespire:FocusingShard","hubris:AstralHammer","Lantern","CCEMRelics:LagavulinClaw","Ice Cream","ReplayFunnel","CCEMRelics:SoftDrink","ReplayTheSpireMod:TigerMarble"],"acts_visited":["Exordium","TheCity","TheBeyond","TheEnding"],"potions_floor_usage":[],"damage_taken":[{"damage":0.0,"enemies":"2 Louse","floor":1.0,"turns":1.0},{"damage":0.0,"enemies":"Cultist","floor":4.0,"turns":2.0},{"damage":0.0,"enemies":"Lagavulin","floor":6.0,"turns":3.0},{"damage":0.0,"enemies":"Replay:BlueRogue","floor":7.0,"turns":1.0},{"damage":0.0,"enemies":"Jaw Worm","floor":8.0,"turns":2.0},{"damage":0.0,"enemies":"Looter","floor":10.0,"turns":2.0},{"damage":0.0,"enemies":"Gremlin Nob","floor":12.0,"turns":1.0},{"damage":0.0,"enemies":"Lagavulin","floor":13.0,"turns":2.0},{"damage":0.0,"enemies":"Fading Forest","floor":16.0,"turns":6.0},{"damage":0.0,"enemies":"3 Byrds","floor":18.0,"turns":2.0},{"damage":0.0,"enemies":"Shell Parasite","floor":21.0,"turns":2.0},{"damage":0.0,"enemies":"3 Cultists","floor":22.0,"turns":3.0},{"damage":0.0,"enemies":"conspire:SneckoGhost","floor":24.0,"turns":2.0},{"damage":0.0,"enemies":"conspire:Head Lice","floor":27.0,"turns":1.0},{"damage":0.0,"enemies":"Masked Bandits","floor":28.0,"turns":1.0},{"damage":0.0,"enemies":"Snake Plant","floor":31.0,"turns":1.0},{"damage":0,"enemies":"Pondfish","floor":33,"turns":4},{"damage":0,"enemies":"3 Shapes","floor":35,"turns":3},{"damage":0,"enemies":"Orb Walker","floor":38,"turns":1},{"damage":0,"enemies":"Giant Head","floor":40,"turns":2},{"damage":0,"enemies":"R_Hoarder","floor":44,"turns":2},{"damage":0,"enemies":"Giant Head","floor":46,"turns":2},{"damage":0,"enemies":"R_Hoarder","floor":47,"turns":1},{"damage":0,"enemies":"Replay:Hell Engine","floor":50,"turns":1},{"damage":0,"enemies":"Shield and Spear","floor":54,"turns":1},{"damage":0,"enemies":"The Heart","floor":55,"turns":3}],"seed_played":"1272111207043934410","potions_obtained":[{"floor":1.0,"key":"Energy Potion"},{"floor":4.0,"key":"Energy Potion"},{"floor":6.0,"key":"DistilledChaos"},{"floor":7.0,"key":"LifebloodPotion"},{"floor":8.0,"key":"Strength Potion"},{"floor":10.0,"key":"AttackPotion"},{"floor":12.0,"key":"Ancient Potion"},{"floor":13.0,"key":"Reflective Coating"},{"floor":16.0,"key":"Dexterity Potion"},{"floor":18.0,"key":"construct:ShiftPotion"},{"floor":31.0,"key":"SteroidPotion"},{"floor":33,"key":"FearPotion"},{"floor":44,"key":"PowerPotion"}],"is_trial":true,"path_per_floor":["M","?","$","M","$","E","E","M","T","M","$","E","E","T","R_BF","B",null,"M","$","?","M","M","R","E","R","T","E","?","T","R","M","R_BF","B",null,"M","?","?","M","T","E","R","R","T","E","NS","E","E","$","R","B",null,"R","$","E","B",null],"character_chosen":"NECROMANCER","items_purchased":["MerchantsRug","Summon_Undead_Army+1","Replay:Bandana","Summon_Lich+1","Summon_Undead_Army+1","Crow Ritual+1","conspire:Banana+1","Summon_Lich+1","Blood_for_Blood+1","Cloudkill+1","ReplayTheSpireMod:Brewmster+1","Summon_Lich+1","Bone_Armory+1","Epidemic+1","ReplayUltimateDefense+1","Spectral_Walk+1","Skeleton_Dragon+1","Blood_for_Blood+1","Blood_for_Blood+1","Summon_Lich+1","Summon_Vampire_Lady+1","Bone_Armory+1","Summon_Lich+1","Summon_Undead_Army+1","Summon_Lich+1","halation:Trompette","CCEMRelics:SelfSharpeningBlade","Shackles_Of_Pain+1","Cloudkill+1","Death_March_Dance+1","CCEMRelics:TeddyBear","aspiration:SneckoTail","Summon_Lich+1","Madness+1","Letter Opener","StuffTheSpire:Rhapsscallions","Deaths_Shadow+1","Bone_Armor+1","Bone_Armory+1","Panache+1","Dark Shackles+1","Thinking Ahead+1","Blind+1","ReplayUltimateDefense+1","Dark Shackles+1","Bone_Bullets+1","CCEMRelics:BundleOfChain","CCEMRelics:SpiritsEdge","BargainBundle","Summon_Death_Knight+1","Summon_Undead_Army+1","Summon_Undead_Army+1","Summon_Lich+1","StuffTheSpire:Expresso","CCEMRelics:EnergeticInfuser","Chrysalis+1","Panacea+1","Chrysalis+1","Strike_from_Beyond+1","Negative_Energy_Shield+1","Negative_Energy_Shield+1","Spectral_Armor+1","Bone_Armor+1","Bone_Armory+1","Skeleton_Dragon+1","Bone_Armory+1","Blood_for_Blood+1","Summon_Undead_Army+1","Blood_for_Blood+1","Summon_Lich+1","infinitespire:BottledMercury","CCEMRelics:PorcelainBowl","Replay:Bottled Steam","hubris:BottledRain","aspiration:StickyExplosives_weak","aspiration:HatOfInfinitePower","Happy Flower","infinitespire:FocusingShard","hubris:AstralHammer","Lantern","CCEMRelics:LagavulinClaw","Ice Cream","ReplayFunnel","jedi:forcepull+1"],"campfire_rested":0,"item_purchase_floors":[3,3,3,3,3,3,3,3,3,3,5,5,5,5,11,11,11,11,11,11,11,11,11,11,11,19,19,19,19,19,48,48,48,48,48,48,48,48,48,48,48,48,48,48,48,48,48,48,53,53,53,53,53,53,53,53,53,53,53,53,53,53,53,53,53,53,53,53,53,53,53,53,53,53,53,53,53,53,53,53,53,53,53,53],"current_hp_per_floor":[125,125,128,132,135,139,143,147,147,151,160,164,168,168,171,178,190,202,205,205,209,215,215,219,219,219,223,229,229,232,236,239,246,249,255,258,258,262,262,266,217,262,262,273,282,286,290,299,299,301,301,301,315,320,321],"gold":6073,"neow_bonus":"","is_daily":false,"chose_seed":false,"campfire_upgraded":0,"win_rate":0.0,"timestamp":1612448773,"path_taken":["M","?","$","?","$","E","E","M","T","M","$","E","?","?","R_BF","BOSS","M","$","?","M","?","R","E","R","T","E","?","?","R","M","R_BF","BOSS","M","?","?","?","?","E","R","R","T","E","NS","E","?","$","R","BOSS","R","$","E","BOSS"],"items_purchased_type":["Relic","Card","Relic","Card","Card","Card","Card","Card","Card","Card","Card","Card","Card","Card","Card","Card","Card","Card","Card","Card","Card","Card","Card","Card","Card","Relic","Relic","Card","Card","Card","Relic","Relic","Card","Card","Relic","Relic","Card","Card","Card","Card","Card","Card","Card","Card","Card","Card","Relic","Relic","Relic","Card","Card","Card","Card","Relic","Relic","Card","Card","Card","Card","Card","Card","Card","Card","Card","Card","Card","Card","Card","Card","Card","Relic","Relic","Relic","Relic","Relic","Relic","Relic","Relic","Relic","Relic","Relic","Relic","Relic","Card"],"build_version":"2020-12-22","purchased_purges":4,"victory":true,"max_hp_per_floor":[125,125,128,132,135,139,143,147,147,151,160,164,168,168,171,178,190,202,205,205,209,215,215,219,219,219,223,229,229,232,236,239,246,249,255,258,258,262,262,266,269,269,269,273,282,286,290,299,299,301,301,301,315,320,321],"card_choices":[{"not_picked":["Bone_Armor+1","Necromantic_Selection+1","Vampiric_Strike+1"],"picked":"Negative_Energy_Shield+1","floor":1.0},{"not_picked":["Toxic_Smoke_Screen+1","Blood_Curse+1","Blood_Whip+1","Necromantic_Selection+1"],"picked":"SKIP","floor":1.0},{"not_picked":["Blood_Curse+1","Death_March_Dance+1","Flesh_Made_Foul+1"],"picked":"Negative_Energy_Shield+1","floor":4.0},{"not_picked":["Necrotic_Claws+1","Grasp_Heart+1","Toxic_Smoke_Screen+1"],"picked":"Shackles_Of_Pain+1","floor":4.0},{"not_picked":["Grasp_Heart+1","Detonate_Bones+1","Blood_Wake+1"],"picked":"Skeleton_Dragon+1","floor":6.0},{"not_picked":["Blood_Wake+1","Requiem+1","Negative_Energy_Bomb+1"],"picked":"Summon_Vampire_Lady+1","floor":7.0},{"not_picked":["ReplayTheSpireMod:Private Reserves+1","Crow Ritual+1","PanicButton+1"],"picked":"Trip+1","floor":8.0},{"not_picked":["Chill_Blood+1","Toxic_Smoke_Screen+1","Death_Coil+1"],"picked":"Bone_Shift+1","floor":8.0},{"not_picked":["Shackles_Of_Pain+1","Bone_Bullets+1","Toxic_Smoke_Screen+1"],"picked":"Bone_Armory+1","floor":8.0},{"not_picked":["Replay:Sssssssssshield+1","Dark Shackles+1","Mind Blast+1"],"picked":"Replay:Bootleg Shield Generator+1","floor":10.0},{"not_picked":["Vampiric_Strike+1","Violent_Necrosis+1","Blood_Whip+1"],"picked":"Corrupt+1","floor":10.0},{"not_picked":["Bone_Armor+1","Negative_Energy_Shield+1","Death_March_Dance+1"],"picked":"Stop_Heart+1","floor":10.0},{"not_picked":["Forethought+1","Mayhem+1","Transmutation+1"],"picked":"Magnetism+1","floor":12.0},{"not_picked":["Negative_Energy_Bomb+1","Grasp_Heart+1","Blood_Magic+1"],"picked":"Summon_Death_Knight+1","floor":12.0},{"not_picked":["Hellfire+1","Skeleton_Dragon+1","Requiem+1"],"picked":"Summon_Vampire_Lady+1","floor":13.0},{"not_picked":["Requiem+1","Detonate_Bones+1","Skeleton_Dragon+1"],"picked":"Summon_Vampire_Lady+1","floor":16.0},{"not_picked":["ReplayTheSpireMod:Doomed","CurseOfTheBell","Parasite"],"picked":"Writhe","floor":17.0},{"not_picked":["ReplayTheSpireMod:Faulty Equipment","Delirium","Decay"],"picked":"Injury","floor":17.0},{"not_picked":["hubris:Greed","jedi:BattleThirst","stsjorbsmod:Amnesia"],"picked":"hubris:Gluttony","floor":17.0},{"not_picked":["Scare+1","Bone_Armor+1","Bone_Shift+1"],"picked":"Bones_to_Steel+1","floor":18.0},{"not_picked":["Shackles_Of_Pain+1","Death_Coil+1","Bone_Spikes+1"],"picked":"Negative_Energy_Mist+1","floor":18.0},{"not_picked":["Toxic_Smoke_Screen+1","Corrupt+1","Finger_Of_Death+1"],"picked":"Bones_to_Steel+1","floor":21.0},{"not_picked":["Blood_Whip+1","Negative_Energy_Sphere+1","Slay_Living+1"],"picked":"Pandemic+1","floor":21.0},{"not_picked":["Blood_Is_Power+1","Negative_Energy_Sphere+1","Negative_Energy_Mist+1"],"picked":"Scare+1","floor":22.0},{"not_picked":["Death_Knell+1","Negative_Energy_Burst+1","Flesh_Made_Foul+1"],"picked":"Life_Drain+1","floor":22.0},{"not_picked":["Requiem+1","Detonate_Bones+1","Blood_Wake+1"],"picked":"Grasp_Heart+1","floor":24.0},{"not_picked":["Hellfire+1","Blood_Wake+1","Skeleton_Dragon+1"],"picked":"Cloudkill+1","floor":27.0},{"not_picked":["Bones_to_Steel+1","Bone_Bullets+1","Blood_for_Blood+1"],"picked":"Siphon_Strength+1","floor":28.0},{"not_picked":["Death_March_Dance+1","Blood_for_Blood+1","Consume_Illness+1"],"picked":"Bone_Shift+1","floor":31.0},{"not_picked":["Negative_Energy_Shield+1","Shackles_Of_Pain+1","Stop_Heart+1"],"picked":"Spectral_Armor+1","floor":31.0},{"not_picked":["Requiem+1","Cloudkill+1","Hellfire+1"],"picked":"Summon_Death_Knight+1","floor":33},{"not_picked":["Flesh_Made_Foul+1","Shackles_Of_Pain+1","Corrupt+1"],"picked":"Summon_Undead_Army+1","floor":35},{"not_picked":["Toxic_Smoke_Screen+1","Death_March_Dance+1","Necromantic_Selection+1"],"picked":"Spectral_Armor+1","floor":35},{"not_picked":["Negative_Energy_Shield+1","Blood_Shield+1","Consume_Illness+1"],"picked":"Strike_from_Beyond+1","floor":38},{"not_picked":["Blood_Is_Power+1","Death_March_Dance+1","Negative_Energy_Javelin+1"],"picked":"Bone_Bullets+1","floor":38},{"not_picked":["Cloudkill+1","Grasp_Heart+1","Detonate_Bones+1"],"picked":"Negative_Energy_Bomb+1","floor":40},{"not_picked":["Bone_Spikes+1","Blood_Whip+1","Plague_Bolt+1"],"picked":"Summon_Undead_Army+1","floor":41},{"not_picked":["Skeleton_Dragon+1","Reap_The_Weak+1","Cloudkill+1"],"picked":"Summon_Death_Knight+1","floor":44},{"not_picked":["Requiem+1","Skeleton_Dragon+1","Negative_Energy_Bomb+1"],"picked":"Summon_Death_Knight+1","floor":46},{"not_picked":["Summon_Death_Knight+1","Blood_Wake+1","Reap_The_Weak+1"],"picked":"Summon_Vampire_Lady+1","floor":47},{"not_picked":["Blood_Magic+1","Cloudkill+1","Reap_The_Weak+1"],"picked":"Hellfire+1","floor":54}],"player_experience":295897,"relics_obtained":[{"floor":6.0,"key":"jedi:heavyjacket"},{"floor":6.0,"key":"Omamori"},{"floor":7.0,"key":"CCEMRelics:FestiveHat"},{"floor":7.0,"key":"hubris:CrystalStatue"},{"floor":12.0,"key":"halation:VictoryRuler"},{"floor":12.0,"key":"Torii"},{"floor":13.0,"key":"StuffTheSpire:OldFever"},{"floor":13.0,"key":"Replay:Baseball"},{"floor":14.0,"key":"Mercury Hourglass"},{"floor":21.0,"key":"CCEMRelics:OverlyComfyChair"},{"floor":24.0,"key":"Bird Faced Urn"},{"floor":24.0,"key":"Bottled Flame"},{"floor":26.0,"key":"Replay:Multitool"},{"floor":27.0,"key":"aspiration:Lifesprig"},{"floor":27.0,"key":"halation:QuantumPhysicsTextbook"},{"floor":28.0,"key":"Red Mask"},{"floor":29.0,"key":"CCEMRelics:DissonantTune"},{"floor":32.0,"key":"Grinning Jar"},{"floor":39,"key":"CCEMRelics:TechnogenicHelmet"},{"floor":40,"key":"hubris:FunFungus"},{"floor":40,"key":"construct:FoamFinger"},{"floor":42,"key":"CCEMRelics:CarbonFilter"},{"floor":43,"key":"halation:SelfBoilingWater"},{"floor":44,"key":"infinitespire:Lucky Rock"},{"floor":44,"key":"StuffTheSpire:Experiment12"},{"floor":46,"key":"halation:PenCase"},{"floor":46,"key":"Art of War"},{"floor":47,"key":"CCEMRelics:Barrel"},{"floor":47,"key":"CCEMRelics:OrganicArmor"},{"floor":49,"key":"Mirror"},{"floor":52,"key":"CCEMRelics:FiftyFTOfRope"},{"floor":54,"key":"CCEMRelics:SoftDrink"},{"floor":54,"key":"ReplayTheSpireMod:TigerMarble"}],"event_choices":[{"damage_healed":0.0,"max_hp_gain":0.0,"max_hp_loss":0.0,"gold_gain":0.0,"event_name":"betterNote:BetterNote","player_choice":"Ignored","floor":20.0,"gold_loss":0.0,"damage_taken":0.0,"cards_obtained":["infinitespire:NeuralNetwork"]},{"damage_healed":0.0,"max_hp_gain":0.0,"max_hp_loss":0.0,"gold_gain":0.0,"event_name":"Masked Bandits","player_choice":"Fought Bandits","floor":28.0,"gold_loss":0.0,"damage_taken":0.0},{"cards_removed":["Acid_Javelin"],"damage_healed":0,"gold_gain":0,"player_choice":"Removed Attack","damage_taken":0,"max_hp_gain":0,"max_hp_loss":0,"event_name":"Falling","floor":36,"gold_loss":0}],"is_beta":false,"boss_relics":[{"not_picked":["halation:SmartPhone","halation:PlatinumPhoenix"],"picked":"Replay:Ancient Bell"},{"not_picked":["halation:PrussianBluePaint","Oddly Smooth Stone"],"picked":"CeramicFish"},{"not_picked":["halation:BottledLove","conspire:DecoderRing"],"picked":"Kunai"},{"not_picked":["CCEMRelics:Francisca","hubris:Potato"],"picked":"hubris:CuriousFeather"},{"not_picked":["Sozu","beaked:MawFillet"],"picked":"Pandora\u0027s Box"}],"items_purged_floors":[11,48,53,53],"is_endless":false,"potions_floor_spawned":[1,4,6,7,8,10,12,13,16,18,21,22,24,27,28,31,33,35,38,40,44,46,47,54],"ascension_level":0}}