{"host":"lq2h7q9ca6uwu60x","time":1612408934,"event":{"mods":["Act Like it!","BaseMod","Gensokyo","Minty Spire (QoL Compilation)","StSLib","The Animator"],"gold_per_floor":[110,110,60,160,15,15,15,47,102,102,102,102,383,398,398,598,598],"floor_reached":16,"language":"ZHS","playtime":731,"items_purged":[],"score":182,"play_id":"6c4558fd-6617-451a-a974-6da65b2d23e1","local_time":"20210204112214","is_ascension_mode":true,"campfire_choices":[{"floor":6,"key":"RECALL"},{"data":"animator:Tet","floor":11,"key":"SMITH"},{"data":"animator:EmiyaShirou","floor":15,"key":"SMITH"}],"circlet_count":0,"master_deck":["AscendersBane","animator:Strike_MadokaMagica","animator:Defend_MadokaMagica+1","animator:Strike","animator:Strike","animator:Strike","animator:Defend","animator:Defend+1","animator:Defend","animator:IrohaTamaki","animator:YuiTsuruno","Gensokyo:RustyChest","Clumsy","animator:Tet+1","Pain","Gensokyo:CrescentMoonSlash","animator:EmiyaShirou+1"],"relics":["animator:LivingPicture","animator:TheMissingPiece","animator:PurgingStone","NeowsBlessing","Gensokyo:OccultBall","Membership Card","Gensokyo:NagashiBinaDoll","War Paint","Gensokyo:LunaticRedEyes"],"acts_visited":["Exordium"],"potions_floor_usage":[],"damage_taken":[{"damage":0,"enemies":"Gensokyo:2_Kodama","floor":1,"turns":1},{"damage":0,"enemies":"Gensokyo:Cirno","floor":8,"turns":2},{"damage":25,"enemies":"Gensokyo:Gryphon","floor":13,"turns":1},{"damage":7,"enemies":"Gensokyo:3_Fairies","floor":14,"turns":4},{"damage":3,"enemies":"Gensokyo:Yukari","floor":16,"turns":3}],"seed_played":"5827452180053522999","potions_obtained":[{"floor":1,"key":"DuplicationPotion"},{"floor":14,"key":"EssenceOfSteel"}],"is_trial":false,"path_per_floor":["M","?","COS","?","$","R","?","E","T","?","R","?","M","M","R","B"],"character_chosen":"THE_ANIMATOR","items_purchased":["Membership Card"],"campfire_rested":0,"item_purchase_floors":[5],"current_hp_per_floor":[59,59,59,59,59,59,59,59,59,59,59,50,25,18,18,15,15],"gold":598,"neow_bonus":"THREE_ENEMY_KILL","is_daily":false,"chose_seed":false,"campfire_upgraded":2,"win_rate":0.0,"timestamp":1612408934,"path_taken":["M","?","COS","?","$","R","?","E","T","?","R","?","?","M","R","BOSS"],"items_purchased_type":["Relic"],"build_version":"2020-12-22","purchased_purges":0,"victory":false,"max_hp_per_floor":[66,66,66,66,66,66,66,66,66,66,66,66,66,66,66,66,66],"card_choices":[{"not_picked":["animator:Rider","animator:DolaRiku"],"picked":"animator:Sebas","floor":1},{"not_picked":["animator:Entoma","animator:PandorasActor"],"picked":"animator:Tet","floor":8},{"not_picked":["animator:Alexander","animator:SakuraMatou"],"picked":"animator:EmiyaShirou","floor":13}],"player_experience":789272,"relics_obtained":[{"floor":8,"key":"Gensokyo:OccultBall"},{"floor":8,"key":"War Paint"}],"event_choices":[],"is_beta":false,"boss_relics":[],"items_purged_floors":[],"is_endless":false,"potions_floor_spawned":[1,14],"killed_by":"Gensokyo:Yukari","ascension_level":11}}