{"host":"flash","time":1612441805,"event":{"mods":["ATMod(°¢èªMod)","Act Like it!","Aspiration","BaseMod","Minty Spire (QoL Compilation)","Shop Mod","StSLib","¡¾ÒÅÎï¿¨ÅÆ¡¿REMEMod"],"gold_per_floor":[14,26,26,26,26,26,60,60,60,81,101,125,138,63,63,154,154,168,168,208,133,151,182,182,215,215,215,51,89,103,144,144,235,235,260,593,608,633,681,711,152,178,232,259,270,270,302,302,302,302],"floor_reached":51,"language":"ZHS","playtime":2540,"items_purged":["Strike_B","Defend_B"],"score":1816,"play_id":"dd20d41c-43fb-46e5-aad9-ebdb9c8a5f63","local_time":"20210204203005","is_ascension_mode":true,"campfire_choices":[{"data":"Zap","floor":6.0,"key":"SMITH"},{"floor":8.0,"key":"REST"},{"data":"Dualcast","floor":15.0,"key":"SMITH"},{"data":"REME_ForAll","floor":24.0,"key":"SMITH"},{"data":"Turbo","floor":27.0,"key":"SMITH"},{"data":"Hologram","floor":32.0,"key":"SMITH"},{"data":"AT_HeatAcrobatics","floor":46.0,"key":"SMITH"},{"floor":49.0,"key":"REST"}],"circlet_count":0,"master_deck":["AscendersBane","Defend_B","Defend_B","Zap+1","Dualcast+1","AT_ChampionStep+1","REME_ForAll+1","REME_Whirling","Beam Cell","AT_HeatAcrobatics+1","Defragment","Beam Cell","Coolheaded","AT_HeatAcrobatics","Echo Form","Turbo+1","Hologram+1","AT_HeatAcrobatics","White Noise+1","Steam","Steam Power","Steam","Coolheaded+1","CurseOfTheBell","REME_DataAnalysis","Scrape","White Noise+1","Ball Lightning+1","AT_ChampionStep+1","Electrodynamics"],"relics":["Cracked Core","AT_ATBox","REME_ComplimentaryCards","Lantern","Juzu Bracelet","REME_ChargedStone","Red Mask","WingedGreaves","Bronze Scales","Bottled Flame","Orrery","Matryoshka","AT_BellDemon","Calling Bell","AT_BladeRuinedKing","The Courier","aspiration:AnachronicSnailShell","aspiration:HatOfInfinitePower","aspiration:FaultyCoupler","Orichalcum","Smiling Mask","DollysMirror","Vajra","aspiration:EnhancedActuators","Nunchaku","Art of War","StrikeDummy","Omamori","AT_ChloranthyRing","AT_SpeedBoots"],"acts_visited":["Exordium","TheCity","TheBeyond"],"potions_floor_usage":[50,50],"damage_taken":[{"damage":2.0,"enemies":"Cultist","floor":1.0,"turns":4.0},{"damage":6.0,"enemies":"2 Louse","floor":2.0,"turns":3.0},{"damage":15.0,"enemies":"3 Sentries","floor":7.0,"turns":5.0},{"damage":0.0,"enemies":"Small Slimes","floor":10.0,"turns":1.0},{"damage":0.0,"enemies":"Looter","floor":11.0,"turns":1.0},{"damage":0.0,"enemies":"Exordium Wildlife","floor":12.0,"turns":1.0},{"damage":0.0,"enemies":"Blue Slaver","floor":13.0,"turns":1.0},{"damage":22.0,"enemies":"Hexaghost","floor":16.0,"turns":3.0},{"damage":0.0,"enemies":"Chosen","floor":18.0,"turns":1.0},{"damage":0.0,"enemies":"Masked Bandits","floor":20.0,"turns":2.0},{"damage":16.0,"enemies":"2 Thieves","floor":22.0,"turns":3.0},{"damage":2.0,"enemies":"Gremlin Leader","floor":23.0,"turns":4.0},{"damage":0.0,"enemies":"Book of Stabbing","floor":25.0,"turns":1.0},{"damage":9.0,"enemies":"REME_1_Revenger","floor":29.0,"turns":3.0},{"damage":0.0,"enemies":"Centurion and Healer","floor":30.0,"turns":3.0},{"damage":1.0,"enemies":"Gremlin Leader","floor":31.0,"turns":2.0},{"damage":15.0,"enemies":"Automaton","floor":33.0,"turns":7.0},{"damage":12.0,"enemies":"3 Darklings","floor":35.0,"turns":5.0},{"damage":0.0,"enemies":"3 Shapes","floor":37.0,"turns":3.0},{"damage":0.0,"enemies":"Mind Bloom Boss Battle","floor":38.0,"turns":3.0},{"damage":0.0,"enemies":"Giant Head","floor":40.0,"turns":4.0},{"damage":0.0,"enemies":"Nemesis","floor":42.0,"turns":1.0},{"damage":0.0,"enemies":"Giant Head","floor":44.0,"turns":3.0},{"damage":0.0,"enemies":"Spire Growth","floor":45.0,"turns":1.0},{"damage":3.0,"enemies":"Nemesis","floor":47.0,"turns":3.0},{"damage":12,"enemies":"Time Eater","floor":50,"turns":4}],"seed_played":"2387604288062502208","potions_obtained":[{"floor":2.0,"key":"DistilledChaos"},{"floor":10.0,"key":"SkillPotion"},{"floor":13.0,"key":"PotionOfCapacity"},{"floor":16.0,"key":"Block Potion"},{"floor":22.0,"key":"Weak Potion"},{"floor":23.0,"key":"Strength Potion"},{"floor":30.0,"key":"SpeedPotion"},{"floor":33.0,"key":"Weak Potion"},{"floor":37.0,"key":"LiquidMemories"}],"is_trial":false,"path_per_floor":["M","M","?","?","?","R","E","R","T","M","M","M","M","$","R","B",null,"M","?","?","?","M","E","R","E","T","R","$","E","M","E","R","B",null,"M","?","M","?","T","E","$","E","T","E","M","R","E","?","R","B",null],"character_chosen":"DEFECT","items_purchased":["Orrery","DollysMirror","Vajra","aspiration:EnhancedActuators","Nunchaku"],"campfire_rested":2,"item_purchase_floors":[28,41,41,41,41],"current_hp_per_floor":[62,56,32,11,34,34,19,40,40,40,40,40,40,40,40,18,58,58,58,58,58,42,40,40,40,40,40,40,31,31,30,30,15,57,45,45,45,45,45,45,45,45,45,45,45,45,42,42,63,51],"gold":302,"neow_bonus":"TRANSFORM_TWO_CARDS","is_daily":false,"chose_seed":false,"campfire_upgraded":6,"win_rate":0.0,"timestamp":1612441805,"path_taken":["M","?","?","?","?","R","E","R","T","M","M","M","M","?","R","BOSS","M","?","?","?","M","E","R","E","T","R","$","E","M","E","R","BOSS","M","?","M","?","?","E","$","E","T","E","M","R","E","?","R","BOSS"],"items_purchased_type":["Relic","Relic","Relic","Relic","Relic"],"build_version":"2020-12-18","purchased_purges":2,"victory":true,"max_hp_per_floor":[71,71,71,71,71,71,71,71,71,71,71,71,71,71,71,71,71,71,71,71,71,71,71,71,71,71,71,71,71,71,71,71,71,71,71,71,71,71,71,71,71,71,71,71,71,71,71,71,71,71],"card_choices":[{"not_picked":["Force Field","Hologram"],"picked":"Beam Cell","floor":1.0},{"not_picked":["Consume","Reprogram"],"picked":"AT_HeatAcrobatics","floor":2.0},{"not_picked":["Leap","Rebound"],"picked":"Defragment","floor":7.0},{"not_picked":["AT_EMC2","Conserve Battery"],"picked":"Beam Cell","floor":10.0},{"not_picked":["Rebound","Machine Learning","Hologram"],"picked":"SKIP","floor":11.0},{"not_picked":["Barrage","Auto Shields"],"picked":"Coolheaded","floor":12.0},{"not_picked":["Redo","Recycle"],"picked":"AT_HeatAcrobatics","floor":13.0},{"not_picked":["Creative AI","AT_WaterDrop"],"picked":"Echo Form","floor":16.0},{"not_picked":["Capacitor","Beam Cell","AT_HeatAcrobatics"],"picked":"SKIP","floor":18.0},{"not_picked":["Ball Lightning","Conserve Battery"],"picked":"Turbo","floor":20.0},{"not_picked":["Chaos","Streamline"],"picked":"Hologram","floor":22.0},{"not_picked":["AT_ThunderBolt+1","Storm"],"picked":"AT_HeatAcrobatics","floor":23.0},{"not_picked":["Steam","Blizzard"],"picked":"White Noise+1","floor":25.0},{"not_picked":["Capacitor","Go for the Eyes"],"picked":"Steam","floor":28.0},{"not_picked":["Hologram+1","Streamline+1"],"picked":"Steam Power","floor":28.0},{"not_picked":["REME_ForAll","Genetic Algorithm"],"picked":"Steam","floor":28.0},{"not_picked":["Static Discharge","Redo","Turbo"],"picked":"SKIP","floor":29.0},{"not_picked":["Loop","Sunder","Turbo"],"picked":"SKIP","floor":30.0},{"not_picked":["Beam Cell","Heatsinks","AT_HeatAcrobatics"],"picked":"Coolheaded+1","floor":31.0},{"not_picked":["Conserve Battery+1","Sweeping Beam+1"],"picked":"REME_DataAnalysis","floor":35.0},{"not_picked":["Ball Lightning","Heatsinks"],"picked":"Scrape","floor":37.0},{"not_picked":["Chill+1","REME_Compress"],"picked":"White Noise+1","floor":38.0},{"not_picked":["AT_RobotInSpace","Steam","Leap"],"picked":"Ball Lightning+1","floor":40.0},{"not_picked":["Force Field","Redo","aspiration:Polymerization+1"],"picked":"SKIP","floor":42.0},{"not_picked":["Redo","Storm","Rip and Tear"],"picked":"SKIP","floor":44.0},{"not_picked":["Beam Cell","AT_ThreeBodyProblem","Ball Lightning+1"],"picked":"SKIP","floor":45.0},{"not_picked":["Conserve Battery","Compile Driver+1"],"picked":"Electrodynamics","floor":47.0}],"player_experience":687748,"relics_obtained":[{"floor":7.0,"key":"Lantern"},{"floor":9.0,"key":"Juzu Bracelet"},{"floor":20.0,"key":"Red Mask"},{"floor":23.0,"key":"WingedGreaves"},{"floor":25.0,"key":"Bronze Scales"},{"floor":26.0,"key":"Bottled Flame"},{"floor":29.0,"key":"Matryoshka"},{"floor":31.0,"key":"AT_BellDemon"},{"floor":34.0,"key":"AT_BladeRuinedKing"},{"floor":34.0,"key":"The Courier"},{"floor":34.0,"key":"aspiration:AnachronicSnailShell"},{"floor":38.0,"key":"aspiration:HatOfInfinitePower"},{"floor":39.0,"key":"aspiration:FaultyCoupler"},{"floor":39.0,"key":"Orichalcum"},{"floor":40.0,"key":"Smiling Mask"},{"floor":42.0,"key":"Art of War"},{"floor":43.0,"key":"StrikeDummy"},{"floor":43.0,"key":"Omamori"},{"floor":44.0,"key":"AT_ChloranthyRing"},{"floor":47.0,"key":"AT_SpeedBoots"}],"event_choices":[{"damage_healed":0.0,"max_hp_gain":0.0,"max_hp_loss":0.0,"gold_gain":0.0,"event_name":"Golden Idol","player_choice":"Take Damage","floor":3.0,"gold_loss":0.0,"damage_taken":24.0,"relics_obtained":["Golden Idol"]},{"damage_healed":0.0,"max_hp_gain":0.0,"max_hp_loss":0.0,"gold_gain":0.0,"event_name":"Shining Light","player_choice":"Entered Light","floor":4.0,"gold_loss":0.0,"damage_taken":21.0,"cards_upgraded":["AT_ChampionStep","Strike_B"]},{"damage_healed":23.0,"max_hp_gain":0.0,"max_hp_loss":0.0,"gold_gain":0.0,"event_name":"Big Fish","player_choice":"Banana","floor":5.0,"gold_loss":0.0,"damage_taken":0.0},{"cards_removed":["Strike_B"],"damage_healed":0.0,"max_hp_gain":0.0,"max_hp_loss":0.0,"gold_gain":0.0,"event_name":"Back to Basics","player_choice":"Elegance","floor":19.0,"gold_loss":0.0,"damage_taken":0.0},{"damage_healed":0.0,"max_hp_gain":0.0,"max_hp_loss":0.0,"gold_gain":0.0,"event_name":"Masked Bandits","player_choice":"Fought Bandits","floor":20.0,"gold_loss":0.0,"damage_taken":0.0},{"cards_removed":["Darkness"],"damage_healed":0.0,"max_hp_gain":0.0,"max_hp_loss":0.0,"gold_gain":0.0,"event_name":"Beggar","player_choice":"Gave Gold","floor":21.0,"gold_loss":75.0,"damage_taken":0.0},{"damage_healed":0.0,"max_hp_gain":0.0,"max_hp_loss":0.0,"gold_gain":333.0,"event_name":"The Moai Head","player_choice":"Gave Idol","floor":36.0,"relics_lost":["Golden Idol"],"gold_loss":0.0,"damage_taken":0.0},{"damage_healed":0.0,"max_hp_gain":0.0,"max_hp_loss":0.0,"gold_gain":0.0,"event_name":"MindBloom","player_choice":"Fight","floor":38.0,"gold_loss":0.0,"damage_taken":0.0},{"cards_removed":["Strike_B"],"damage_healed":0.0,"max_hp_gain":0.0,"max_hp_loss":0.0,"gold_gain":0.0,"event_name":"Falling","player_choice":"Removed Attack","floor":48.0,"gold_loss":0.0,"damage_taken":0.0}],"is_beta":true,"boss_relics":[{"not_picked":["Runic Dome","SacredBark"],"picked":"REME_ChargedStone"},{"not_picked":["Snecko Eye","Coffee Dripper"],"picked":"Calling Bell"}],"items_purged_floors":[14,41],"is_endless":false,"potions_floor_spawned":[2,10,13,16,22,23,30,33,37,40,42],"ascension_level":17}}