{"host":"x5w9zppki4gdwvc7","time":1612434627,"event":{"mods":["AchievementEnabler","BaseMod","Colored Powertips","DeckTracker","Minty Spire (QoL Compilation)"],"gold_per_floor":[362,79,154,154,165,165,200,200,200,200,200,229,229,229,229,332,332,347,347,364,3,20,45,45,70,96,96,96],"floor_reached":27,"language":"ENG","playtime":1326,"items_purged":["Regret","Setup"],"score":322,"play_id":"faf0ea04-d671-404e-8a5b-396b57477de3","local_time":"20210204113027","is_ascension_mode":true,"campfire_choices":[{"data":"Neutralize","floor":6,"key":"SMITH"},{"data":"Dodge and Roll","floor":8,"key":"SMITH"},{"floor":10,"key":"REST"},{"data":"Trip","floor":13,"key":"SMITH"},{"data":"Accuracy","floor":15,"key":"SMITH"}],"circlet_count":0,"master_deck":["Defend_G","Defend_G","Defend_G","Defend_G","Defend_G","Survivor","Neutralize+1","Dodge and Roll+1","Accuracy+1","Blade Dance+1","Trip+1","PiercingWail","Well Laid Plans","Parasite","Choke","Die Die Die","Quick Slash+1","Backflip+1","Prepared+1","Deadly Poison","Noxious Fumes","Escape Plan","Accuracy","PiercingWail+1"],"relics":["Ring of the Snake","Nunchaku","Darkstone Periapt","Art of War","Astrolabe","Oddly Smooth Stone","Pocketwatch","FossilizedHelix","MealTicket"],"acts_visited":["Exordium","TheCity"],"potions_floor_usage":[16,23],"damage_taken":[{"damage":0,"enemies":"2 Louse","floor":1,"turns":4},{"damage":0,"enemies":"Cultist","floor":5,"turns":4},{"damage":34,"enemies":"Gremlin Nob","floor":7,"turns":5},{"damage":15,"enemies":"3 Sentries","floor":12,"turns":12},{"damage":15,"enemies":"Slime Boss","floor":16,"turns":5},{"damage":0,"enemies":"Chosen","floor":18,"turns":4},{"damage":16,"enemies":"Spheric Guardian","floor":20,"turns":4},{"damage":10,"enemies":"Centurion and Healer","floor":22,"turns":3},{"damage":34,"enemies":"Slavers","floor":23,"turns":4},{"damage":0,"enemies":"Gremlin Leader","floor":25,"turns":8},{"damage":23,"enemies":"Slavers","floor":27,"turns":3}],"seed_played":"-5287452674176938620","potions_obtained":[{"floor":1,"key":"GamblersBrew"},{"floor":7,"key":"PowerPotion"},{"floor":18,"key":"LiquidMemories"},{"floor":23,"key":"Ancient Potion"}],"is_trial":false,"path_per_floor":["M","$","?","?","M","R","E","R","T","R","?","E","R","?","R","B",null,"M","?","M","$","M","E","$","E","T","E"],"character_chosen":"THE_SILENT","items_purchased":["Accuracy","Blade Dance","Trip","Oddly Smooth Stone","Noxious Fumes","Escape Plan"],"campfire_rested":1,"item_purchase_floors":[2,2,2,21,21,21],"current_hp_per_floor":[70,70,59,59,59,59,25,25,25,46,69,54,54,54,54,39,76,76,76,60,60,50,16,16,16,16,0,0],"gold":96,"neow_bonus":"TWO_FIFTY_GOLD","is_daily":false,"chose_seed":false,"campfire_upgraded":4,"win_rate":0.0,"timestamp":1612434627,"path_taken":["M","$","?","?","?","R","E","R","T","R","?","E","R","?","R","BOSS","M","?","M","$","M","E","$","E","T","E"],"items_purchased_type":["Card","Card","Card","Relic","Card","Card"],"build_version":"2020-12-22","purchased_purges":2,"victory":false,"max_hp_per_floor":[70,70,70,70,70,70,70,70,70,70,76,76,76,76,76,76,76,76,76,76,76,76,76,76,76,76,76,76],"card_choices":[{"not_picked":["Prepared","Masterful Stab"],"picked":"Dodge and Roll","floor":1},{"not_picked":["Acrobatics","Distraction"],"picked":"PiercingWail","floor":5},{"not_picked":["Deflect","Eviscerate"],"picked":"Well Laid Plans","floor":7},{"not_picked":["Underhanded Strike","Slice"],"picked":"Choke","floor":12},{"not_picked":["Wraith Form v2","A Thousand Cuts"],"picked":"Die Die Die","floor":16},{"not_picked":["Backstab","Slice"],"picked":"Deadly Poison","floor":18},{"not_picked":["Sucker Punch","Dash","Setup"],"picked":"SKIP","floor":20},{"not_picked":["Distraction","Flechettes"],"picked":"Accuracy","floor":22},{"not_picked":["Deflect","Caltrops"],"picked":"PiercingWail+1","floor":23},{"not_picked":["Poisoned Stab","Calculated Gamble+1","Noxious Fumes"],"picked":"SKIP","floor":25}],"player_experience":459274,"relics_obtained":[{"floor":7,"key":"Nunchaku"},{"floor":9,"key":"Darkstone Periapt"},{"floor":12,"key":"Art of War"},{"floor":23,"key":"Pocketwatch"},{"floor":25,"key":"FossilizedHelix"},{"floor":26,"key":"MealTicket"}],"event_choices":[{"damage_healed":0,"gold_gain":75,"player_choice":"Gather Gold","damage_taken":11,"max_hp_gain":0,"max_hp_loss":0,"event_name":"World of Goop","floor":3,"gold_loss":0},{"cards_removed":["Strike_G"],"damage_healed":0,"gold_gain":0,"player_choice":"Purged","damage_taken":0,"max_hp_gain":0,"max_hp_loss":0,"event_name":"Purifier","floor":4,"gold_loss":0},{"damage_healed":17,"gold_gain":0,"player_choice":"Healed and dodged fight","damage_taken":0,"max_hp_gain":0,"max_hp_loss":0,"event_name":"Mushrooms","floor":11,"gold_loss":0,"cards_obtained":["Parasite"]},{"damage_healed":0,"gold_gain":0,"player_choice":"Forge","damage_taken":0,"max_hp_gain":0,"max_hp_loss":0,"event_name":"Accursed Blacksmith","floor":14,"gold_loss":0,"cards_upgraded":["Blade Dance"]},{"damage_healed":0,"gold_gain":0,"cards_transformed":["Strike_G"],"player_choice":"Transformed","damage_taken":0,"max_hp_gain":0,"max_hp_loss":0,"event_name":"Transmorgrifier","floor":19,"gold_loss":0,"cards_obtained":["Setup"]}],"is_beta":false,"boss_relics":[{"not_picked":["Coffee Dripper","Black Star"],"picked":"Astrolabe"}],"items_purged_floors":[2,21],"is_endless":false,"potions_floor_spawned":[1,7,18,23],"killed_by":"Slavers","ascension_level":3}}