{"host":"dn2xyj3kd3d9cfyb","time":1612442327,"event":{"mods":["BaseMod","Colored Powertips","Downfall","Hubris","Marisa£®ÏF”Í°°ƒß¿Ì…≥£©","Minty Spire (QoL Compilation)","Remilia£®¿Ÿ√◊¿Ú—«£©","Replay The Spire","Shop Mod","StSLib","The Animator","The Construct","The Cursed","The Mystic","Youmu£®ªÍ∆«—˝√Œ£©","Yuri Mod","Yuyuko"],"gold_per_floor":[99,113,113,124,134,23,48,48,45,67,89,134,46,84,111,223,235,247,278,275,287,24,24,24,24,24,42,42,77,177,187,200,301,301,201,201,211,5,22,57,57,57,88,88,88,20,20,33,33,33],"floor_reached":49,"language":"ZHS","playtime":3589,"items_purged":["construct:Strike_Gold"],"score":651,"play_id":"e1b8e0ed-8a9c-434e-8d21-507f290ada9d","local_time":"20210204203847","is_ascension_mode":true,"campfire_choices":[{"data":"Apotheosis","floor":1.0,"key":"SMITH"},{"floor":13.0,"key":"REST"},{"floor":18.0,"key":"RECALL"},{"data":"construct:BatteryCore","floor":23.0,"key":"SMITH"},{"data":"Deep Breath","floor":25.0,"key":"SMITH"},{"data":"construct:FlameCore","floor":28.0,"key":"SMITH"},{"data":"construct:PointDefense+1","floor":35.0,"key":"SMITH"},{"data":"construct:HammerDown+1","floor":42,"key":"SMITH"},{"data":"construct:SpinDrive","floor":45,"key":"SMITH"},{"data":"construct:GuardCore+1","floor":47,"key":"SMITH"}],"circlet_count":0,"master_deck":["construct:Strike_Gold","construct:Defend_Gold","construct:Defend_Gold","construct:Defend_Gold","construct:Defend_Gold","construct:Defend_Gold","construct:AttackMode","construct:DefenseMode","Apotheosis+1","construct:FlameCore+1","Deep Breath+1","construct:FlakBarrage","construct:ShieldBurst","construct:BatteryCore+1","AbeCurse","construct:ModeShift+1","construct:ScopeCore","construct:Autoturret","construct:HardReboot+1","construct:BatteryAcid+1","construct:Analyze+1","construct:SpinDrive+1","construct:Impenetrable+1","construct:PointDefense+2","construct:HammerDown+2","Mind Blast","Finesse+1","construct:LaserCore+1","construct:VentSteam+1","construct:Reinforce+1","construct:GuardCore+2","construct:Hazardproof+1"],"relics":["construct:ClockworkPhoenix","hubris:Towel","hubris:ToyBattleship","MawBank","Replay:Bottled Flurry","downfall:HeartBlessingGreen","Turnip","Abe\u0027s Treasure","Chameleon Ring","Juzu Bracelet","Toxic Egg 2","Pondfish Scales","Question Card","Astrolabe","downfall:HeartBlessingRed","hubris:ClockworkCow","Ice Cream","hubris:TinFlute"],"acts_visited":["Exordium","TheCity","TheBeyond"],"potions_floor_usage":[40,48],"damage_taken":[{"damage":10.0,"enemies":"2 Louse","floor":2.0,"turns":3.0},{"damage":8.0,"enemies":"Jaw Worm","floor":4.0,"turns":5.0},{"damage":1.0,"enemies":"Cultist","floor":5.0,"turns":4.0},{"damage":0.0,"enemies":"downfall:FleeingMerchant","floor":6.0,"turns":4.0},{"damage":6.0,"enemies":"downfall:FleeingMerchant","floor":9.0,"turns":4.0},{"damage":7.0,"enemies":"Exordium Thugs","floor":10.0,"turns":4.0},{"damage":4.0,"enemies":"Blue Slaver","floor":11.0,"turns":3.0},{"damage":39.0,"enemies":"3 Sentries","floor":12.0,"turns":9.0},{"damage":20.0,"enemies":"Gremlin Nob","floor":14.0,"turns":3.0},{"damage":0.0,"enemies":"3 Louse","floor":15.0,"turns":2.0},{"damage":0.0,"enemies":"DF_ARCHETYPE_STREAMLINE","floor":16.0,"turns":11.0},{"damage":0.0,"enemies":"3 Byrds","floor":19.0,"turns":2.0},{"damage":2.0,"enemies":"downfall:FleeingMerchant","floor":20.0,"turns":4.0},{"damage":0.0,"enemies":"downfall:FleeingMerchant","floor":22.0,"turns":4.0},{"damage":4.0,"enemies":"Snake Plant","floor":27.0,"turns":3.0},{"damage":18.0,"enemies":"Replay:Snechameleon","floor":29.0,"turns":4.0},{"damage":0.0,"enemies":"WA_ARCHETYPE_RETAIN","floor":30.0,"turns":5.0},{"damage":36.0,"enemies":"Chosen and Byrds","floor":31.0,"turns":6.0},{"damage":6.0,"enemies":"Shelled Parasite and Fungi","floor":32.0,"turns":4.0},{"damage":9.0,"enemies":"IC_MUSHROOM_ARCHETYPE","floor":33.0,"turns":6.0},{"damage":2,"enemies":"Orb Walker","floor":37,"turns":4},{"damage":0,"enemies":"downfall:FleeingMerchant","floor":38,"turns":1},{"damage":14,"enemies":"3 Darklings","floor":39,"turns":3},{"damage":35,"enemies":"Nemesis","floor":40,"turns":7},{"damage":19,"enemies":"Reptomancer","floor":43,"turns":4},{"damage":2,"enemies":"Jaw Worm Horde","floor":48,"turns":4},{"damage":5,"enemies":"4 Shapes","floor":49,"turns":1}],"seed_played":"2420089931586111956","potions_obtained":[{"floor":2.0,"key":"Block Potion"},{"floor":5.0,"key":"Elixir"},{"floor":11.0,"key":"LiquidMemories"},{"floor":12.0,"key":"Adrenaline Potion"},{"floor":14.0,"key":"AttackPotion"},{"floor":15.0,"key":"Fire Potion"},{"floor":19.0,"key":"LiquidBronze"},{"floor":21.0,"key":"CultistPotion"},{"floor":30.0,"key":"DuplicationPotion"},{"floor":31.0,"key":"Venom Potion"},{"floor":37,"key":"AttackPotion"},{"floor":40,"key":"Reflective Coating"},{"floor":48,"key":"SpeedPotion"}],"is_trial":false,"path_per_floor":["R","M","?","M","M","$","T","T","$","M","M","E","R","E","M","B",null,"R","M","$","?","$","R","T","R","?","M","R","E","?","M","M","B",null,"R","?","M","$","M","E","T","R","E","?","R","$","R","M","M"],"character_chosen":"THE_CONSTRUCT_MOD","items_purchased":["Deep Breath","Chameleon Ring","hubris:ClockworkCow","DuplicationPotion","Finesse+1","construct:LaserCore+1","construct:GuardCore+1"],"campfire_rested":1,"item_purchase_floors":[6,22,38,38,38,38,46],"current_hp_per_floor":[77,67,67,59,58,58,58,58,52,45,41,2,25,5,5,5,77,77,77,75,75,75,75,75,75,75,71,71,53,53,17,11,2,77,77,77,75,75,61,26,26,26,7,7,7,7,7,5,0,0],"gold":33,"neow_bonus":"RANDOM_COLORLESS_2","is_daily":false,"chose_seed":false,"campfire_upgraded":8,"win_rate":0.0,"timestamp":1612442327,"path_taken":["R","M","?","M","M","$","T","?","?","M","?","E","R","E","M","BOSS","R","M","$","?","$","R","T","R","?","M","R","E","?","M","M","BOSS","R","?","M","$","M","E","T","R","E","?","R","$","R","M","M"],"items_purchased_type":["Card","Relic","Relic","Potion","Card","Card","Card"],"build_version":"2020-12-22","purchased_purges":1,"victory":false,"max_hp_per_floor":[77,77,77,77,77,77,77,77,77,77,77,77,77,77,77,77,77,77,77,77,77,77,77,77,77,77,77,77,77,77,77,77,77,77,77,77,77,77,77,77,77,77,77,77,77,77,77,77,77,77],"card_choices":[{"not_picked":["Magnetism","Chrysalis"],"picked":"Apotheosis","floor":0.0},{"not_picked":["construct:ScrapCannon","construct:PointDefense","construct:SweepLaser"],"picked":"SKIP","floor":2.0},{"not_picked":["construct:Versatility","construct:SaveState","construct:ShiftGuard"],"picked":"SKIP","floor":4.0},{"not_picked":["construct:Construct_Overclock","construct:SweepLaser","construct:ModeShift"],"picked":"SKIP","floor":5.0},{"not_picked":["construct:Disrupt","construct:Reinforce"],"picked":"construct:FlameCore","floor":6.0},{"not_picked":["construct:HeavyBolt","construct:Boost"],"picked":"construct:FlakBarrage","floor":9.0},{"not_picked":["construct:QuickAttack","construct:Reinforce","construct:Backfire"],"picked":"SKIP","floor":10.0},{"not_picked":["construct:Reinforce","construct:ChargeShot","construct:Overcharge"],"picked":"SKIP","floor":11.0},{"not_picked":["construct:Versatility","construct:Autoturret","construct:SiegeForm"],"picked":"SKIP","floor":12.0},{"not_picked":["construct:Versatility","construct:PointDefense","construct:Analyze"],"picked":"SKIP","floor":14.0},{"not_picked":["construct:FocusedBeam","construct:SyphonStrike"],"picked":"construct:ShieldBurst","floor":15.0},{"not_picked":["construct:SiegeForm","construct:Reserves"],"picked":"construct:BatteryCore","floor":16.0},{"not_picked":["construct:Analyze","construct:CriticalHit","construct:FierceBash"],"picked":"SKIP","floor":19.0},{"not_picked":["construct:SuppressiveFire+1","construct:Isolate"],"picked":"construct:ModeShift+1","floor":20.0},{"not_picked":["construct:HeavyBolt+1","construct:ChargeShot"],"picked":"construct:ScopeCore","floor":22.0},{"not_picked":["construct:QuickAttack+1","construct:Analyze"],"picked":"construct:Autoturret","floor":27.0},{"not_picked":["construct:Zapper","construct:SaveState+1"],"picked":"construct:HardReboot+1","floor":29.0},{"not_picked":["construct:Reinforce+1","construct:SaveState+1"],"picked":"construct:BatteryAcid+1","floor":30.0},{"not_picked":["construct:Backfire","construct:Forcefield+1","construct:Dampening+1"],"picked":"construct:Analyze+1","floor":31.0},{"not_picked":["construct:PointDefense","construct:SweepLaser","construct:Versatility","construct:ReactiveShield"],"picked":"SKIP","floor":32.0},{"not_picked":["construct:PanicFire","construct:ShieldBurst","construct:SiegeForm"],"picked":"construct:SpinDrive","floor":33.0},{"not_picked":["construct:Accumulate","construct:Analyze+1","construct:UnbalancingBlast+1","construct:FierceBash"],"picked":"SKIP","floor":37},{"not_picked":["construct:Versatility+1","construct:QuickAttack+1","construct:Forcefield+1","construct:ModeShift+1"],"picked":"SKIP","floor":38},{"not_picked":["construct:SyphonStrike+1","construct:Chainstrike","construct:Impenetrable+1"],"picked":"construct:VentSteam+1","floor":39},{"not_picked":["construct:Overcharge+1","construct:HeavyBolt+1","construct:SyphonStrike","construct:FocusedBeam"],"picked":"SKIP","floor":40},{"not_picked":["construct:Boost+1","construct:FierceBash+1","construct:SweepLaser"],"picked":"construct:Reinforce+1","floor":43},{"not_picked":["construct:Disrupt+1","construct:ShiftStrike+1","construct:ReactiveShield"],"picked":"construct:Hazardproof+1","floor":48}],"player_experience":602888,"relics_obtained":[{"floor":7.0,"key":"hubris:ToyBattleship"},{"floor":8.0,"key":"MawBank"},{"floor":12.0,"key":"Replay:Bottled Flurry"},{"floor":14.0,"key":"Turnip"},{"floor":24.0,"key":"Juzu Bracelet"},{"floor":29.0,"key":"Toxic Egg 2"},{"floor":30.0,"key":"Pondfish Scales"},{"floor":30.0,"key":"Question Card"},{"floor":40,"key":"Ice Cream"},{"floor":43,"key":"hubris:TinFlute"}],"event_choices":[{"damage_healed":0.0,"max_hp_gain":0.0,"max_hp_loss":0.0,"gold_gain":0.0,"event_name":"Vampires","player_choice":"Ignored","floor":26.0,"gold_loss":0.0,"damage_taken":0.0}],"is_beta":false,"boss_relics":[{"not_picked":["hubris:CrackedHourglass","construct:ClawGrip"],"picked":"Abe\u0027s Treasure"},{"not_picked":["Velvet Choker","ReplayTheSpireMod:DimensionalGlitch"],"picked":"Astrolabe"}],"items_purged_floors":[38],"is_endless":false,"potions_floor_spawned":[2,5,11,12,14,15,19,30,31,32,37,40,48],"killed_by":"4 Shapes","ascension_level":1}}