{"host":"4ih4fq53sefgqhvb","time":1612428883,"event":{"mods":["AchievementEnabler","Aspiration","Bard","BaseMod","BetterRewards","Colored Map","Colored Powertips","Conspire","Downfall","Googly Eyes","Hermit","Highlight Path","Hubris","Infinite Spire","Jedi Mod","Jorbs\u0027s Wanderer Trilogy","Marisa????????","Mimic Mod","Minty Spire (QoL Compilation)","Quick Restart","Relic Stats","Replay The Spire","Shop Mod","StSLib","The Animator","The Cursed","The Disciple","The Jungle","The Runesmith","The Servant 0.9.4"],"gold_per_floor":[0,10,0,12,12,29,61,80,90,90,90,119,19,19,34,132,132,132,152,152,168,168,186,186,199,199,199,199],"floor_reached":26,"language":"ENG","playtime":1441,"items_purged":[],"score":260,"play_id":"4201d4e5-11f5-4edb-a0b5-1b10ba1d1ac4","local_time":"20210204005443","is_ascension_mode":false,"campfire_choices":[{"floor":1,"key":"DIG"},{"floor":13,"key":"REST"},{"floor":18,"key":"RECALL"}],"circlet_count":0,"master_deck":["champ:Strike","champ:Strike+1","champ:Strike","champ:Strike","champ:Defend+1","champ:Defend","champ:Defend","champ:Defend+1","champ:Execute","champ:Taunt","champ:Improvising","champ:RisingSlash","champ:PerfectedStrike","champ:DeathBlow","Pain","champ:SwordSigil","champ:TripleStrike","champ:AdrenalArmor","champ:HeavySlash+1","downfall:Malfunctioning","champ:PerfectedStrike","champ:EnGarde","champ:StrikeOfGenius","champ:DefensiveStyle+1","champ:Circumvent","champ:FanOfKnives","champ:BerserkerStyle"],"relics":["champ:ChampionCrown","Pantograph","WarpedTongs","PreservedInsect","champ:DefensiveTrainingManual","Anchor","downfall:HeartBlessingGreen","Black Star","hubris:Icosahedron"],"acts_visited":["Exordium","TheCity"],"potions_floor_usage":[12,12,16,16,16,23,25],"damage_taken":[{"damage":28,"enemies":"Jaw Worm","floor":2,"turns":6},{"damage":40,"enemies":"downfall:FleeingMerchant","floor":3,"turns":4},{"damage":10,"enemies":"Cultist","floor":4,"turns":2},{"damage":3,"enemies":"Small Slimes","floor":6,"turns":3},{"damage":13,"enemies":"3 Louse","floor":7,"turns":6},{"damage":31,"enemies":"3 Louse","floor":8,"turns":2},{"damage":17,"enemies":"Exordium Wildlife","floor":9,"turns":4},{"damage":25,"enemies":"Replay:BlueRogue","floor":12,"turns":5},{"damage":9,"enemies":"Blue Slaver","floor":15,"turns":4},{"damage":68,"enemies":"WA_ARCHETYPE_RETAIN","floor":16,"turns":5},{"damage":46,"enemies":"Shell Parasite","floor":19,"turns":5},{"damage":3,"enemies":"Chosen","floor":21,"turns":5},{"damage":43,"enemies":"Shelled Parasite and Fungi","floor":23,"turns":4},{"damage":52,"enemies":"Snake Plant","floor":25,"turns":6},{"damage":17,"enemies":"Slavers","floor":26,"turns":2}],"seed_played":"-6460017189877299131","potions_obtained":[{"floor":4,"key":"Venom Potion"},{"floor":8,"key":"SpeedPotion"},{"floor":9,"key":"Guardian:BlockOnCardUsePotion"},{"floor":12,"key":"champ:OpenerPotion"},{"floor":15,"key":"Block Potion"},{"floor":19,"key":"champ:OpenerPotion"},{"floor":23,"key":"Languid Potion"}],"is_trial":false,"path_per_floor":["R_BF","M","$","M","?","M","MIM","M","M","?","?","E","R","?","M","B",null,"R","M","?","M","?","M","T","M","E"],"character_chosen":"THE_CHAMP","items_purchased":[],"campfire_rested":1,"item_purchase_floors":[],"current_hp_per_floor":[90,82,72,72,72,69,66,50,33,33,26,16,43,43,34,57,90,90,64,64,61,61,43,43,11,0,0,0],"gold":199,"neow_bonus":"THREE_RARE_CARDS","is_daily":false,"chose_seed":false,"campfire_upgraded":0,"win_rate":0.0,"timestamp":1612428883,"path_taken":["R_BF","M","$","M","?","M","MIM","?","M","?","?","E","R","?","M","BOSS","R","M","?","M","?","M","T","M","E"],"items_purchased_type":[],"build_version":"2020-12-22","purchased_purges":0,"victory":false,"max_hp_per_floor":[90,90,90,90,90,90,90,90,90,90,90,90,90,90,90,90,90,90,90,90,90,90,90,90,90,90,90,90],"relic_stats":{"counters":[15,63],"Pantograph":25,"PreservedInsect":61,"Black Star":0,"obtain_stats":[{"Anchor":12,"hubris:Icosahedron":20,"champ:DefensiveTrainingManual":11,"Pantograph":1,"champ:ChampionCrown":0,"downfall:HeartBlessingGreen":13,"PreservedInsect":7,"Black Star":17,"WarpedTongs":5},{"Anchor":8,"hubris:Icosahedron":11,"champ:DefensiveTrainingManual":7,"Pantograph":0,"champ:ChampionCrown":0,"downfall:HeartBlessingGreen":8,"PreservedInsect":5,"Black Star":10,"WarpedTongs":3},{"Anchor":32,"hubris:Icosahedron":46,"champ:DefensiveTrainingManual":27,"Pantograph":0,"champ:ChampionCrown":0,"downfall:HeartBlessingGreen":32,"PreservedInsect":21,"Black Star":41,"WarpedTongs":12}],"WarpedTongs":[51]},"card_choices":[{"not_picked":["champ:EnchantSword","champ:TripleStrike"],"picked":"champ:Improvising","floor":0},{"not_picked":["champ:CalledShot","champ:DefensiveShout"],"picked":"champ:RisingSlash","floor":2},{"not_picked":["champ:Backstep","champ:FaceSlap"],"picked":"champ:PerfectedStrike","floor":3},{"not_picked":["champ:FalseCounter","champ:Circumvent"],"picked":"champ:DeathBlow","floor":4},{"not_picked":["champ:TornadoPunch","champ:CrownThrow"],"picked":"champ:SwordSigil","floor":6},{"not_picked":["champ:TornadoPunch","champ:FlashCut"],"picked":"champ:TripleStrike","floor":7},{"not_picked":["champ:CrookedStrike","champ:ShieldSigil"],"picked":"champ:AdrenalArmor","floor":8},{"not_picked":["champ:BringItOn","champ:EnGarde"],"picked":"champ:HeavySlash","floor":9},{"not_picked":["champ:BringItOn","champ:ViciousMockery"],"picked":"champ:PerfectedStrike","floor":12},{"not_picked":["champ:ArenaPreparation","champ:Haymaker"],"picked":"champ:EnGarde","floor":15},{"not_picked":["champ:SwordThrow","champ:Devastate"],"picked":"champ:StrikeOfGenius","floor":16},{"not_picked":["champ:AdrenalArmor+1","champ:HeartStrike"],"picked":"champ:DefensiveStyle+1","floor":19},{"not_picked":["champ:BringItOn","champ:FanOfKnives"],"picked":"champ:Circumvent","floor":21},{"not_picked":["champ:Circumvent","champ:RisingSlash"],"picked":"champ:FanOfKnives","floor":23},{"not_picked":["champ:DefensiveShout","champ:FlashCut"],"picked":"champ:BerserkerStyle","floor":25}],"player_experience":979615,"relics_obtained":[{"floor":1,"key":"Pantograph"},{"floor":7,"key":"PreservedInsect"},{"floor":12,"key":"Anchor"}],"event_choices":[{"damage_healed":0,"gold_gain":0,"player_choice":"Rummage","damage_taken":0,"relics_obtained":["WarpedTongs"],"max_hp_gain":0,"max_hp_loss":0,"event_name":"Accursed Blacksmith","floor":5,"gold_loss":0,"cards_obtained":["Pain"]},{"damage_healed":0,"gold_gain":0,"player_choice":"Success","damage_taken":7,"relics_obtained":["champ:DefensiveTrainingManual"],"max_hp_gain":0,"max_hp_loss":0,"event_name":"Scrap Ooze","floor":11,"gold_loss":0},{"damage_healed":0,"gold_gain":0,"player_choice":"Grow","damage_taken":0,"max_hp_gain":0,"max_hp_loss":0,"event_name":"Living Wall","floor":14,"gold_loss":0,"cards_upgraded":["champ:HeavySlash"]}],"is_beta":false,"boss_relics":[{"not_picked":["conspire:RunicOctahedron","hubris:TerracottaHorce"],"picked":"Black Star"}],"items_purged_floors":[],"is_endless":false,"potions_floor_spawned":[4,8,9,12,15,19,23],"killed_by":"Slavers","ascension_level":0}}