{"host":"pletss163z7s8pvv","time":1612417043,"event":{"mods":["AchievementEnabler","BaseMod","Better Altar","Better Match","Better Note","Better Sensory Stone","Better Skull","Better Third Choice","BetterRewards","CapriCore","ChefMod","Colored Map","Colored Powertips","Conspire","Energized Spire","Evolution","GifTheSpireLib","Hermit","Ironclad Rager","Marked Mod","Minty Spire (QoL Compilation)","Retaliation","Spicy Shops","StS++","StSLib","The Alterego","The Blue Laboratory","The Cursed","The Disciple","The Forsaken"],"gold_per_floor":[119,134,134,110,126,126,145,145,171,215,215,235,256,281,281,407,407,420,439,457,457,29,29,47,72,72,92,92,92],"floor_reached":28,"language":"ENG","playtime":746,"items_purged":[],"score":251,"play_id":"b90f8ea7-bf0d-48c4-b6bf-2b6f63eb1d67","local_time":"20210203233723","is_ascension_mode":false,"campfire_choices":[{"floor":6,"key":"RECALL"},{"floor":8,"key":"REST"},{"data":"StSpp:ChainedTrap","floor":11,"key":"SMITH"},{"floor":15,"key":"REST"},{"data":"StSpp:PoisonousPunch","floor":23,"key":"SMITH"}],"circlet_count":0,"master_deck":["Flying Knee","Flying Knee","Flying Knee","Strike_G","Strike_G","Defend_G","Defend_G","Defend_G","Defend_G","Defend_G","Survivor","Neutralize","StSpp:SwitchWeapon","Sucker Punch","Choke","Injury","Blade Dance","Poisoned Stab","Deadly Poison","StSpp:ChainedTrap+1","StSpp:PoisonousPunch","Blade Dance","Deflect","Unload","Riddle With Holes","Underhanded Strike","StSpp:PoisonousPunch+1","Noxious Fumes","Poisoned Stab","Terror","Corpse Explosion","Deadly Poison","StSpp:FiercePoison+1","Footwork+1","Cloak And Dagger+1","StSpp:StrikeFirst+1"],"relics":["Ring of the Snake","EVO:Axolotl","Golden Idol","MealTicket","Anchor","conspire:SpecialSausage","Orrery","Bottled Tornado","Letter Opener"],"acts_visited":["Exordium","TheCity"],"potions_floor_usage":[16,20,25,25],"damage_taken":[{"damage":5,"enemies":"Small Slimes","floor":1,"turns":3},{"damage":0,"enemies":"Jaw Worm","floor":2,"turns":3},{"damage":0,"enemies":"Cultist","floor":5,"turns":2},{"damage":12,"enemies":"2 Fungi Beasts","floor":7,"turns":3},{"damage":14,"enemies":"Gremlin Nob","floor":10,"turns":5},{"damage":0,"enemies":"Large Slime","floor":12,"turns":5},{"damage":3,"enemies":"3 Louse","floor":13,"turns":3},{"damage":4,"enemies":"Exordium Thugs","floor":14,"turns":3},{"damage":37,"enemies":"Hexaghost","floor":16,"turns":7},{"damage":20,"enemies":"3 Byrds","floor":18,"turns":4},{"damage":6,"enemies":"Shell Parasite","floor":19,"turns":4},{"damage":19,"enemies":"Snecko","floor":20,"turns":4},{"damage":12,"enemies":"3 Cultists","floor":24,"turns":4},{"damage":55,"enemies":"Sentry and Sphere","floor":25,"turns":6},{"damage":21,"enemies":"Cultist and Chosen","floor":27,"turns":5},{"damage":0,"enemies":"Snecko","floor":28,"turns":2}],"seed_played":"3738377340018182709","potions_obtained":[{"floor":2,"key":"Swift Potion"},{"floor":5,"key":"SkillPotion"},{"floor":10,"key":"SmokeBomb"},{"floor":16,"key":"blueLaboratory:ArtistsPotion"},{"floor":21,"key":"CunningPotion"},{"floor":21,"key":"CultistPotion"},{"floor":27,"key":"CultistPotion"}],"is_trial":false,"path_per_floor":["M","M","?","$","M","R","M","R","T","E","R","M","M","M","R","B",null,"M","M","M","?","$","R","M","M","T","M","M"],"character_chosen":"THE_SILENT","items_purchased":["Blade Dance","blueLaboratory:FruitPreserves","Noxious Fumes","Orrery"],"campfire_rested":2,"item_purchase_floors":[4,22,22,22],"current_hp_per_floor":[65,65,65,65,65,65,53,70,70,56,56,56,53,49,70,33,70,50,44,25,25,40,40,28,23,23,2,2,2],"gold":92,"neow_bonus":"ONE_RANDOM_RARE_CARD","is_daily":false,"chose_seed":false,"campfire_upgraded":2,"win_rate":0.0,"timestamp":1612417043,"path_taken":["M","M","?","$","M","R","M","R","T","E","R","M","M","M","R","BOSS","M","M","M","?","$","R","M","M","T","M","M"],"items_purchased_type":["Card","Potion","Card","Relic"],"build_version":"2020-12-22","purchased_purges":0,"victory":false,"max_hp_per_floor":[70,70,70,70,70,70,70,70,70,70,70,70,70,70,70,70,70,70,70,70,70,70,70,70,70,70,70,70,70],"card_choices":[{"not_picked":["Acrobatics","Outmaneuver"],"picked":"Sucker Punch","floor":1},{"not_picked":["Backflip","Dagger Throw"],"picked":"Choke","floor":2},{"not_picked":["Slice","StSpp:SpareBlade"],"picked":"Poisoned Stab","floor":5},{"not_picked":["Prepared","StSpp:Anticipation"],"picked":"Deadly Poison","floor":7},{"not_picked":["Dagger Throw","Predator"],"picked":"StSpp:ChainedTrap","floor":10},{"not_picked":["Outmaneuver","Acrobatics"],"picked":"StSpp:PoisonousPunch","floor":12},{"not_picked":["Backflip","Bane"],"picked":"Blade Dance","floor":13},{"not_picked":["Prepared","Dagger Throw"],"picked":"Deflect","floor":14},{"not_picked":["Grand Finale","Bullet Time"],"picked":"Unload","floor":16},{"not_picked":["Choke","Cloak And Dagger"],"picked":"Riddle With Holes","floor":18},{"not_picked":["Blur","StSpp:Throw"],"picked":"Underhanded Strike","floor":19},{"not_picked":["Flechettes","Slice+1"],"picked":"StSpp:PoisonousPunch","floor":20},{"not_picked":["Sucker Punch","Masterful Stab"],"picked":"Poisoned Stab","floor":22},{"not_picked":["Quick Slash","Acrobatics"],"picked":"Terror","floor":22},{"not_picked":["Setup","Well Laid Plans"],"picked":"Corpse Explosion","floor":22},{"not_picked":["Reflex","Distraction+1"],"picked":"Deadly Poison","floor":22},{"not_picked":["Sucker Punch","Prepared"],"picked":"StSpp:FiercePoison+1","floor":22},{"not_picked":["Finisher","Flying Knee"],"picked":"Footwork+1","floor":24},{"not_picked":["StSpp:Dive","Eviscerate"],"picked":"Cloak And Dagger+1","floor":25},{"not_picked":["StSpp:Throw+1","Blur"],"picked":"StSpp:StrikeFirst+1","floor":27}],"player_experience":492198,"relics_obtained":[{"floor":9,"key":"MealTicket"},{"floor":10,"key":"Anchor"},{"floor":26,"key":"Bottled Tornado"}],"event_choices":[{"damage_healed":0,"gold_gain":0,"player_choice":"Take Wound","damage_taken":0,"relics_obtained":["Golden Idol"],"max_hp_gain":0,"max_hp_loss":0,"event_name":"Golden Idol","floor":3,"gold_loss":0,"cards_obtained":["Injury"]},{"damage_healed":0,"gold_gain":0,"player_choice":"Got Potions","damage_taken":0,"max_hp_gain":0,"max_hp_loss":0,"event_name":"Lab","floor":21,"gold_loss":0}],"is_beta":false,"boss_relics":[{"not_picked":["Runic Pyramid","Busted Crown"],"picked":"conspire:SpecialSausage"}],"items_purged_floors":[],"is_endless":false,"potions_floor_spawned":[2,5,10,16,27],"killed_by":"Snecko","ascension_level":0}}