{"host":"630px4nyj50z5id8","time":1612428571,"event":{"mods":["BaseMod","Colored Powertips","Downfall","Minty Spire (QoL Compilation)","Quick Restart","Replay The Spire","StSLib","Waifu the Spire"],"gold_per_floor":[114,114,114,72,88,115,115,135,135,147,175,175,36,70,70,142,142,161,175,175,175,186,186,205,238,238,238,283,283,294,324,324,399,399,418,437,166,183,183,211,231,231,257,257,292,292,320,12,12,12],"floor_reached":51,"language":"ZHS","playtime":3691,"items_purged":["Strike_G"],"score":1449,"play_id":"43d87acc-390d-472d-9834-1d0cb08cc2af","local_time":"20210204164931","is_ascension_mode":true,"campfire_choices":[{"data":"Malaise","floor":7,"key":"SMITH"},{"floor":15,"key":"REST"},{"data":"After Image","floor":23,"key":"SMITH"},{"data":"Adrenaline","floor":27,"key":"SMITH"},{"floor":32,"key":"REST"},{"floor":42,"key":"REST"},{"floor":44,"key":"RECALL"}],"circlet_count":0,"master_deck":["AscendersBane","Survivor","Deadly Poison","Cloak And Dagger+1","Well Laid Plans","Malaise+1","Acrobatics","Calculated Gamble","Noxious Fumes","Noxious Fumes","After Image+1","Night Terror+1","ReplayTheSpireMod:Speed Training","Caltrops","Draining Mist","ReplayTheSpireMod:The Works","Backflip","Toxin Wave","PiercingWail","Prepared","Adrenaline+1","Acrobatics","Noxious Fumes","After Image+1","Dash","Madness","Backflip","ReplayTheSpireMod:Speed Training","Noxious Fumes","Distraction+1"],"relics":["Ring of the Snake","NeowsBlessing","Blue Candle","Mummified Hand","Snack Pack","Lantern","Replay:Kaleidoscope","Pandora\u0027s Box","Eternal Feather","Replay:Bottled Flurry","MealTicket","Happy Flower","Fusion Hammer","Bottled Tornado","Vampiric Spirits","Bronze Scales","TungstenRod","Nunchaku","Guide Book"],"acts_visited":["Exordium","TheCity","TheBeyond"],"potions_floor_usage":[11,11,14,25,25,33,40,40,47,50,50],"damage_taken":[{"damage":0,"enemies":"Small Slimes","floor":1,"turns":1},{"damage":0,"enemies":"Jaw Worm","floor":5,"turns":1},{"damage":0,"enemies":"Lagavulin","floor":6,"turns":1},{"damage":0,"enemies":"Cultist","floor":8,"turns":5},{"damage":1,"enemies":"Large Slime","floor":10,"turns":7},{"damage":2,"enemies":"3 Sentries","floor":11,"turns":11},{"damage":30,"enemies":"Gremlin Nob","floor":14,"turns":5},{"damage":24,"enemies":"Fading Forest","floor":16,"turns":11},{"damage":0,"enemies":"3 Byrds","floor":18,"turns":4},{"damage":0,"enemies":"Spheric Guardian","floor":19,"turns":2},{"damage":2,"enemies":"Centurion and Healer","floor":22,"turns":6},{"damage":12,"enemies":"Shelled Parasite and Fungi","floor":24,"turns":5},{"damage":23,"enemies":"Book of Stabbing","floor":25,"turns":6},{"damage":0,"enemies":"3 Cultists","floor":30,"turns":4},{"damage":17,"enemies":"Slavers","floor":31,"turns":4},{"damage":13,"enemies":"Champ","floor":33,"turns":12},{"damage":4,"enemies":"Orb Walker","floor":35,"turns":4},{"damage":0,"enemies":"3 Shapes","floor":36,"turns":5},{"damage":2,"enemies":"3 Darklings","floor":38,"turns":4},{"damage":13,"enemies":"Giant Head","floor":40,"turns":9},{"damage":10,"enemies":"Transient","floor":41,"turns":5},{"damage":0,"enemies":"R_Hoarder","floor":45,"turns":8},{"damage":22,"enemies":"Nemesis","floor":47,"turns":7},{"damage":13,"enemies":"Time Eater","floor":50,"turns":10}],"seed_played":"7463626437149050943","potions_obtained":[{"floor":6,"key":"BlessingOfTheForge"},{"floor":10,"key":"Dexterity Potion"},{"floor":11,"key":"Languid Potion"},{"floor":14,"key":"ColorlessPotion"},{"floor":18,"key":"Dexterity Potion"},{"floor":31,"key":"Adrenaline Potion"},{"floor":33,"key":"Fire Potion"},{"floor":35,"key":"champ:CounterPotion"},{"floor":40,"key":"PowerPotion"},{"floor":41,"key":"Strength Potion"},{"floor":47,"key":"Dexterity Potion"}],"is_trial":false,"path_per_floor":["M","?","?","$","M","E","R","M","T","M","E","?","$","E","R","B",null,"M","M","?","$","M","R","M","E","T","R","T","?","M","E","R","B",null,"M","M","$","M","?","E","M","R","T","R","E","?","E","$","R","B",null],"character_chosen":"THE_SILENT","items_purchased":["Well Laid Plans","Noxious Fumes","Bottled Tornado","Noxious Fumes","Guide Book","Distraction+1"],"campfire_rested":3,"item_purchase_floors":[4,13,37,48,48,48],"current_hp_per_floor":[59,59,54,54,54,54,54,54,54,59,63,63,63,37,56,40,60,60,60,60,60,60,60,52,29,29,41,41,23,25,10,43,32,61,59,59,71,71,58,53,51,71,71,71,71,71,51,66,71,66],"gold":12,"neow_bonus":"THREE_ENEMY_KILL","is_daily":false,"chose_seed":false,"campfire_upgraded":3,"win_rate":0.0,"timestamp":1612428571,"path_taken":["M","?","?","?","M","E","R","M","T","?","E","?","$","E","R","BOSS","M","?","?","$","M","R","M","E","T","R","?","?","M","E","R","BOSS","M","M","$","M","?","E","M","R","T","R","E","?","E","?","R","BOSS"],"items_purchased_type":["Card","Card","Relic","Card","Relic","Card"],"build_version":"2020-12-22","purchased_purges":1,"victory":true,"max_hp_per_floor":[66,66,66,66,66,66,66,66,66,66,66,66,66,66,66,66,66,66,66,66,66,66,66,66,66,66,66,66,71,71,71,71,71,71,71,71,71,71,71,71,71,71,71,71,71,71,71,71,71,71],"card_choices":[{"not_picked":["Dagger Spray","Dagger Throw"],"picked":"Deadly Poison","floor":1},{"not_picked":["Sucker Punch","ReplayTheSpireMod:Exploit Weakness","Poisoned Stab"],"picked":"SKIP","floor":5},{"not_picked":["Riddle With Holes","Slice"],"picked":"Malaise","floor":6},{"not_picked":["Quick Slash","Accuracy","Slice"],"picked":"SKIP","floor":8},{"not_picked":["Sucker Punch","Accuracy"],"picked":"Acrobatics","floor":10},{"not_picked":["Eviscerate","Dagger Throw"],"picked":"Calculated Gamble","floor":11},{"not_picked":["Predator","Accuracy"],"picked":"After Image","floor":14},{"not_picked":["Grand Finale","Bullet Time"],"picked":"Night Terror","floor":16},{"not_picked":["Well Laid Plans","Underhanded Strike+1"],"picked":"PiercingWail","floor":18},{"not_picked":["Noxious Fumes","Dagger Throw","Sucker Punch"],"picked":"SKIP","floor":19},{"not_picked":["Quick Slash","Blade Dance","Deadly Poison"],"picked":"SKIP","floor":22},{"not_picked":["Bane","Concentrate"],"picked":"Prepared","floor":24},{"not_picked":["Well Laid Plans","Backflip"],"picked":"Adrenaline","floor":25},{"not_picked":["ReplayTheSpireMod:Shiv Toss","Sucker Punch"],"picked":"Acrobatics","floor":30},{"not_picked":["Riddle With Holes","Endless Agony"],"picked":"Noxious Fumes","floor":31},{"not_picked":["Atom Bomb","Envenom"],"picked":"After Image","floor":33},{"not_picked":["Deadly Poison+1","Choke","Dagger Throw"],"picked":"SKIP","floor":35},{"not_picked":["Slice+1","Backstab","PiercingWail"],"picked":"SKIP","floor":36},{"not_picked":["PiercingWail+1","Predator"],"picked":"Dash","floor":38},{"not_picked":["Prepared","Unload","Dodge and Roll"],"picked":"SKIP","floor":40},{"not_picked":["Sucker Punch","Prepared"],"picked":"Backflip","floor":41},{"not_picked":["Dagger Spray","Underhanded Strike"],"picked":"ReplayTheSpireMod:Speed Training","floor":45},{"not_picked":["Backflip+1","Skewer","Bane"],"picked":"SKIP","floor":47}],"player_experience":363144,"relics_obtained":[{"floor":6,"key":"Mummified Hand"},{"floor":9,"key":"Snack Pack"},{"floor":11,"key":"Lantern"},{"floor":14,"key":"Replay:Kaleidoscope"},{"floor":25,"key":"Eternal Feather"},{"floor":26,"key":"Replay:Bottled Flurry"},{"floor":28,"key":"MealTicket"},{"floor":31,"key":"Happy Flower"},{"floor":40,"key":"Vampiric Spirits"},{"floor":43,"key":"Bronze Scales"},{"floor":45,"key":"TungstenRod"},{"floor":47,"key":"Nunchaku"}],"event_choices":[{"cards_removed":["Strike_G"],"damage_healed":0,"gold_gain":0,"player_choice":"Card Removal","damage_taken":0,"max_hp_gain":0,"max_hp_loss":0,"event_name":"Wheel of Change","floor":12,"gold_loss":0},{"cards_removed":["ReplayTheSpireMod:Shiv Toss"],"damage_healed":0,"gold_gain":0,"player_choice":"Elegance","damage_taken":0,"max_hp_gain":0,"max_hp_loss":0,"event_name":"Back to Basics","floor":20,"gold_loss":0},{"damage_healed":0,"gold_gain":0,"player_choice":"Shed Blood","damage_taken":23,"max_hp_gain":5,"max_hp_loss":0,"event_name":"Forgotten Altar","floor":29,"gold_loss":0},{"damage_healed":0,"gold_gain":0,"player_choice":"Embrace Madness","damage_taken":13,"max_hp_gain":0,"max_hp_loss":0,"event_name":"Winding Halls","floor":39,"gold_loss":0,"cards_obtained":["Madness","Madness"]},{"cards_removed":["Neutralize"],"damage_healed":0,"gold_gain":0,"player_choice":"Removed Attack","damage_taken":0,"max_hp_gain":0,"max_hp_loss":0,"event_name":"Falling","floor":46,"gold_loss":0},{"cards_removed":["Madness"],"damage_healed":0,"gold_gain":0,"player_choice":"Purged","damage_taken":0,"max_hp_gain":0,"max_hp_loss":0,"event_name":"Purifier","floor":49,"gold_loss":0}],"is_beta":false,"boss_relics":[{"not_picked":["bronze:MakeshiftBattery","Replay:Drink Me"],"picked":"Pandora\u0027s Box"},{"not_picked":["Painkiller Herb","WristBlade"],"picked":"Fusion Hammer"}],"items_purged_floors":[13],"is_endless":false,"potions_floor_spawned":[6,10,11,14,18,19,24,31,33,35,40,41,47],"ascension_level":16}}