{"host":"mulvwr6fzlda1d2f","time":1612410398,"event":{"mods":["BaseMod","Colored Powertips","Minty Spire (QoL Compilation)","Quick Restart","Remove Card Discount Mod","StSLib","egg"],"gold_per_floor":[115,115,59,112,27,60,60,91,91,91,107,107,18,48,48,146,146,165,165,9,9,9,9,37,37,60,86,113,113,113,51,51,147,197,213,213,62,116,116,146,158,197,234,273,285,135,151,35,35,132,132,151,111,42,54,82,107,107,135,135,149,175,50,50,79,79,178,178,188,188,203,203,5,40,40,66,97,97,97,97,131,146,146,241,241,252,60,60,165,165,165],"floor_reached":90,"language":"ENG","playtime":2157,"items_purged":["Sweeping Beam","Glacier","Hello World","Conserve Battery+1"],"score":2964,"play_id":"ef8fec5e-452c-4c01-966c-fe60179e63d1","local_time":"20210203194638","daily_mods":["Draft","Heirloom","Time Dilation","Flight"],"is_ascension_mode":false,"campfire_choices":[{"data":"Double Energy","floor":7,"key":"SMITH"},{"data":"Redo","floor":10,"key":"SMITH"},{"data":"White Noise","floor":12,"key":"SMITH"},{"data":"Genetic Algorithm","floor":15,"key":"SMITH"},{"data":"FTL","floor":23,"key":"SMITH"},{"data":"Scrape","floor":25,"key":"SMITH"},{"data":"Go for the Eyes","floor":29,"key":"SMITH"},{"data":"Scrape","floor":30,"key":"SMITH"},{"data":"Beam Cell","floor":32,"key":"SMITH"},{"floor":41,"key":"REST"},{"data":"All For One","floor":45,"key":"SMITH"},{"data":"Flash of Steel","floor":49,"key":"SMITH"},{"data":"Streamline","floor":58,"key":"SMITH"},{"floor":66,"key":"REST"},{"data":"Core Surge","floor":75,"key":"SMITH"},{"data":"BootSequence","floor":80,"key":"SMITH"},{"floor":83,"key":"REST"}],"circlet_count":0,"master_deck":["Gash+1","BootSequence+1","Redo+1","White Noise+1","Double Energy+1","Scrape+1","Genetic Algorithm+1","Go for the Eyes+1","Gash+1","Steam+1","Redo+1","Beam Cell+1","Double Energy+1","Beam Cell+1","Chill+1","FTL+1","Reprogram+1","Consume+1","Double Energy+1","Genetic Algorithm+1","White Noise+1","White Noise+1","Self Repair+1","All For One+1","Flash of Steel+1","Chill+1","Dark Shackles+1","Streamline+1","Core Surge+1","Finesse+1"],"relics":["Unceasing Top","Mango","Toxic Egg 2","Vajra","Toy Ornithopter","The Courier","Nunchaku","Omamori","Black Star","Lantern","InkBottle","StrikeDummy","Blood Vial","FossilizedHelix","Bag of Marbles","Art of War","Tiny House","Oddly Smooth Stone","StoneCalendar","Singing Bowl","MawBank","DataDisk","Orichalcum","Whetstone","Tiny Chest","Potion Belt","ClockworkSouvenir","Cursed Key","Darkstone Periapt","Juzu Bracelet","Philosopher\u0027s Stone","Nloth\u0027s Gift","Runic Capacitor","SacredBark","Gremlin Horn","Runic Pyramid"],"acts_visited":["Exordium","TheCity","TheBeyond","Exordium","TheCity","TheBeyond","Exordium"],"potions_floor_usage":[50,50,50,50,50,62,62,89,89,89],"damage_taken":[{"damage":0,"enemies":"Jaw Worm","floor":1,"turns":2},{"damage":5,"enemies":"Gremlin Nob","floor":6,"turns":3},{"damage":0,"enemies":"Lagavulin","floor":8,"turns":1},{"damage":0,"enemies":"Cultist","floor":11,"turns":1},{"damage":0,"enemies":"3 Sentries","floor":14,"turns":1},{"damage":0,"enemies":"The Guardian","floor":16,"turns":1},{"damage":0,"enemies":"Shell Parasite","floor":18,"turns":1},{"damage":0,"enemies":"Slavers","floor":24,"turns":1},{"damage":0,"enemies":"Gremlin Leader","floor":27,"turns":1},{"damage":0,"enemies":"Collector","floor":33,"turns":1},{"damage":0,"enemies":"3 Shapes","floor":35,"turns":1},{"damage":0,"enemies":"2 Orb Walkers","floor":38,"turns":1},{"damage":0,"enemies":"Giant Head","floor":40,"turns":1},{"damage":0,"enemies":"Nemesis","floor":42,"turns":1},{"damage":0,"enemies":"Giant Head","floor":44,"turns":2},{"damage":0,"enemies":"Orb Walker","floor":47,"turns":2},{"damage":0,"enemies":"Time Eater","floor":50,"turns":5},{"damage":0,"enemies":"2 Louse","floor":52,"turns":1},{"damage":0,"enemies":"Small Slimes","floor":55,"turns":1},{"damage":0,"enemies":"3 Sentries","floor":56,"turns":1},{"damage":0,"enemies":"Gremlin Nob","floor":57,"turns":1},{"damage":0,"enemies":"3 Sentries","floor":59,"turns":3},{"damage":0,"enemies":"Jaw Worm","floor":61,"turns":1},{"damage":0,"enemies":"Gremlin Nob","floor":62,"turns":1},{"damage":0,"enemies":"3 Sentries","floor":65,"turns":1},{"damage":0,"enemies":"Slime Boss","floor":67,"turns":1},{"damage":0,"enemies":"3 Byrds","floor":69,"turns":1},{"damage":0,"enemies":"Shell Parasite","floor":71,"turns":1},{"damage":0,"enemies":"Slavers","floor":74,"turns":1},{"damage":0,"enemies":"Gremlin Leader","floor":76,"turns":1},{"damage":0,"enemies":"Book of Stabbing","floor":77,"turns":2},{"damage":0,"enemies":"Slavers","floor":81,"turns":1},{"damage":0,"enemies":"Sentry and Sphere","floor":82,"turns":1},{"damage":0,"enemies":"Champ","floor":84,"turns":1},{"damage":0,"enemies":"Orb Walker","floor":86,"turns":1},{"damage":0,"enemies":"Time Eater","floor":89,"turns":7}],"seed_played":"-4623955350313526847","potions_obtained":[{"floor":6,"key":"SpeedPotion"},{"floor":14,"key":"LiquidMemories"},{"floor":24,"key":"Strength Potion"},{"floor":34,"key":"Fire Potion"},{"floor":50,"key":"Dexterity Potion"},{"floor":52,"key":"Swift Potion"},{"floor":53,"key":"Strength Potion"},{"floor":53,"key":"Dexterity Potion"},{"floor":53,"key":"FocusPotion"},{"floor":55,"key":"SkillPotion"},{"floor":65,"key":"Explosive Potion"},{"floor":74,"key":"FearPotion"},{"floor":76,"key":"Dexterity Potion"}],"is_trial":true,"path_per_floor":["M","?","$","T","$","E","R","E","T","R","M","R","$","E","R","B",null,"M","?","$","?","?","R","E","R","T","E","T","R","R","$","R","B",null,"M","?","$","?","T","E","R","E","T","E","R","$","M","$","R","B",null,"M","?","$","M","E","E","R","E","T","M","E","$","?","E","R","B",null,"M","?","M","?","$","E","R","E","E","$","?","R","E","M","R","B",null,"M","$","?","B",null],"character_chosen":"DEFECT","items_purchased":["Redo+1","Beam Cell","Double Energy+1","FTL","Reprogram+1","Lantern","Genetic Algorithm+1","White Noise+1","Oddly Smooth Stone","White Noise+1","Flash of Steel","AttackPotion","Strength Potion","ClockworkSouvenir","Dark Shackles+1","Juzu Bracelet","Runic Capacitor","Finesse+1","Gremlin Horn"],"campfire_rested":3,"item_purchase_floors":[3,5,5,13,13,20,20,31,37,37,46,46,46,48,54,63,73,73,87],"current_hp_per_floor":[89,89,89,89,89,84,84,84,84,84,84,84,84,84,84,84,89,89,89,89,89,72,72,72,72,72,74,74,74,74,74,74,76,99,99,99,99,99,99,99,99,101,101,103,103,103,103,103,103,105,105,107,107,107,109,109,111,111,113,113,115,115,115,115,117,117,119,119,121,96,100,100,100,114,114,118,132,132,132,132,136,138,138,140,140,142,142,142,144,144,144],"gold":165,"neow_bonus":"","is_daily":false,"chose_seed":false,"campfire_upgraded":14,"win_rate":0.0,"timestamp":1612410398,"path_taken":["M","?","$","?","$","E","R","E","T","R","?","R","$","E","R","BOSS","M","?","$","?","?","R","E","R","T","E","?","R","R","$","R","BOSS","M","?","?","?","?","E","R","E","T","E","R","$","?","$","R","BOSS","M","?","$","?","?","E","R","E","T","?","E","$","?","E","R","BOSS","M","?","M","?","$","E","R","E","E","$","?","R","E","M","R","BOSS","M","$","?","BOSS"],"items_purchased_type":["Card","Card","Card","Card","Card","Relic","Card","Card","Relic","Card","Card","Potion","Potion","Relic","Card","Relic","Relic","Card","Relic"],"build_version":"2020-12-22","purchased_purges":4,"victory":false,"max_hp_per_floor":[89,89,89,89,89,89,89,89,89,89,89,89,89,89,89,89,89,89,89,89,89,94,94,94,94,94,94,94,94,94,94,94,94,99,99,99,99,99,99,99,99,101,101,103,103,103,103,103,103,105,105,107,107,107,109,109,111,111,113,113,115,115,115,115,117,117,119,119,121,126,128,128,128,130,130,132,134,134,134,134,136,138,138,140,140,142,142,142,144,144,144],"card_choices":[{"not_picked":["Ball Lightning","Lockon"],"picked":"Sweeping Beam","floor":0},{"not_picked":["Chill","Coolheaded"],"picked":"Gash","floor":0},{"not_picked":["Cold Snap","Leap"],"picked":"BootSequence","floor":0},{"not_picked":["Rebound","Compile Driver"],"picked":"Redo","floor":0},{"not_picked":["Compile Driver","Undo"],"picked":"Conserve Battery","floor":0},{"not_picked":["Recycle","Streamline"],"picked":"White Noise","floor":0},{"not_picked":["Conserve Battery","Coolheaded"],"picked":"Scrape","floor":0},{"not_picked":["Cold Snap","Double Energy"],"picked":"BootSequence","floor":0},{"not_picked":["Steam","Conserve Battery"],"picked":"Double Energy","floor":0},{"not_picked":["Conserve Battery","Barrage"],"picked":"Scrape","floor":0},{"not_picked":["Leap","Redo"],"picked":"Genetic Algorithm","floor":0},{"not_picked":["Hologram","Cold Snap"],"picked":"Go for the Eyes","floor":0},{"not_picked":["Sweeping Beam","Ball Lightning"],"picked":"Gash","floor":0},{"not_picked":["Blizzard","Rebound"],"picked":"Steam","floor":0},{"not_picked":["Turbo","Streamline"],"picked":"Glacier","floor":0},{"not_picked":["Consume","Reprogram","Melter"],"picked":"SKIP","floor":1},{"not_picked":["Rebound","Turbo+1"],"picked":"Beam Cell","floor":6},{"not_picked":["Coolheaded+1","Go for the Eyes"],"picked":"Chill+1","floor":8},{"not_picked":["Doom and Gloom","Streamline","Buffer"],"picked":"SKIP","floor":11},{"not_picked":["Leap+1","Hologram+1"],"picked":"Consume+1","floor":14},{"not_picked":["Fusion+1","Storm"],"picked":"Double Energy+1","floor":18},{"not_picked":["Ball Lightning+1","Reinforced Body+1"],"picked":"Hello World","floor":24},{"not_picked":["Rebound","Go for the Eyes","Steam+1"],"picked":"SKIP","floor":27},{"not_picked":["Turbo+1","Barrage+1","Scrape+1"],"picked":"SKIP","floor":35},{"not_picked":["Rebound","Doom and Gloom"],"picked":"Self Repair+1","floor":38},{"not_picked":["Reprogram+1","Beam Cell+1"],"picked":"All For One","floor":40},{"not_picked":["Cold Snap","Barrage+1","Tempest+1"],"picked":"Singing Bowl","floor":42},{"not_picked":["Turbo+1","Rip and Tear+1","Ball Lightning"],"picked":"Singing Bowl","floor":44},{"not_picked":["Hologram+1","Steam Power+1"],"picked":"Chill+1","floor":47},{"not_picked":["Amplify+1","All For One","Rainbow+1"],"picked":"Singing Bowl","floor":50},{"not_picked":["Steam+1","Cold Snap","Reinforced Body+1"],"picked":"Singing Bowl","floor":52},{"not_picked":["Rebound","Defragment","Coolheaded+1"],"picked":"Singing Bowl","floor":55},{"not_picked":["Conserve Battery+1","Aggregate+1"],"picked":"Streamline","floor":56},{"not_picked":["Conserve Battery+1","Coolheaded+1","Melter"],"picked":"Singing Bowl","floor":57},{"not_picked":["Biased Cognition","Machine Learning","Cold Snap"],"picked":"Singing Bowl","floor":59},{"not_picked":["Ball Lightning","Hologram+1","Beam Cell"],"picked":"Singing Bowl","floor":61},{"not_picked":["Hologram+1","Go for the Eyes"],"picked":"Core Surge","floor":62},{"not_picked":["Cold Snap","Sweeping Beam","Hologram+1"],"picked":"Singing Bowl","floor":65},{"not_picked":["Biased Cognition","Buffer","Creative AI"],"picked":"Singing Bowl","floor":67},{"not_picked":["Sweeping Beam","Redo+1","Static Discharge"],"picked":"Singing Bowl","floor":69},{"not_picked":["Hologram+1","Rebound","Steam+1"],"picked":"Singing Bowl","floor":71},{"not_picked":["Sweeping Beam","Steam Power+1","Tempest+1"],"picked":"Singing Bowl","floor":74},{"not_picked":["Redo+1","Meteor Strike","Blizzard"],"picked":"Singing Bowl","floor":76},{"not_picked":["Meteor Strike","Conserve Battery+1","Buffer"],"picked":"Singing Bowl","floor":77},{"not_picked":["Steam+1","Redo+1","Fission+1"],"picked":"Singing Bowl","floor":81},{"not_picked":["Rebound","Hologram+1","Storm"],"picked":"Singing Bowl","floor":82},{"not_picked":["All For One","Seek+1","Meteor Strike"],"picked":"Singing Bowl","floor":84},{"not_picked":["Darkness+1","Reprogram+1","Reinforced Body+1"],"picked":"Singing Bowl","floor":86},{"not_picked":["Biased Cognition","Thunder Strike","Amplify+1"],"picked":"Singing Bowl","floor":89}],"player_experience":279497,"relics_obtained":[{"floor":2,"key":"Toxic Egg 2"},{"floor":4,"key":"Vajra"},{"floor":6,"key":"Toy Ornithopter"},{"floor":8,"key":"The Courier"},{"floor":9,"key":"Nunchaku"},{"floor":14,"key":"Omamori"},{"floor":24,"key":"InkBottle"},{"floor":24,"key":"StrikeDummy"},{"floor":26,"key":"Blood Vial"},{"floor":27,"key":"FossilizedHelix"},{"floor":27,"key":"Bag of Marbles"},{"floor":28,"key":"Art of War"},{"floor":38,"key":"StoneCalendar"},{"floor":39,"key":"Singing Bowl"},{"floor":40,"key":"MawBank"},{"floor":40,"key":"DataDisk"},{"floor":42,"key":"Smiling Mask"},{"floor":42,"key":"Orichalcum"},{"floor":43,"key":"Whetstone"},{"floor":44,"key":"Tiny Chest"},{"floor":44,"key":"Potion Belt"},{"floor":60,"key":"Darkstone Periapt"}],"event_choices":[{"damage_healed":0,"gold_gain":0,"player_choice":"Relic","damage_taken":0,"max_hp_gain":0,"max_hp_loss":0,"event_name":"Wheel of Change","floor":2,"gold_loss":0},{"damage_healed":0,"gold_gain":0,"player_choice":"Ignored","damage_taken":0,"max_hp_gain":0,"max_hp_loss":0,"event_name":"Cursed Tome","floor":19,"gold_loss":0},{"cards_removed":["BootSequence"],"damage_healed":0,"gold_gain":0,"player_choice":"Elegance","damage_taken":0,"max_hp_gain":0,"max_hp_loss":0,"event_name":"Back to Basics","floor":21,"gold_loss":0},{"damage_healed":0,"gold_gain":0,"player_choice":"Shed Blood","damage_taken":22,"max_hp_gain":5,"max_hp_loss":0,"event_name":"Forgotten Altar","floor":22,"gold_loss":0},{"damage_healed":0,"gold_gain":0,"player_choice":"Forge","damage_taken":0,"max_hp_gain":0,"max_hp_loss":0,"event_name":"Accursed Blacksmith","floor":36,"gold_loss":0,"cards_upgraded":["Beam Cell"]},{"damage_healed":0,"gold_gain":0,"player_choice":"Fight","damage_taken":0,"max_hp_gain":0,"max_hp_loss":0,"event_name":"Mysterious Sphere","floor":38,"gold_loss":0},{"damage_healed":0,"gold_gain":0,"player_choice":"Bought 3 Potions","damage_taken":0,"max_hp_gain":0,"max_hp_loss":0,"event_name":"The Woman in Blue","floor":53,"gold_loss":0},{"cards_removed":["Scrape"],"damage_healed":0,"gold_gain":0,"player_choice":"Purged","damage_taken":0,"max_hp_gain":0,"max_hp_loss":0,"event_name":"Purifier","floor":64,"gold_loss":0},{"damage_healed":0,"gold_gain":0,"player_choice":"Shed Blood","damage_taken":30,"max_hp_gain":5,"max_hp_loss":0,"event_name":"Forgotten Altar","floor":70,"gold_loss":0},{"damage_healed":0,"gold_gain":0,"player_choice":"Traded Relic","damage_taken":0,"relics_obtained":["Nloth\u0027s Gift"],"max_hp_gain":0,"max_hp_loss":0,"event_name":"N\u0027loth","floor":72,"relics_lost":["Smiling Mask"],"gold_loss":0},{"damage_healed":0,"gold_gain":0,"player_choice":"Upgraded","damage_taken":0,"max_hp_gain":0,"max_hp_loss":0,"event_name":"Upgrade Shrine","floor":79,"gold_loss":0,"cards_upgraded":["Steam"]},{"damage_healed":0,"gold_gain":0,"player_choice":"Took Portal","damage_taken":0,"max_hp_gain":0,"max_hp_loss":0,"event_name":"SecretPortal","floor":88,"gold_loss":0}],"is_beta":false,"boss_relics":[{"not_picked":["Ectoplasm","Snecko Eye"],"picked":"Black Star"},{"not_picked":["Astrolabe","Runic Pyramid"],"picked":"Tiny House"},{"not_picked":["Velvet Choker","Sozu"],"picked":"Cursed Key"},{"not_picked":["Empty Cage","Snecko Eye"],"picked":"Philosopher\u0027s Stone"},{"not_picked":["Fusion Hammer","Inserter"],"picked":"SacredBark"},{"not_picked":["Astrolabe","SlaversCollar"],"picked":"Runic Pyramid"}],"items_purged_floors":[3,3,31,37],"is_endless":true,"potions_floor_spawned":[6,14,24,35,50,52,55,57,65,74,76,84,86],"ascension_level":0}}