{"host":"x5w9zppki4gdwvc7","time":1612420327,"event":{"mods":["AchievementEnabler","BaseMod","Colored Powertips","DeckTracker","Minty Spire (QoL Compilation)","Relic Sorter"],"gold_per_floor":[114,114,114,124,124,160,160,169,195,195,42,62,86,86,86,223,223,237,251,251,276,301,301,325,364,433,50,50,50,68,89,89,224,224,239,272,272,272,272,272,312,312,338,338,160,175,123,142,142,142],"floor_reached":51,"language":"ENG","playtime":1835,"items_purged":["Injury","Eruption"],"score":779,"play_id":"c67bf97b-ab29-49e8-a765-0e465f1e3a02","local_time":"20210204073207","is_ascension_mode":true,"campfire_choices":[{"data":"PathToVictory","floor":7,"key":"SMITH"},{"data":"PathToVictory","floor":10,"key":"SMITH"},{"data":"Vigilance","floor":15,"key":"SMITH"},{"data":"Vault","floor":23,"key":"SMITH"},{"floor":28,"key":"REST"},{"data":"PathToVictory","floor":32,"key":"SMITH"},{"data":"LikeWater","floor":40,"key":"SMITH"},{"data":"Sanctity","floor":42,"key":"SMITH"},{"data":"Judgement","floor":44,"key":"SMITH"},{"data":"Sanctity","floor":49,"key":"SMITH"}],"circlet_count":0,"master_deck":["Defend_P+1","Defend_P+1","Defend_P+1","Defend_P+1","Vigilance+1","PathToVictory+1","PathToVictory+1","Sanctity+1","Vault+1","PathToVictory+1","LikeWater+1","Judgement+1","PathToVictory+1","EmptyBody+1","Sanctity+1"],"relics":["PureWater","NeowsBlessing","Turnip","CeramicFish","Potion Belt","Golden Idol","Centennial Puzzle","Empty Cage","Pantograph","Eternal Feather","Membership Card","Incense Burner","SacredBark","Gremlin Horn","Boot","Anchor","Art of War","Lantern"],"acts_visited":["Exordium","TheCity","TheBeyond"],"potions_floor_usage":[33,33,33,33,33,50],"damage_taken":[{"damage":0,"enemies":"Cultist","floor":1,"turns":1},{"damage":0,"enemies":"Jaw Worm","floor":4,"turns":1},{"damage":0,"enemies":"3 Sentries","floor":6,"turns":2},{"damage":1,"enemies":"2 Louse","floor":12,"turns":2},{"damage":10,"enemies":"Large Slime","floor":13,"turns":5},{"damage":3,"enemies":"The Guardian","floor":16,"turns":6},{"damage":7,"enemies":"Shell Parasite","floor":18,"turns":3},{"damage":9,"enemies":"2 Thieves","floor":19,"turns":2},{"damage":5,"enemies":"Snecko","floor":21,"turns":4},{"damage":18,"enemies":"Shelled Parasite and Fungi","floor":22,"turns":4},{"damage":8,"enemies":"Cultist and Chosen","floor":24,"turns":4},{"damage":19,"enemies":"Gremlin Leader","floor":25,"turns":6},{"damage":3,"enemies":"Sentry and Sphere","floor":30,"turns":8},{"damage":0,"enemies":"Centurion and Healer","floor":31,"turns":5},{"damage":14,"enemies":"Automaton","floor":33,"turns":4},{"damage":4,"enemies":"3 Shapes","floor":35,"turns":4},{"damage":17,"enemies":"3 Darklings","floor":36,"turns":6},{"damage":9,"enemies":"Reptomancer","floor":41,"turns":4},{"damage":0,"enemies":"Sphere and 2 Shapes","floor":46,"turns":4},{"damage":10,"enemies":"Maw","floor":48,"turns":4},{"damage":13,"enemies":"Donu and Deca","floor":50,"turns":10}],"seed_played":"-5019486626201086420","potions_obtained":[{"floor":12,"key":"Weak Potion"},{"floor":16,"key":"SteroidPotion"},{"floor":21,"key":"Weak Potion"},{"floor":22,"key":"Explosive Potion"},{"floor":25,"key":"Regen Potion"},{"floor":36,"key":"DuplicationPotion"},{"floor":41,"key":"FearPotion"},{"floor":46,"key":"DistilledChaos"}],"is_trial":false,"path_per_floor":["M","T","?","M","?","E","R","?","T","R","$","M","M","$","R","B",null,"M","M","?","M","M","R","M","E","T","$","R","?","M","M","R","B",null,"M","M","?","?","?","R","E","R","T","R","$","M","?","M","R","B",null],"character_chosen":"WATCHER","items_purchased":["DuplicationPotion","Membership Card","PathToVictory","LikeWater","Incense Burner","Anchor","Art of War","Sanctity","ColorlessPotion"],"campfire_rested":1,"item_purchase_floors":[11,27,27,27,27,45,45,45,45],"current_hp_per_floor":[72,72,60,60,53,53,53,53,53,53,53,52,42,42,42,39,72,65,56,56,51,33,33,25,6,6,6,33,33,30,30,36,52,72,68,51,51,51,51,57,48,54,54,60,60,60,60,50,59,59],"gold":142,"neow_bonus":"THREE_ENEMY_KILL","is_daily":false,"chose_seed":false,"campfire_upgraded":9,"win_rate":0.0,"timestamp":1612420327,"path_taken":["M","?","?","M","?","E","R","?","T","R","$","M","M","$","R","BOSS","M","M","?","M","M","R","M","E","T","$","R","?","M","M","R","BOSS","M","M","?","?","?","R","E","R","T","R","?","M","?","M","R","BOSS"],"items_purchased_type":["Potion","Relic","Card","Card","Relic","Relic","Relic","Card","Potion"],"build_version":"2020-12-22","purchased_purges":2,"victory":true,"max_hp_per_floor":[72,72,72,72,72,72,72,72,72,72,72,72,72,72,72,72,72,72,72,72,72,72,72,72,72,72,72,72,72,72,72,72,72,72,72,72,72,72,72,72,72,72,72,72,72,72,72,72,72,72],"card_choices":[{"not_picked":["SashWhip","Evaluate"],"picked":"PathToVictory","floor":1},{"not_picked":["FlyingSleeves","FlurryOfBlows","MentalFortress"],"picked":"SKIP","floor":4},{"not_picked":["Perseverance","Halt"],"picked":"PathToVictory","floor":6},{"not_picked":["ClearTheMind","FlurryOfBlows","Perseverance"],"picked":"SKIP","floor":12},{"not_picked":["SandsOfTime","EmptyBody"],"picked":"Sanctity","floor":13},{"not_picked":["Scrawl","Omniscience"],"picked":"Vault","floor":16},{"not_picked":["Crescendo+1","CutThroughFate+1","Tantrum+1"],"picked":"SKIP","floor":18},{"not_picked":["Worship+1","Evaluate","Wireheading+1"],"picked":"SKIP","floor":19},{"not_picked":["Protect","FlyingSleeves","JustLucky+1"],"picked":"SKIP","floor":21},{"not_picked":["FollowUp","EmptyBody","BowlingBash"],"picked":"SKIP","floor":22},{"not_picked":["Vault","Crescendo","JustLucky"],"picked":"SKIP","floor":24},{"not_picked":["Tantrum","CarveReality+1","ThirdEye"],"picked":"SKIP","floor":25},{"not_picked":["Crescendo","CrushJoints+1","FollowUp"],"picked":"SKIP","floor":30},{"not_picked":["BattleHymn+1","ForeignInfluence","Prostrate"],"picked":"SKIP","floor":31},{"not_picked":["Blasphemy","Brilliance"],"picked":"Judgement","floor":33},{"not_picked":["Prostrate","Nirvana+1","WreathOfFlame"],"picked":"SKIP","floor":35},{"not_picked":["ThirdEye+1","Fasting2"],"picked":"PathToVictory+1","floor":36},{"not_picked":["Consecrate+1","TalkToTheHand"],"picked":"EmptyBody+1","floor":41},{"not_picked":["EmptyBody","FlurryOfBlows","WindmillStrike"],"picked":"SKIP","floor":46},{"not_picked":["Prostrate","WindmillStrike+1","Halt+1"],"picked":"SKIP","floor":48}],"player_experience":445774,"relics_obtained":[{"floor":2,"key":"Turnip"},{"floor":6,"key":"Potion Belt"},{"floor":9,"key":"Centennial Puzzle"},{"floor":25,"key":"Pantograph"},{"floor":26,"key":"Eternal Feather"},{"floor":41,"key":"Gremlin Horn"},{"floor":43,"key":"Boot"}],"event_choices":[{"damage_healed":0,"gold_gain":0,"player_choice":"Success","damage_taken":12,"relics_obtained":["CeramicFish"],"max_hp_gain":0,"max_hp_loss":0,"event_name":"Scrap Ooze","floor":3,"gold_loss":0},{"cards_removed":["Strike_P"],"damage_healed":0,"gold_gain":0,"player_choice":"Card Removal","damage_taken":7,"max_hp_gain":0,"max_hp_loss":0,"event_name":"Golden Wing","floor":5,"gold_loss":0},{"damage_healed":0,"gold_gain":0,"player_choice":"Take Wound","damage_taken":0,"relics_obtained":["Golden Idol"],"max_hp_gain":0,"max_hp_loss":0,"event_name":"Golden Idol","floor":8,"gold_loss":0,"cards_obtained":["Injury"]},{"damage_healed":0,"gold_gain":0,"player_choice":"Ignored","damage_taken":0,"max_hp_gain":0,"max_hp_loss":0,"event_name":"Ghosts","floor":20,"gold_loss":0},{"damage_healed":0,"gold_gain":0,"player_choice":"Simplicity","damage_taken":0,"max_hp_gain":0,"max_hp_loss":0,"event_name":"Back to Basics","floor":29,"gold_loss":0,"cards_upgraded":["Strike_P","Defend_P","Defend_P","Defend_P","Defend_P"]},{"damage_healed":0,"gold_gain":0,"player_choice":"Ignored","damage_taken":0,"max_hp_gain":0,"max_hp_loss":0,"event_name":"Tomb of Lord Red Mask","floor":37,"gold_loss":0},{"damage_healed":0,"gold_gain":0,"player_choice":"Ignored","damage_taken":0,"max_hp_gain":0,"max_hp_loss":0,"event_name":"The Moai Head","floor":38,"gold_loss":0},{"cards_removed":["Strike_P"],"damage_healed":0,"gold_gain":0,"player_choice":"Removed Attack","damage_taken":0,"max_hp_gain":0,"max_hp_loss":0,"event_name":"Falling","floor":39,"gold_loss":0},{"damage_healed":0,"gold_gain":0,"player_choice":"Paid Gold","damage_taken":0,"relics_obtained":["Lantern"],"max_hp_gain":0,"max_hp_loss":0,"event_name":"WeMeetAgain","floor":47,"gold_loss":52}],"is_beta":false,"boss_relics":[{"not_picked":["Tiny House","Velvet Choker"],"picked":"Empty Cage"},{"not_picked":["Busted Crown","Runic Dome"],"picked":"SacredBark"}],"items_purged_floors":[11,27],"is_endless":false,"potions_floor_spawned":[12,16,21,22,25,30,36,41,46],"ascension_level":1}}