{"host":"aw4z6ztdqz1doup7","time":1612398512,"event":{"mods":["AchievementEnabler","BaseMod","Colored Powertips","Minty Spire (QoL Compilation)"],"gold_per_floor":[110,129,129,54,71,101,101,101,127,127,147,160,160,176,176,279,279,296,61,73,73,53,53,70,70,97,114,114,124,74,87,87,184,184,195,246,259,309,323,323,26,37,37,37,67,67,95,114,114,114,114,114,14,43,43,43],"floor_reached":55,"language":"ENG","playtime":3792,"items_purged":["Strike_P","Strike_P","Defend_P+1","EmptyFist+1"],"score":704,"play_id":"077a4ff0-af4b-437e-b089-569987aa5d16","local_time":"20210204012831","is_ascension_mode":false,"campfire_choices":[{"data":"Eruption","floor":7,"key":"SMITH"},{"data":"Wallop","floor":10,"key":"SMITH"},{"data":"Vigilance","floor":15,"key":"SMITH"},{"data":"LessonLearned","floor":23,"key":"SMITH"},{"data":"Halt","floor":25,"key":"SMITH"},{"floor":28,"key":"RECALL"},{"floor":32,"key":"REST"},{"floor":40,"key":"REST"},{"data":"FlurryOfBlows","floor":44,"key":"SMITH"},{"data":"WreathOfFlame","floor":49,"key":"SMITH"},{"data":"FlurryOfBlows","floor":52,"key":"SMITH"}],"circlet_count":0,"master_deck":["Eruption+1","Vigilance+1","Consecrate+1","Wallop+1","EmptyBody","Vengeance+1","Indignation+1","Adaptation+1","Wallop+1","Halt+1","FlurryOfBlows+1","FlurryOfBlows+1","WreathOfFlame+1"],"relics":["PureWater","NeowsBlessing","Boot","Happy Flower","Akabeko","Astrolabe","Smiling Mask","Empty Cage","GoldenEye","Shuriken","Bottled Tornado","Bag of Preparation","Bottled Lightning","Whetstone"],"acts_visited":["Exordium","TheCity","TheBeyond","TheEnding"],"potions_floor_usage":[16,16,16,27,33,33,33,42,45,50,54],"damage_taken":[{"damage":0,"enemies":"Small Slimes","floor":1,"turns":1},{"damage":0,"enemies":"2 Louse","floor":2,"turns":1},{"damage":0,"enemies":"Cultist","floor":5,"turns":1},{"damage":25,"enemies":"Lagavulin","floor":6,"turns":6},{"damage":0,"enemies":"3 Louse","floor":11,"turns":3},{"damage":0,"enemies":"Exordium Wildlife","floor":12,"turns":3},{"damage":0,"enemies":"Blue Slaver","floor":14,"turns":3},{"damage":16,"enemies":"Hexaghost","floor":16,"turns":11},{"damage":0,"enemies":"Chosen","floor":18,"turns":2},{"damage":0,"enemies":"2 Thieves","floor":20,"turns":4},{"damage":24,"enemies":"Centurion and Healer","floor":24,"turns":4},{"damage":14,"enemies":"Shelled Parasite and Fungi","floor":27,"turns":4},{"damage":0,"enemies":"Cultist and Chosen","floor":29,"turns":6},{"damage":0,"enemies":"3 Cultists","floor":31,"turns":2},{"damage":14,"enemies":"Champ","floor":33,"turns":8},{"damage":0,"enemies":"Orb Walker","floor":35,"turns":2},{"damage":42,"enemies":"3 Shapes","floor":37,"turns":4},{"damage":3,"enemies":"Mind Bloom Boss Battle","floor":38,"turns":6},{"damage":0,"enemies":"Sphere and 2 Shapes","floor":39,"turns":4},{"damage":3,"enemies":"4 Shapes","floor":42,"turns":3},{"damage":0,"enemies":"Reptomancer","floor":45,"turns":4},{"damage":2,"enemies":"Nemesis","floor":47,"turns":3},{"damage":0,"enemies":"Jaw Worm Horde","floor":48,"turns":2},{"damage":23,"enemies":"Awakened One","floor":50,"turns":8},{"damage":38,"enemies":"Shield and Spear","floor":54,"turns":5},{"damage":96,"enemies":"The Heart","floor":55,"turns":2}],"seed_played":"7846113275737463436","potions_obtained":[{"floor":6,"key":"PowerPotion"},{"floor":12,"key":"PowerPotion"},{"floor":14,"key":"Ancient Potion"},{"floor":16,"key":"AttackPotion"},{"floor":20,"key":"Weak Potion"},{"floor":22,"key":"Energy Potion"},{"floor":27,"key":"PowerPotion"},{"floor":33,"key":"Weak Potion"},{"floor":38,"key":"Swift Potion"},{"floor":47,"key":"BottledMiracle"},{"floor":48,"key":"Explosive Potion"}],"is_trial":false,"path_per_floor":["M","M","?","$","M","E","R","?","T","R","M","M","?","M","R","B",null,"M","$","M","?","?","R","M","R","T","M","R","M","$","M","R","B",null,"M","T","M","?","M","R","$","M","T","R","E","?","E","M","R","B",null,"R","$","E","B"],"character_chosen":"WATCHER","items_purchased":["LessonLearned","Shuriken","Swift Potion","Fire Potion"],"campfire_rested":2,"item_purchase_floors":[19,41,53,53],"current_hp_per_floor":[72,72,69,69,69,44,44,37,37,37,37,37,37,37,37,21,72,72,72,72,72,72,72,48,48,48,34,34,34,34,34,55,41,72,72,72,30,27,27,48,48,45,45,45,45,45,43,43,43,20,72,72,72,34,0,0],"gold":43,"neow_bonus":"THREE_ENEMY_KILL","is_daily":false,"chose_seed":false,"campfire_upgraded":8,"win_rate":0.0,"timestamp":1612398511,"path_taken":["M","M","?","$","M","E","R","?","T","R","M","M","?","M","R","BOSS","M","$","M","?","?","R","M","R","T","M","R","M","$","M","R","BOSS","M","?","M","?","?","R","$","M","T","R","E","?","E","M","R","BOSS","R","$","E","BOSS"],"items_purchased_type":["Card","Relic","Potion","Potion"],"build_version":"2020-12-22","purchased_purges":4,"victory":false,"max_hp_per_floor":[72,72,72,72,72,72,72,72,72,72,72,72,72,72,72,72,72,72,72,72,72,72,72,72,72,72,72,72,72,72,72,72,72,72,72,72,72,72,72,72,72,72,72,72,72,72,72,72,72,72,72,72,72,72,72,72],"card_choices":[{"not_picked":["EmptyFist","MentalFortress"],"picked":"Consecrate","floor":1},{"not_picked":["WheelKick","EmptyBody","Pray"],"picked":"SKIP","floor":2},{"not_picked":["Fasting2","FollowUp"],"picked":"Wallop","floor":5},{"not_picked":["Protect","Perseverance"],"picked":"EmptyBody","floor":6},{"not_picked":["Meditate","CutThroughFate"],"picked":"Vengeance","floor":11},{"not_picked":["Crescendo","Collect","SashWhip"],"picked":"SKIP","floor":12},{"not_picked":["Judgement","Swivel","DeceiveReality"],"picked":"SKIP","floor":14},{"not_picked":["SashWhip","Evaluate"],"picked":"Halt","floor":18},{"not_picked":["InnerPeace","ThirdEye"],"picked":"Halt","floor":20},{"not_picked":["Evaluate","Perseverance"],"picked":"Halt","floor":24},{"not_picked":["FollowUp","Prostrate","FlyingSleeves+1"],"picked":"SKIP","floor":27},{"not_picked":["ClearTheMind+1","CutThroughFate","PathToVictory+1"],"picked":"SKIP","floor":29},{"not_picked":["SandsOfTime","ThirdEye","Evaluate"],"picked":"SKIP","floor":31},{"not_picked":["Swivel","BowlingBash","Evaluate+1"],"picked":"SKIP","floor":35},{"not_picked":["ClearTheMind+1","Fasting2+1","Protect"],"picked":"SKIP","floor":37},{"not_picked":["Wireheading+1","ForeignInfluence"],"picked":"EmptyFist+1","floor":38},{"not_picked":["BowlingBash","FollowUp+1"],"picked":"FlurryOfBlows","floor":39},{"not_picked":["Conclude+1","ThirdEye"],"picked":"FlurryOfBlows","floor":42},{"not_picked":["Vengeance+1","Vault"],"picked":"WreathOfFlame","floor":45},{"not_picked":["ThirdEye","FlurryOfBlows","CutThroughFate+1"],"picked":"SKIP","floor":47},{"not_picked":["Fasting2","Indignation+1","InnerPeace+1"],"picked":"SKIP","floor":48},{"not_picked":["JustLucky+1","Consecrate","Fasting2+1"],"picked":"SKIP","floor":54}],"player_experience":582818,"relics_obtained":[{"floor":6,"key":"Happy Flower"},{"floor":9,"key":"Akabeko"},{"floor":26,"key":"Smiling Mask"},{"floor":38,"key":"GoldenEye"},{"floor":43,"key":"Bottled Tornado"},{"floor":45,"key":"Bag of Preparation"},{"floor":47,"key":"Bottled Lightning"},{"floor":54,"key":"Whetstone"}],"event_choices":[{"damage_healed":0,"gold_gain":0,"player_choice":"Success","damage_taken":3,"relics_obtained":["Boot"],"max_hp_gain":0,"max_hp_loss":0,"event_name":"Scrap Ooze","floor":3,"gold_loss":0},{"cards_removed":["Defend_P"],"damage_healed":0,"gold_gain":0,"player_choice":"Card Removal","damage_taken":7,"max_hp_gain":0,"max_hp_loss":0,"event_name":"Golden Wing","floor":8,"gold_loss":0},{"cards_removed":["Defend_P"],"damage_healed":0,"gold_gain":0,"player_choice":"Forget","damage_taken":0,"max_hp_gain":0,"max_hp_loss":0,"event_name":"Living Wall","floor":13,"gold_loss":0},{"damage_healed":0,"gold_gain":0,"player_choice":"Bought 1 Potion","damage_taken":0,"max_hp_gain":0,"max_hp_loss":0,"event_name":"The Woman in Blue","floor":22,"gold_loss":0},{"damage_healed":0,"gold_gain":0,"player_choice":"Fight","damage_taken":0,"max_hp_gain":0,"max_hp_loss":0,"event_name":"MindBloom","floor":38,"gold_loss":0},{"cards_removed":["Halt"],"damage_healed":0,"gold_gain":0,"player_choice":"Removed Skill","damage_taken":0,"max_hp_gain":0,"max_hp_loss":0,"event_name":"Falling","floor":46,"gold_loss":0}],"is_beta":false,"boss_relics":[{"not_picked":["Calling Bell","VioletLotus"],"picked":"Astrolabe"},{"not_picked":["HolyWater","Black Star"],"picked":"Empty Cage"}],"items_purged_floors":[4,19,30,41],"is_endless":false,"potions_floor_spawned":[6,12,14,16,20,24,27,31,33,38,47,48],"killed_by":"The Heart","ascension_level":0}}