{"host":"u6f15rvcj4nca0wu","time":1612400864,"event":{"mods":["BaseMod","Bestiary","Colored Map","Highlight Path","Minty Spire (Améliorations d\u0027érgonomie)","Relic Stats"],"gold_per_floor":[111,111,123,140,152,152,166,199,199,199,223,223,237,44,44,139,139,155,173,25,44,63,63,94,94,121,136,147,19,32,42,42,141,141,151,166,177,177,31,31,31,31,82,96,96,130,148,168,168,168],"floor_reached":51,"language":"FRA","playtime":22451,"items_purged":["Strike_P","Strike_P"],"score":680,"play_id":"55271392-1464-4b1a-8f58-d8ceb78bd14c","local_time":"20210204020744","is_ascension_mode":false,"campfire_choices":[{"data":"BattleHymn","floor":6.0,"key":"SMITH"},{"data":"Sanctity","floor":10.0,"key":"SMITH"},{"data":"Collect","floor":12.0,"key":"SMITH"},{"data":"SashWhip","floor":15.0,"key":"SMITH"},{"data":"Eruption","floor":23.0,"key":"SMITH"},{"floor":25.0,"key":"REST"},{"floor":32.0,"key":"REST"},{"data":"Consecrate","floor":40.0,"key":"SMITH"},{"data":"MasterReality","floor":42.0,"key":"SMITH"},{"floor":45.0,"key":"REST"},{"floor":49,"key":"REST"}],"circlet_count":0,"master_deck":["Strike_P","Strike_P","Defend_P","Defend_P","Defend_P","Eruption+1","Vigilance","EmptyBody","Collect+1","BattleHymn+1","Sanctity+1","FollowUp","SashWhip+1","FlurryOfBlows","ThirdEye","ThirdEye","MasterReality+1","EmptyMind","FollowUp+1","CutThroughFate+1","JustLucky+1","CarveReality+1","CrushJoints+1","Halt+1","ClearTheMind","Nirvana","DeusExMachina","Evaluate+1","EmptyFist+1","Consecrate+1","Pain","Evaluate+1","WaveOfTheHand","FollowUp+1","DeceiveReality"],"relics":["PureWater","NeowsBlessing","Blood Vial","Kunai","Happy Flower","SacredBark","MealTicket","Ancient Tea Set","Cursed Key","Chemical X","Omamori","Mummified Hand"],"acts_visited":["TheBeyond"],"potions_floor_usage":[],"damage_taken":[{"damage":0.0,"enemies":"Small Slimes","floor":1.0,"turns":2.0},{"damage":0.0,"enemies":"Jaw Worm","floor":3.0,"turns":1.0},{"damage":0.0,"enemies":"Cultist","floor":4.0,"turns":2.0},{"damage":7.0,"enemies":"Lots of Slimes","floor":5.0,"turns":6.0},{"damage":5.0,"enemies":"Looter","floor":7.0,"turns":2.0},{"damage":10.0,"enemies":"Gremlin Nob","floor":8.0,"turns":4.0},{"damage":0.0,"enemies":"Exordium Thugs","floor":13.0,"turns":3.0},{"damage":15.0,"enemies":"The Guardian","floor":16.0,"turns":8.0},{"damage":4.0,"enemies":"2 Thieves","floor":18.0,"turns":3.0},{"damage":0.0,"enemies":"Spheric Guardian","floor":19.0,"turns":3.0},{"damage":9.0,"enemies":"Shelled Parasite and Fungi","floor":21.0,"turns":6.0},{"damage":19.0,"enemies":"Cultist and Chosen","floor":22.0,"turns":5.0},{"damage":25.0,"enemies":"Gremlin Leader","floor":24.0,"turns":5.0},{"damage":5.0,"enemies":"Centurion and Healer","floor":27.0,"turns":4.0},{"damage":3.0,"enemies":"Chosen and Byrds","floor":28.0,"turns":4.0},{"damage":21.0,"enemies":"Snake Plant","floor":30.0,"turns":3.0},{"damage":6.0,"enemies":"3 Cultists","floor":31.0,"turns":4.0},{"damage":29.0,"enemies":"Automaton","floor":33.0,"turns":8.0},{"damage":0.0,"enemies":"Orb Walker","floor":35.0,"turns":2.0},{"damage":9.0,"enemies":"3 Shapes","floor":36.0,"turns":5.0},{"damage":20.0,"enemies":"Maw","floor":37.0,"turns":7.0},{"damage":34.0,"enemies":"Jaw Worm Horde","floor":44.0,"turns":4.0},{"damage":26.0,"enemies":"Reptomancer","floor":46.0,"turns":5.0},{"damage":9.0,"enemies":"Transient","floor":47.0,"turns":5.0},{"damage":28,"enemies":"4 Shapes","floor":48,"turns":9},{"damage":41,"enemies":"Awakened One","floor":50,"turns":19}],"seed_played":"8717475113708281061","potions_obtained":[{"floor":3.0,"key":"Dexterity Potion"},{"floor":4.0,"key":"Dexterity Potion"},{"floor":7.0,"key":"Explosive Potion"},{"floor":8.0,"key":"StancePotion"},{"floor":13.0,"key":"AttackPotion"},{"floor":18.0,"key":"Dexterity Potion"},{"floor":27.0,"key":"PowerPotion"},{"floor":33.0,"key":"Energy Potion"},{"floor":37.0,"key":"Strength Potion"}],"is_trial":false,"path_per_floor":["M","?","M","M","M","R","M","E","T","R","T","R","M","$","R","B",null,"M","M","$","M","M","R","E","R","T","M","M","$","M","M","R","B",null,"M","M","M","?","$","R","$","R","T","M","R","E","M","M","R","B",null],"character_chosen":"WATCHER","items_purchased":["ThirdEye","FairyPotion","SteroidPotion","BlessingOfTheForge","LiquidBronze","Chemical X"],"campfire_rested":4,"item_purchase_floors":[14,14,20,29,29,39],"current_hp_per_floor":[72,72,72,72,65,65,60,50,50,50,50,50,52,52,52,39,72,68,70,70,63,46,46,23,44,44,41,40,55,36,32,53,26,72,72,63,45,45,60,60,72,72,72,38,59,35,28,2,23,31],"gold":168,"neow_bonus":"THREE_ENEMY_KILL","is_daily":false,"chose_seed":false,"campfire_upgraded":7,"win_rate":0.0,"timestamp":1612400864,"path_taken":["M","?","M","M","M","R","M","E","T","R","?","R","?","$","R","BOSS","M","M","?","M","M","R","E","R","T","M","M","$","M","M","R","BOSS","M","M","M","?","$","R","?","R","T","M","R","E","M","M","R","BOSS"],"items_purchased_type":["Card","Potion","Potion","Potion","Potion","Relic"],"build_version":"2020-12-13","purchased_purges":2,"victory":true,"max_hp_per_floor":[72,72,72,72,72,72,72,72,72,72,72,72,72,72,72,72,72,72,72,72,72,72,72,72,72,72,72,72,72,72,72,72,72,72,72,72,72,72,72,72,72,72,72,72,72,72,72,72,72,72],"relic_stats":{"Blood Vial":10,"Happy Flower":[19],"counters":[8,56],"Mummified Hand":[8],"MealTicket":27,"Kunai":[43],"Chemical X":[5],"Cursed Key":1,"obtain_stats":[{"Blood Vial":0,"NeowsBlessing":0,"Happy Flower":0,"Mummified Hand":46,"SacredBark":0,"MealTicket":0,"Omamori":43,"Kunai":0,"Chemical X":39,"PureWater":0,"Ancient Tea Set":0,"Cursed Key":34},{"Blood Vial":0,"NeowsBlessing":0,"Happy Flower":0,"Mummified Hand":5,"SacredBark":0,"MealTicket":0,"Omamori":3,"Kunai":0,"Chemical X":3,"PureWater":0,"Ancient Tea Set":0,"Cursed Key":0},{"Blood Vial":0,"NeowsBlessing":0,"Happy Flower":0,"Mummified Hand":23,"SacredBark":0,"MealTicket":0,"Omamori":14,"Kunai":0,"Chemical X":14,"PureWater":0,"Ancient Tea Set":0,"Cursed Key":0}]},"card_choices":[{"not_picked":["Study","Protect"],"picked":"EmptyBody","floor":1.0},{"not_picked":["ThirdEye","Pray"],"picked":"BattleHymn","floor":3.0},{"not_picked":["Worship","Collect"],"picked":"Sanctity","floor":4.0},{"not_picked":["EmptyBody","Halt"],"picked":"FollowUp","floor":5.0},{"not_picked":["SignatureMove","FlyingSleeves"],"picked":"SashWhip","floor":7.0},{"not_picked":["Ragnarok","Halt"],"picked":"FlurryOfBlows","floor":8.0},{"not_picked":["BattleHymn","Protect"],"picked":"ThirdEye","floor":13.0},{"not_picked":["Judgement","Establishment"],"picked":"MasterReality","floor":16.0},{"not_picked":["ThirdEye","Collect"],"picked":"EmptyMind","floor":18.0},{"not_picked":["Tantrum","Wallop"],"picked":"FollowUp+1","floor":19.0},{"not_picked":["Crescendo","FlurryOfBlows"],"picked":"CutThroughFate+1","floor":21.0},{"not_picked":["TalkToTheHand","Study"],"picked":"JustLucky+1","floor":22.0},{"not_picked":["JustLucky","WaveOfTheHand"],"picked":"CarveReality+1","floor":24.0},{"not_picked":["WindmillStrike+1","ReachHeaven"],"picked":"CrushJoints+1","floor":27.0},{"not_picked":["BattleHymn","Tantrum"],"picked":"Halt+1","floor":28.0},{"not_picked":["LikeWater","Omniscience"],"picked":"ClearTheMind","floor":30.0},{"not_picked":["Adaptation","EmptyBody"],"picked":"Nirvana","floor":31.0},{"not_picked":["LessonLearned","Omniscience"],"picked":"DeusExMachina","floor":33.0},{"not_picked":["FollowUp","SashWhip+1"],"picked":"Evaluate+1","floor":35.0},{"not_picked":["EmptyBody","Halt"],"picked":"EmptyFist+1","floor":36.0},{"not_picked":["BowlingBash","FlyingSleeves+1"],"picked":"Consecrate","floor":37.0},{"not_picked":["ClearTheMind","LikeWater"],"picked":"Evaluate+1","floor":44.0},{"not_picked":["Vault","Evaluate"],"picked":"WaveOfTheHand","floor":46.0},{"not_picked":["Adaptation+1","Sanctity"],"picked":"FollowUp+1","floor":47.0},{"not_picked":["ThirdEye+1","InnerPeace"],"picked":"DeceiveReality","floor":48}],"player_experience":162741,"relics_obtained":[{"floor":8.0,"key":"Blood Vial"},{"floor":9.0,"key":"Kunai"},{"floor":11.0,"key":"Happy Flower"},{"floor":24.0,"key":"MealTicket"},{"floor":26.0,"key":"Ancient Tea Set"},{"floor":43.0,"key":"Omamori"},{"floor":46.0,"key":"Mummified Hand"}],"event_choices":[{"damage_healed":0.0,"max_hp_gain":0.0,"max_hp_loss":0.0,"gold_gain":0.0,"cards_transformed":["Defend_P"],"event_name":"Living Wall","player_choice":"Change","floor":2.0,"gold_loss":0.0,"damage_taken":0.0,"cards_obtained":["Collect"]},{"damage_healed":0.0,"max_hp_gain":0.0,"max_hp_loss":0.0,"gold_gain":0.0,"event_name":"NoteForYourself","player_choice":"Ignored","floor":38.0,"gold_loss":0.0,"damage_taken":0.0}],"is_beta":false,"boss_relics":[{"not_picked":["Coffee Dripper","Sozu"],"picked":"SacredBark"},{"not_picked":["Snecko Eye","Runic Dome"],"picked":"Cursed Key"}],"items_purged_floors":[14,20],"is_endless":false,"potions_floor_spawned":[3,4,7,8,13,18,27,30,33,37],"ascension_level":0}}