{"host":"o9lehcdjc4u6j9un","time":1612464796,"event":{"mods":["BaseMod","Colored Map","Hermit","Minty Spire (QoL Compilation)","StSLib"],"gold_per_floor":[119,131,145,159,84,117,133,133,133,163,163,183,183,183,183,284,284,300,313,331,345,345,378,378,413,440,452,377,377,83,97,97,195,195,209,222,233,183,195,195,225,225,302,302,334,334,384,78,78,78,78,78,5,30,30,30],"floor_reached":55,"language":"ZHS","playtime":11446,"items_purged":["Defend_P","Strike_P","Strike_P","Shame"],"score":827,"play_id":"e25f4601-1303-43fd-b702-db8fa63748cd","local_time":"20210205025316","is_ascension_mode":false,"campfire_choices":[{"floor":11,"key":"REST"},{"data":"Eruption","floor":13,"key":"SMITH"},{"data":"Crescendo","floor":15,"key":"SMITH"},{"floor":24,"key":"REST"},{"data":"Adaptation","floor":32,"key":"SMITH"},{"data":"Ragnarok","floor":40,"key":"SMITH"},{"data":"LikeWater","floor":42,"key":"SMITH"},{"floor":44,"key":"REST"},{"floor":46,"key":"RECALL"},{"floor":49,"key":"REST"},{"data":"Perseverance","floor":52,"key":"SMITH"}],"circlet_count":0,"master_deck":["Defend_P+1","Defend_P","Vigilance","ClearTheMind+1","EmptyBody+1","ClearTheMind","Evaluate","Crescendo+1","Tantrum","BattleHymn+1","LikeWater+1","Ragnarok+1","LessonLearned+1","FlurryOfBlows","FlurryOfBlows+1","FollowUp+1","SignatureMove+1","FlurryOfBlows+1","Adaptation+1","FlurryOfBlows","Crescendo+1","EmptyFist","Parasite","Crescendo+1","Perseverance+1","FollowUp","ClearTheMind"],"relics":["PureWater","Centennial Puzzle","Ice Cream","Mango","Philosopher\u0027s Stone","GoldenEye","Lantern","Smiling Mask","Bag of Preparation","Cursed Key","Letter Opener","Bag of Marbles","Prayer Wheel","Strange Spoon","Orichalcum"],"acts_visited":["Exordium","TheCity","TheBeyond","TheEnding"],"potions_floor_usage":[7,7,23,33,33,33,45,47,55,55,55],"damage_taken":[{"damage":0,"enemies":"Small Slimes","floor":1,"turns":4},{"damage":0,"enemies":"2 Louse","floor":2,"turns":2},{"damage":0,"enemies":"Cultist","floor":3,"turns":3},{"damage":3,"enemies":"Large Slime","floor":4,"turns":8},{"damage":36,"enemies":"Lagavulin","floor":6,"turns":9},{"damage":5,"enemies":"3 Louse","floor":7,"turns":2},{"damage":11,"enemies":"Gremlin Nob","floor":10,"turns":3},{"damage":12,"enemies":"2 Fungi Beasts","floor":12,"turns":3},{"damage":26,"enemies":"Hexaghost","floor":16,"turns":7},{"damage":15,"enemies":"3 Byrds","floor":18,"turns":4},{"damage":13,"enemies":"Shell Parasite","floor":19,"turns":4},{"damage":34,"enemies":"Snake Plant","floor":20,"turns":5},{"damage":22,"enemies":"Centurion and Healer","floor":21,"turns":4},{"damage":18,"enemies":"Book of Stabbing","floor":23,"turns":4},{"damage":0,"enemies":"Gremlin Leader","floor":25,"turns":5},{"damage":0,"enemies":"3 Cultists","floor":27,"turns":4},{"damage":12,"enemies":"Snake Plant","floor":31,"turns":3},{"damage":30,"enemies":"Champ","floor":33,"turns":3},{"damage":0,"enemies":"3 Darklings","floor":35,"turns":3},{"damage":0,"enemies":"Orb Walker","floor":36,"turns":1},{"damage":11,"enemies":"Maw","floor":37,"turns":4},{"damage":7,"enemies":"Writhing Mass","floor":39,"turns":5},{"damage":26,"enemies":"Nemesis","floor":41,"turns":3},{"damage":21,"enemies":"Reptomancer","floor":45,"turns":3},{"damage":16,"enemies":"Mind Bloom Boss Battle","floor":47,"turns":3},{"damage":67,"enemies":"Time Eater","floor":50,"turns":5},{"damage":46,"enemies":"Shield and Spear","floor":54,"turns":4},{"damage":87,"enemies":"The Heart","floor":55,"turns":3}],"seed_played":"3549402497156395444","potions_obtained":[{"floor":4,"key":"Strength Potion"},{"floor":6,"key":"ColorlessPotion"},{"floor":16,"key":"Energy Potion"},{"floor":18,"key":"BlessingOfTheForge"},{"floor":20,"key":"FairyPotion"},{"floor":23,"key":"PowerPotion"},{"floor":31,"key":"LiquidBronze"},{"floor":33,"key":"FearPotion"},{"floor":35,"key":"LiquidBronze"},{"floor":39,"key":"CultistPotion"},{"floor":45,"key":"SkillPotion"},{"floor":47,"key":"SpeedPotion"}],"is_trial":false,"path_per_floor":["M","M","M","M","$","E","M","?","T","E","R","M","R","?","R","B",null,"M","M","M","M","?","E","R","E","T","M","?","?","$","M","R","B",null,"M","M","M","$","M","R","E","R","T","R","E","R","?","$","R","B",null,"R","$","E","B"],"character_chosen":"WATCHER","items_purchased":["Adaptation","FlurryOfBlows","Bag of Preparation","FairyPotion","Strange Spoon","LiquidBronze"],"campfire_rested":4,"item_purchase_floors":[30,30,30,48,48,53],"current_hp_per_floor":[79,79,79,76,76,40,35,28,28,31,58,46,46,46,46,20,93,78,65,31,9,9,18,45,45,45,45,45,76,76,64,64,34,93,93,93,82,82,75,75,49,49,49,76,55,55,39,39,66,27,93,93,93,47,0,0],"gold":30,"neow_bonus":"TEN_PERCENT_HP_BONUS","is_daily":false,"chose_seed":false,"campfire_upgraded":6,"win_rate":0.0,"timestamp":1612464796,"path_taken":["M","M","M","M","$","E","M","?","T","E","R","M","R","?","R","BOSS","M","M","M","M","?","E","R","E","T","M","?","?","$","M","R","BOSS","M","M","M","$","M","R","E","R","T","R","E","R","?","$","R","BOSS","R","$","E","BOSS"],"items_purchased_type":["Card","Card","Relic","Potion","Relic","Potion"],"build_version":"2020-12-22","purchased_purges":4,"victory":false,"max_hp_per_floor":[79,79,79,79,79,79,79,79,79,93,93,93,93,93,93,93,93,93,93,93,93,93,93,93,93,93,93,93,93,93,93,93,93,93,93,93,93,93,93,93,93,93,93,93,93,93,93,93,93,93,93,93,93,93,93,93],"card_choices":[{"not_picked":["FlyingSleeves","CarveReality"],"picked":"ClearTheMind","floor":1},{"not_picked":["WheelKick","Consecrate"],"picked":"EmptyBody","floor":2},{"not_picked":["Consecrate","ThirdEye"],"picked":"ClearTheMind","floor":3},{"not_picked":["Indignation","Protect"],"picked":"Evaluate","floor":4},{"not_picked":["Worship","BattleHymn"],"picked":"Crescendo","floor":6},{"not_picked":["Indignation","FlyingSleeves"],"picked":"Tantrum","floor":7},{"not_picked":["Crescendo","PathToVictory"],"picked":"BattleHymn","floor":10},{"not_picked":["InnerPeace","Conclude"],"picked":"LikeWater","floor":12},{"not_picked":["Judgement","Brilliance"],"picked":"LessonLearned","floor":16},{"not_picked":["Perseverance","BowlingBash"],"picked":"FlurryOfBlows","floor":18},{"not_picked":["ThirdEye","Consecrate+1"],"picked":"FlurryOfBlows+1","floor":19},{"not_picked":["SandsOfTime+1","Swivel"],"picked":"FollowUp+1","floor":20},{"not_picked":["Swivel","CrushJoints","FlyingSleeves"],"picked":"SKIP","floor":21},{"not_picked":["SashWhip","JustLucky"],"picked":"SignatureMove+1","floor":23},{"not_picked":["Ragnarok","Consecrate+1","DevaForm"],"picked":"SKIP","floor":25},{"not_picked":["PathToVictory","SandsOfTime"],"picked":"FlurryOfBlows+1","floor":27},{"not_picked":["JustLucky+1","Weave","CrushJoints"],"picked":"SKIP","floor":31},{"not_picked":["Protect","CutThroughFate"],"picked":"Crescendo+1","floor":35},{"not_picked":["Protect+1","Worship","ThirdEye"],"picked":"SKIP","floor":36},{"not_picked":["ThirdEye","Worship"],"picked":"EmptyFist","floor":37},{"not_picked":["WaveOfTheHand+1","ClearTheMind+1","Sanctity+1"],"picked":"SKIP","floor":39},{"not_picked":["Vengeance+1","SashWhip+1"],"picked":"Crescendo+1","floor":41},{"not_picked":["CutThroughFate","Vengeance+1"],"picked":"Perseverance","floor":45},{"not_picked":["EmptyBody","FlyingSleeves+1"],"picked":"FollowUp","floor":47},{"not_picked":["Evaluate","Consecrate+1"],"picked":"ClearTheMind","floor":54}],"player_experience":91514,"relics_obtained":[{"floor":6,"key":"Centennial Puzzle"},{"floor":9,"key":"Ice Cream"},{"floor":10,"key":"Mango"},{"floor":23,"key":"GoldenEye"},{"floor":25,"key":"Lantern"},{"floor":26,"key":"Smiling Mask"},{"floor":41,"key":"Letter Opener"},{"floor":45,"key":"Bag of Marbles"},{"floor":47,"key":"Prayer Wheel"},{"floor":54,"key":"Orichalcum"}],"event_choices":[{"cards_removed":["Defend_P"],"damage_healed":0,"gold_gain":0,"player_choice":"Card Removal","damage_taken":7,"max_hp_gain":0,"max_hp_loss":0,"event_name":"Golden Wing","floor":8,"gold_loss":0},{"damage_healed":0,"gold_gain":0,"cards_transformed":["Strike_P"],"player_choice":"Change","damage_taken":0,"max_hp_gain":0,"max_hp_loss":0,"event_name":"Living Wall","floor":14,"gold_loss":0,"cards_obtained":["Ragnarok"]},{"cards_removed":["Eruption"],"damage_healed":0,"gold_gain":0,"player_choice":"Elegance","damage_taken":0,"max_hp_gain":0,"max_hp_loss":0,"event_name":"Back to Basics","floor":22,"gold_loss":0},{"cards_removed":["Strike_P"],"damage_healed":0,"gold_gain":0,"player_choice":"Gave Gold","damage_taken":0,"max_hp_gain":0,"max_hp_loss":0,"event_name":"Beggar","floor":28,"gold_loss":75},{"damage_healed":31,"gold_gain":0,"player_choice":"Heal","damage_taken":0,"max_hp_gain":0,"max_hp_loss":0,"event_name":"The Library","floor":29,"gold_loss":0},{"damage_healed":0,"gold_gain":0,"player_choice":"Fight","damage_taken":0,"max_hp_gain":0,"max_hp_loss":0,"event_name":"MindBloom","floor":47,"gold_loss":0}],"is_beta":false,"boss_relics":[{"not_picked":["Calling Bell","Tiny House"],"picked":"Philosopher\u0027s Stone"},{"not_picked":["Runic Dome","Empty Cage"],"picked":"Cursed Key"}],"items_purged_floors":[5,30,38,48],"is_endless":false,"potions_floor_spawned":[4,6,16,18,20,23,31,33,35,39,45,47],"killed_by":"The Heart","ascension_level":0}}