{"host":"hs5g5f0q56ds4vmn","time":1612446577,"event":{"mods":["AchievementEnabler","BaseMod","DeckTracker","Highlight Path","Minty Spire (QoL Compilation)","SuperFastMode","everything is the same but u backflip on backflip"],"gold_per_floor":[13,31,44,61,75,75,94,19,19,33,61,61,79,97,97,97,97],"floor_reached":16,"language":"KOR","playtime":1333,"items_purged":["Defend_B"],"score":162,"play_id":"d14383e3-757b-4544-996d-6cb0452cfcc4","local_time":"20210204224937","is_ascension_mode":true,"campfire_choices":[{"data":"Go for the Eyes","floor":6.0,"key":"SMITH"},{"data":"Static Discharge","floor":12,"key":"SMITH"},{"data":"Auto Shields","floor":15,"key":"SMITH"}],"circlet_count":0,"master_deck":["AscendersBane","Strike_B","Strike_B","Strike_B","Defend_B","Defend_B","Zap","Dualcast","Stack","Machine Learning","Cold Snap","Auto Shields+1","Static Discharge+1","Coolheaded","Go for the Eyes+1","Seek","Cold Snap","Sweeping Beam","Hologram"],"relics":["Cracked Core","Mercury Hourglass","Akabeko"],"acts_visited":["Exordium"],"potions_floor_usage":[7,16],"damage_taken":[{"damage":6.0,"enemies":"Cultist","floor":1.0,"turns":3.0},{"damage":2.0,"enemies":"2 Louse","floor":2.0,"turns":3.0},{"damage":5.0,"enemies":"Jaw Worm","floor":3.0,"turns":4.0},{"damage":5.0,"enemies":"2 Fungi Beasts","floor":4.0,"turns":4.0},{"damage":0.0,"enemies":"Looter","floor":5.0,"turns":3.0},{"damage":0,"enemies":"3 Louse","floor":7,"turns":2},{"damage":15,"enemies":"Exordium Thugs","floor":10,"turns":4},{"damage":3,"enemies":"Lagavulin","floor":11,"turns":7},{"damage":0,"enemies":"2 Fungi Beasts","floor":13,"turns":3},{"damage":0,"enemies":"Large Slime","floor":14,"turns":5},{"damage":33,"enemies":"Slime Boss","floor":16,"turns":7}],"seed_played":"6045361816527452687","potions_obtained":[{"floor":2.0,"key":"Fire Potion"},{"floor":4.0,"key":"LiquidMemories"},{"floor":5.0,"key":"SteroidPotion"},{"floor":13,"key":"SmokeBomb"},{"floor":14,"key":"DuplicationPotion"}],"is_trial":false,"path_per_floor":["M","M","M","M","M","R","M","$","T","M","E","R","M","M","R","B"],"character_chosen":"DEFECT","items_purchased":[],"campfire_rested":0,"item_purchase_floors":[],"current_hp_per_floor":[62,60,55,50,50,50,50,50,50,35,32,32,32,32,32,0,0],"gold":97,"neow_bonus":"TRANSFORM_TWO_CARDS","is_daily":false,"chose_seed":false,"campfire_upgraded":3,"win_rate":0.0,"timestamp":1612446577,"path_taken":["M","M","M","M","M","R","M","$","T","M","E","R","M","M","R","BOSS"],"items_purchased_type":[],"build_version":"2020-12-22","purchased_purges":1,"victory":false,"max_hp_per_floor":[75,75,75,75,75,75,75,75,75,75,75,75,75,75,75,75,75],"card_choices":[{"not_picked":["Steam","Beam Cell"],"picked":"Cold Snap","floor":1.0},{"not_picked":["Compile Driver","Ball Lightning"],"picked":"Auto Shields","floor":2.0},{"not_picked":["Hello World","Leap"],"picked":"Static Discharge","floor":3.0},{"not_picked":["Gash","Steam"],"picked":"Coolheaded","floor":4.0},{"not_picked":["Ball Lightning","Streamline"],"picked":"Go for the Eyes","floor":5.0},{"not_picked":["Leap","Self Repair"],"picked":"Seek","floor":7},{"not_picked":["Conserve Battery","Stack","Leap"],"picked":"SKIP","floor":10},{"not_picked":["Force Field","Turbo"],"picked":"Cold Snap","floor":11},{"not_picked":["Ball Lightning","Gash"],"picked":"Sweeping Beam","floor":13},{"not_picked":["Go for the Eyes","Force Field"],"picked":"Hologram","floor":14}],"player_experience":573058,"relics_obtained":[{"floor":9,"key":"Mercury Hourglass"},{"floor":11,"key":"Akabeko"}],"event_choices":[],"is_beta":false,"boss_relics":[],"items_purged_floors":[8],"is_endless":false,"potions_floor_spawned":[2,4,5,13,14],"killed_by":"Slime Boss","ascension_level":10}}