{"host":"qksa0nge77ubun9a","time":1612481206,"event":{"mods":["AchievementEnabler","BaseMod","Colored Map","Colored Powertips","Googly Eyes","Highlight Path","Minty Spire (QoL Compilation)","Quick Restart","StSLib"],"gold_per_floor":[109,11,186,206,206,206,221,221,221,240,274,274,301,8,8,8,8],"floor_reached":16,"language":"ENG","playtime":971,"items_purged":["Defend_R","Regret"],"score":157,"play_id":"6a88e2a2-3c25-41df-a0f8-b4c6eeb21afb","local_time":"20210204152646","is_ascension_mode":true,"campfire_choices":[{"data":"Bash","floor":6.0,"key":"SMITH"},{"data":"Intimidate","floor":8.0,"key":"SMITH"},{"floor":15,"key":"REST"}],"circlet_count":0,"master_deck":["Strike_R","Strike_R","Strike_R","Strike_R","Strike_R","Defend_R","Defend_R","Defend_R","Bash+1","Clash","Iron Wave","Doubt","Intimidate+1","Ghostly Armor","Body Slam","Ghostly Armor+1","Pommel Strike","Entrench+1"],"relics":["Burning Blood","Bronze Scales","Potion Belt","Dream Catcher","Toxic Egg 2","Self Forming Clay","Happy Flower"],"acts_visited":["Exordium"],"potions_floor_usage":[16],"damage_taken":[{"damage":1.0,"enemies":"Cultist","floor":1.0,"turns":3.0},{"damage":4.0,"enemies":"2 Louse","floor":4.0,"turns":3.0},{"damage":7.0,"enemies":"Jaw Worm","floor":7.0,"turns":3.0},{"damage":22.0,"enemies":"Large Slime","floor":10.0,"turns":6.0},{"damage":26.0,"enemies":"3 Sentries","floor":11.0,"turns":11.0},{"damage":24,"enemies":"Gremlin Nob","floor":13,"turns":4},{"damage":45,"enemies":"Slime Boss","floor":16,"turns":9}],"seed_played":"-1476669373231447285","potions_obtained":[{"floor":1.0,"key":"Energy Potion"},{"floor":4.0,"key":"EssenceOfSteel"},{"floor":10.0,"key":"SkillPotion"}],"is_trial":false,"path_per_floor":["M","$","?","M","?","R","M","R","T","M","E","?","E","$","R","B"],"character_chosen":"IRONCLAD","items_purchased":["Iron Wave","Happy Flower","Energy Potion"],"campfire_rested":1,"item_purchase_floors":[2,14,14],"current_hp_per_floor":[77,77,77,79,79,79,78,78,78,62,42,34,16,16,40,0,0],"gold":8,"neow_bonus":"RANDOM_COMMON_RELIC","is_daily":false,"chose_seed":false,"campfire_upgraded":2,"win_rate":0.0,"timestamp":1612481206,"path_taken":["M","?","?","M","?","R","M","R","T","M","E","?","E","$","R","BOSS"],"items_purchased_type":["Card","Relic","Potion"],"build_version":"2020-12-22","purchased_purges":2,"victory":false,"max_hp_per_floor":[80,80,80,80,80,80,80,80,80,80,80,80,80,80,80,80,80],"card_choices":[{"not_picked":["Burning Pact","Flex"],"picked":"Clash","floor":1.0},{"not_picked":["Anger","Carnage"],"picked":"Intimidate","floor":4.0},{"not_picked":["Combust","Twin Strike"],"picked":"Ghostly Armor","floor":7.0},{"not_picked":["Iron Wave","Rupture"],"picked":"Body Slam","floor":10.0},{"not_picked":["Infernal Blade+1","Body Slam"],"picked":"Ghostly Armor+1","floor":11},{"not_picked":["Fiend Fire","Searing Blow"],"picked":"Pommel Strike","floor":13},{"not_picked":["Flex+1","True Grit+1"],"picked":"Entrench+1","floor":15}],"player_experience":1327271,"relics_obtained":[{"floor":9.0,"key":"Dream Catcher"},{"floor":11,"key":"Toxic Egg 2"},{"floor":13,"key":"Self Forming Clay"}],"event_choices":[{"damage_healed":0.0,"max_hp_gain":0.0,"max_hp_loss":0.0,"gold_gain":175.0,"event_name":"Liars Game","player_choice":"AGREE","floor":3.0,"gold_loss":0.0,"damage_taken":0.0,"cards_obtained":["Doubt"]},{"damage_healed":0.0,"max_hp_gain":0.0,"max_hp_loss":0.0,"gold_gain":0.0,"event_name":"Big Fish","player_choice":"Box","floor":5.0,"gold_loss":0.0,"damage_taken":0.0,"relics_obtained":["Potion Belt"],"cards_obtained":["Regret"]},{"damage_healed":0,"gold_gain":0,"player_choice":"Damaged","damage_taken":8,"max_hp_gain":0,"max_hp_loss":0,"event_name":"Wheel of Change","floor":12,"gold_loss":0}],"is_beta":false,"boss_relics":[],"items_purged_floors":[2,14],"is_endless":false,"potions_floor_spawned":[1,4,10],"killed_by":"Slime Boss","ascension_level":9}}