{"host":"6uq6591iqph6da66","time":1612450098,"event":{"mods":["ATMod(°¢èªMod)","Act Like it!","BaseMod","CapriCore","Highlight Path","Koishi","KomeijiMod","Lobotomy","LobotomyExtend","Marisa£¨ìFÓê¡¡Ä§ÀíÉ³£©","Minty Spire (QoL Compilation)","Quick Restart","Reimu£¨²©ÀöÁéÃÎ£©","RumiaBox-Â¶Ã×æ«µÄÉñÃØºÐ×Ó","StSLib","TestMod","The Alterego","The Immortal","WarShipGirlsR/Õ½½¢ÉÙÅ®R mod","Yakumo Yukari mod","Youmu£¨»êÆÇÑýÃÎ£©","noobMod","¡¾¹¦ÄÜMod¡¿»ìãçÖ®»·ÐÞ¸´²¹¶¡"],"gold_per_floor":[108,119,84,100,110,134,134,167,167,176,202,187,137,117,117,217,217,233,231,249,164,178,208,208,210,210,246,15,25,41,41,41,144,144,157,10,58,58,58,93,110,110,132,165,165,197,214,245,245,251],"floor_reached":51,"language":"ZHS","playtime":5453,"items_purged":[],"score":1628,"play_id":"6594ca4c-2ccd-4131-b858-828a4631b751","local_time":"20210204224818","is_ascension_mode":true,"campfire_choices":[{"floor":7.0,"key":"RECALL"},{"floor":15,"key":"REST"},{"floor":32,"key":"REST"},{"floor":42,"key":"REST"},{"floor":49,"key":"REST"}],"circlet_count":0,"master_deck":["Koishi:JumpScare","Koishi:FleetingPhantom","Koishi:FreudianInstinct","Koishi:YoukaiPolygraph","Koishi:TraumaticStroke","Koishi:Jaunt","Koishi:Ego","Koishi:SilentAndRestless","Koishi:MindStellarRelief","Koishi:MentalBreakdown","Koishi:ImGoingToCallYouNow","Koishi:HeartStoppingHorror","Koishi:RoseHell","Koishi:SubconsciousSweep","Koishi:GhostParty","Koishi:VengefulSpirit","Koishi:BramblyRoseGarden","Koishi:PhantomBarrier","Koishi:StrangeCloudFist+1","Koishi:UnconsciousUrges","Koishi:BloodcurdlingScream","Koishi:IdleWhim","Koishi:Untouchable","Koishi:FidgetySnatcher","Panache","Koishi:SprinkleStarAndHeart","Koishi:MindNumbingTerror","Necronomicurse","Koishi:HeartStoppingHorror","Koishi:Catatonia+1","Koishi:SilentAndRestless+1","Koishi:UnconsciousUprising+1","Koishi:Bloodlust","Koishi:LastRemote","Koishi:ReflexRadar","Koishi:EmbryosDream","Koishi:StingingMind+1"],"relics":["testmod-TestBox","ice","AT_ATBox","Fusion Hammer","testmod-Charity","LetterFromLob","Baka2","SumBook","PreservedInsect","Gremlin Horn","ShirouKen","testmod-DeterminationOfClimber","testmod-InfectionSource","AT_RedNoBalance","Tea:ReiMu","Bottled Flame","GodSword5","Necronomicon","Astrolabe","AT_SeraphEmbrace","testmod-EqualTreatment","AT_SilvercatRing","Bag of Preparation","testmod-BlackFramedGlasses","Mastiff:ReiMu","Ginger","GodSword1"],"acts_visited":["Exordium","TheCity","TheBeyond"],"potions_floor_usage":[20],"damage_taken":[{"damage":8.0,"enemies":"Jaw Worm","floor":1.0,"turns":5.0},{"damage":5.0,"enemies":"Small Slimes","floor":2.0,"turns":3.0},{"damage":13.0,"enemies":"Cultist","floor":4.0,"turns":4.0},{"damage":23.0,"enemies":"2 Fungi Beasts","floor":5.0,"turns":7.0},{"damage":26.0,"enemies":"Gremlin Nob","floor":6.0,"turns":5.0},{"damage":34.0,"enemies":"3 Sentries","floor":8.0,"turns":5.0},{"damage":16,"enemies":"Red Slaver","floor":10,"turns":2},{"damage":0,"enemies":"Lagavulin","floor":11,"turns":4},{"damage":31,"enemies":"Looter","floor":12,"turns":5},{"damage":132,"enemies":"The Guardian","floor":16,"turns":8},{"damage":5,"enemies":"3 Byrds","floor":18,"turns":3},{"damage":0,"enemies":"2 Thieves","floor":19,"turns":2},{"damage":6,"enemies":"Cultist and Chosen","floor":20,"turns":2},{"damage":6,"enemies":"Snecko","floor":22,"turns":2},{"damage":3,"enemies":"Book of Stabbing","floor":23,"turns":2},{"damage":0,"enemies":"Chosen and Byrds","floor":25,"turns":2},{"damage":0,"enemies":"Slavers","floor":27,"turns":2},{"damage":2,"enemies":"3 Cultists","floor":29,"turns":3},{"damage":0,"enemies":"Snake Plant","floor":30,"turns":1},{"damage":0,"enemies":"Champ","floor":33,"turns":4},{"damage":0,"enemies":"Orb Walker","floor":35,"turns":1},{"damage":0,"enemies":"2 Orb Walkers","floor":37,"turns":2},{"damage":47,"enemies":"Reptomancer","floor":40,"turns":3},{"damage":0,"enemies":"3 Darklings","floor":41,"turns":3},{"damage":0,"enemies":"Nemesis","floor":44,"turns":2},{"damage":1,"enemies":"Reptomancer","floor":46,"turns":1},{"damage":0,"enemies":"Sphere and 2 Shapes","floor":47,"turns":2},{"damage":0,"enemies":"Giant Head","floor":48,"turns":4},{"damage":9,"enemies":"Time Eater","floor":50,"turns":3},{"damage":34,"enemies":"Malkuth","floor":51,"turns":4},{"damage":14,"enemies":"Hod","floor":51,"turns":3},{"damage":17,"enemies":"Geburah","floor":51,"turns":10},{"damage":0,"enemies":"Binah","floor":51,"turns":9},{"damage":0,"enemies":"Angela","floor":51,"turns":3}],"seed_played":"4028212290416820857","potions_obtained":[{"floor":2.0,"key":"CalmPotion"},{"floor":6.0,"key":"DistilledChaos"},{"floor":11,"key":"Energy Potion"},{"floor":12,"key":"PanachePotion"},{"floor":14,"key":"MagicPotion:ReiMu"},{"floor":22,"key":"GamblersBrew"},{"floor":25,"key":"Regen Potion"},{"floor":29,"key":"ColorlessPotion"},{"floor":41,"key":"AttackPotion"}],"is_trial":false,"path_per_floor":["M","M","$","M","M","E","R","E","T","M","E","M","?","?","R","B",null,"M","M","M","?","M","E","?","M","T","E","$","M","M","?","R","B",null,"M","$","?","$","?","E","M","R","T","E","$","E","M","E","R","B",null],"character_chosen":"KOISHI","items_purchased":["Koishi:FreudianInstinct","Koishi:FidgetySnatcher","Panache","AT_ArchangelStaff"],"campfire_rested":4,"item_purchase_floors":[3,28,28,36],"current_hp_per_floor":[49,54,54,53,34,65,65,38,38,25,66,44,44,44,65,82,82,94,104,115,115,135,157,157,100,100,122,122,143,184,168,195,211,211,217,217,224,224,224,195,241,249,250,261,261,267,274,287,287,297],"gold":259,"neow_bonus":"BOSS_RELIC","is_daily":false,"chose_seed":false,"campfire_upgraded":0,"win_rate":0.0,"timestamp":1612450098,"path_taken":["M","M","$","M","M","E","R","E","T","M","E","M","?","?","R","BOSS","M","M","M","?","M","E","?","M","T","E","$","M","?","?","R","BOSS","M","$","?","$","?","E","M","R","T","E","?","E","M","E","R","BOSS"],"items_purchased_type":["Card","Card","Card","Relic"],"build_version":"2020-12-22","purchased_purges":0,"victory":true,"max_hp_per_floor":[61,62,62,63,64,65,65,69,69,70,71,72,72,72,72,82,82,100,120,128,128,137,157,157,163,163,174,174,185,195,195,195,211,211,217,217,224,224,224,234,249,249,250,261,261,267,274,287,287,300],"card_choices":[{"not_picked":["Koishi:UnansweredLove","Koishi:Prune"],"picked":"Koishi:JumpScare","floor":1.0},{"not_picked":["Koishi:ParalyzingFear","Koishi:PhantomBarrier"],"picked":"Koishi:FleetingPhantom","floor":2.0},{"not_picked":["Koishi:TraumaticStroke","Koishi:RacingHeart"],"picked":"Koishi:YoukaiPolygraph","floor":4.0},{"not_picked":["Koishi:VengefulSpirit","Koishi:MindNumbingTerror"],"picked":"Koishi:TraumaticStroke","floor":5.0},{"not_picked":["Koishi:PhantomStrike","Koishi:ParalyzingFear"],"picked":"Koishi:Jaunt","floor":6.0},{"not_picked":["Koishi:DreadfulBlow","Koishi:ReflexRadar"],"picked":"Koishi:SubconsciousSweep","floor":8.0},{"not_picked":["Koishi:GhostParty","Koishi:DreadfulBlow","Koishi:UnconsciousUprising"],"picked":"SKIP","floor":10},{"not_picked":["Koishi:DreadfulBlow","Koishi:UnconsciousUprising"],"picked":"Koishi:GhostParty","floor":10},{"not_picked":["Koishi:ImGoingToCallYouNow","Koishi:SubconsciousSweep"],"picked":"Koishi:VengefulSpirit","floor":11},{"not_picked":["Koishi:StingingMind","Koishi:SubconsciousSweep","Koishi:PhantomStrike"],"picked":"SKIP","floor":12},{"not_picked":["Koishi:PredatoryInstincts","Koishi:PhantomStrike","Koishi:RacingHeart"],"picked":"SKIP","floor":18},{"not_picked":["Koishi:StingingMind+1","Koishi:SubterraneanRose+1"],"picked":"Koishi:BramblyRoseGarden","floor":19},{"not_picked":["Koishi:PhantomStrike","Koishi:JumpScare"],"picked":"Koishi:PhantomBarrier","floor":20},{"not_picked":["Koishi:Prune","Koishi:RorschachInDanmaku"],"picked":"Koishi:StrangeCloudFist+1","floor":22},{"not_picked":["Koishi:UnansweredLove","Koishi:BramblyRoseGarden"],"picked":"Koishi:UnconsciousUrges","floor":23},{"not_picked":["Koishi:SpiritedAway+1","Koishi:CatchAndRose"],"picked":"Koishi:BloodcurdlingScream","floor":25},{"not_picked":["Koishi:Jaunt+1","Koishi:HeartfeltFancy"],"picked":"Koishi:IdleWhim","floor":25},{"not_picked":["Koishi:CatchAndRose+1","Koishi:FadingMemory","Koishi:UnconsciousUrges"],"picked":"SKIP","floor":25},{"not_picked":["Koishi:Jaunt","Koishi:Vanish+1","Koishi:SubterraneanRose"],"picked":"SKIP","floor":25},{"not_picked":["Koishi:HeartfeltFancy","Koishi:ReleaseOfTheId+1"],"picked":"Koishi:Untouchable","floor":27},{"not_picked":["Koishi:FadingMemory","Koishi:VengefulSpirit"],"picked":"Koishi:SprinkleStarAndHeart","floor":29},{"not_picked":["Koishi:SubterraneanRose","Koishi:BloodcurdlingScream+1"],"picked":"Koishi:MindNumbingTerror","floor":30},{"not_picked":["Koishi:GrowingPain","Koishi:MentalBreakdown"],"picked":"Koishi:HeartStoppingHorror","floor":33},{"not_picked":["Koishi:Prune+1","Koishi:FleetingPhantom+1","Koishi:PhantomStrike+1"],"picked":"SKIP","floor":35},{"not_picked":["Koishi:PredatoryInstincts+1","Koishi:EmbryosDream"],"picked":"Koishi:Bloodlust","floor":37},{"not_picked":["Koishi:UnansweredLove","Koishi:PhantomStrike+1"],"picked":"Koishi:LastRemote","floor":40},{"not_picked":["Koishi:StrangeCloudFist","Koishi:FidgetySnatcher+1"],"picked":"Koishi:ReflexRadar","floor":41},{"not_picked":["Koishi:PhantomStrike+1","Koishi:UnconsciousUprising","Koishi:FleetingPhantom+1"],"picked":"SKIP","floor":44},{"not_picked":["Koishi:SubterraneanRose","Koishi:Vanish"],"picked":"Koishi:EmbryosDream","floor":46},{"not_picked":["Koishi:IdleWhim+1","Koishi:ParalyzingFear"],"picked":"Koishi:StingingMind+1","floor":47},{"not_picked":["Koishi:MindNumbingTerror+1","Koishi:UnconsciousUprising","Koishi:GrowingPain"],"picked":"SKIP","floor":47},{"not_picked":["Koishi:DNAsFlaw","Koishi:TremblingHands","Koishi:PhilosophyOfTheDespised+1"],"picked":"SKIP","floor":47},{"not_picked":["Koishi:Bloodlust","Koishi:Vanish+1","Koishi:Jaunt"],"picked":"SKIP","floor":47},{"not_picked":["Koishi:GeneticsOfTheUnconscious","Koishi:SubconsciousSweep","Koishi:RacingHeart"],"picked":"SKIP","floor":48}],"player_experience":907628,"relics_obtained":[{"floor":1.0,"key":"LetterFromLob"},{"floor":1.0,"key":"Baka"},{"floor":2.0,"key":"Baka2"},{"floor":6.0,"key":"SumBook"},{"floor":8.0,"key":"PreservedInsect"},{"floor":11,"key":"Gremlin Horn"},{"floor":12,"key":"ShirouKen"},{"floor":23,"key":"AT_SilverBalance"},{"floor":26,"key":"Bottled Flame"},{"floor":27,"key":"GodSword5"},{"floor":31,"key":"Necronomicon"},{"floor":37,"key":"testmod-EqualTreatment"},{"floor":40,"key":"AT_SilvercatRing"},{"floor":43,"key":"Bag of Preparation"},{"floor":44,"key":"testmod-BlackFramedGlasses"},{"floor":44,"key":"Mastiff:ReiMu"},{"floor":46,"key":"Ginger"},{"floor":48,"key":"GodSword1"}],"event_choices":[{"cards_removed":["Koishi:FormlessExistence"],"damage_healed":0,"gold_gain":0,"player_choice":"Card Removal","damage_taken":0,"max_hp_gain":0,"max_hp_loss":0,"event_name":"The Cleric","floor":13,"gold_loss":50},{"damage_healed":0,"gold_gain":0,"player_choice":"Bought 1 Potion","damage_taken":0,"max_hp_gain":0,"max_hp_loss":0,"event_name":"The Woman in Blue","floor":14,"gold_loss":0},{"damage_healed":0,"gold_gain":0,"player_choice":"Obtained Relic","damage_taken":0,"relics_obtained":["testmod-InfectionSource"],"max_hp_gain":0,"max_hp_loss":0,"event_name":"Addict","floor":21,"gold_loss":85},{"damage_healed":0,"gold_gain":0,"player_choice":"Gave Potion","damage_taken":0,"relics_obtained":["Tea:ReiMu"],"max_hp_gain":0,"max_hp_loss":0,"event_name":"WeMeetAgain","floor":24,"gold_loss":0},{"damage_healed":0,"gold_gain":0,"player_choice":"Obtained Book","damage_taken":16,"max_hp_gain":0,"max_hp_loss":0,"event_name":"Cursed Tome","floor":31,"gold_loss":0},{"damage_healed":0,"gold_gain":0,"player_choice":"Fight","damage_taken":0,"max_hp_gain":0,"max_hp_loss":0,"event_name":"Mysterious Sphere","floor":37,"gold_loss":0}],"is_beta":false,"boss_relics":[{"not_picked":["SacredBark","Black Star"],"picked":"testmod-DeterminationOfClimber"},{"not_picked":["testmod-Recursion","testmod-EnergyCheck"],"picked":"Astrolabe"}],"items_purged_floors":[],"is_endless":false,"potions_floor_spawned":[2,6,11,12,22,25,29,33,40,41,46,47,48],"ascension_level":9}}