{"host":"mm0v83pkg2fvsdgl","time":1612408588,"event":{"mods":["2.2 Compatiblity","Alarm Clock","AlwaysNeverKeys","BaseMod","Beaked The Cultist","Bestiary","Better Altar","Better Match","Better Note","Better Sensory Stone","Better Silent Start","Better Third Choice","Clawfect","Displayed Cursed Tome","Energized Spire","Friendly Minions","Highlight Path","Ironclad Rager","Keyboard Shortcuts","Lotus Mark","Marisa????????","Marked Mod","Mimic Mod","Minty Spire (QoL Compilation)","Permanent Neow","Railgun Mod","Remove Card Discount Mod","Shade Mod","Somnambulant","Spicy Shops","StSLib","Swap Starting Deck Mod","The Construct","The Disciple","The Dragon Tamer","TheHeartMod","TheVacant","Transform Curses","Unceasing Turn Reminder","Wandering Minibosses"],"gold_per_floor":[113,8,8,19,31,31,61,54,85,85,117,127,127,127,127,248,248,258,8,8,825,846,890,102,102,171,270,306,581,581,581,581,581,581],"floor_reached":33,"language":"ENG","playtime":1797,"items_purged":["Defend_B","Injury","Defend_B","Defend_B","Defend_B","Shame"],"score":370,"play_id":"a4bf965f-131f-499b-a48b-6ae271043dab","local_time":"20210203221628","is_ascension_mode":true,"campfire_choices":[{"data":"Double Energy","floor":6,"key":"SMITH"},{"data":"Static Discharge","floor":10,"key":"SMITH"},{"data":"Self Repair","floor":15,"key":"SMITH"},{"data":"Panache","floor":25,"key":"SMITH"},{"data":"Echo Form","floor":32,"key":"SMITH"}],"circlet_count":0,"master_deck":["Gash","Gash","Gash","Gash","Gash","Coolheaded","Double Energy+1","Clawfect:ClawLightning","Static Discharge+1","Clawfect:ClawForTheEyes","Self Repair+1","Clawfect:ClawSnap","Leap","FTL","Conserve Battery","Apotheosis+1","Clawfect:ClawForOne","Hologram+1","Blizzard","Steam","Self Repair","Gash","Leap","White Noise","Enlightenment","Panache+1","Regret","Thunder Strike","Echo Form+1"],"relics":["Clawfect:DRClaw","Juzu Bracelet","Akabeko","Nunchaku","Golden Idol","Coffee Dripper","Sundial","wanderingMiniBosses:MasterThiefsPresence","Gambling Chip","Letter Opener","DataDisk"],"acts_visited":["Exordium","TheCity"],"potions_floor_usage":[8,16,16,21,22],"damage_taken":[{"damage":0,"enemies":"Small Slimes","floor":1,"turns":4},{"damage":7,"enemies":"2 Louse","floor":4,"turns":3},{"damage":4,"enemies":"Cultist","floor":5,"turns":3},{"damage":18,"enemies":"3 Sentries","floor":7,"turns":5},{"damage":25,"enemies":"3 Louse","floor":8,"turns":5},{"damage":2,"enemies":"Large Slime","floor":9,"turns":6},{"damage":11,"enemies":"Gremlin Nob","floor":11,"turns":4},{"damage":13,"enemies":"Large Slime","floor":12,"turns":5},{"damage":4,"enemies":"Hexaghost","floor":16,"turns":6},{"damage":14,"enemies":"Shell Parasite","floor":18,"turns":4},{"damage":12,"enemies":"3 Byrds","floor":21,"turns":6},{"damage":11,"enemies":"Snake Plant","floor":22,"turns":3},{"damage":12,"enemies":"Book of Stabbing","floor":23,"turns":3},{"damage":18,"enemies":"Slavers","floor":28,"turns":4},{"damage":28,"enemies":"Collector","floor":33,"turns":3}],"seed_played":"-8553706345873734270","potions_obtained":[{"floor":1,"key":"GamblersBrew"},{"floor":7,"key":"SpeedPotion"},{"floor":11,"key":"PotionOfCapacity"},{"floor":12,"key":"PowerPotion"},{"floor":16,"key":"Regen Potion"},{"floor":18,"key":"GamblersBrew"},{"floor":21,"key":"EssenceOfDarkness"}],"is_trial":false,"path_per_floor":["M","$","?","M","M","R","E","M","MIM","R","E","M","?","?","R","B",null,"M","$","?","M","M","E","$","R","T","?","E","?","?","?","R","B"],"character_chosen":"DEFECT","items_purchased":["Clawfect:ClawLightning","Static Discharge","Blizzard","Gash","Leap","White Noise","Enlightenment","Panache"],"campfire_rested":0,"item_purchase_floors":[2,2,19,24,24,24,24,24],"current_hp_per_floor":[75,75,75,68,64,64,46,28,33,33,29,23,23,23,23,39,75,61,61,61,74,73,61,61,61,61,61,43,43,43,28,28,0,0],"gold":581,"neow_bonus":"TRANSFORM_CARD","is_daily":false,"chose_seed":false,"campfire_upgraded":5,"win_rate":0.0,"timestamp":1612408588,"path_taken":["M","$","?","M","M","R","E","M","MIM","R","E","M","?","?","R","BOSS","M","$","?","M","M","E","$","R","T","?","E","?","?","?","R","BOSS"],"items_purchased_type":["Card","Card","Card","Card","Card","Card","Card","Card"],"build_version":"2020-12-22","purchased_purges":6,"victory":false,"max_hp_per_floor":[75,75,75,75,75,75,75,75,75,75,75,75,75,75,75,75,75,75,75,75,75,75,75,75,75,75,75,75,75,75,75,75,75,75],"card_choices":[{"not_picked":["Consume","Stack"],"picked":"Double Energy","floor":1},{"not_picked":["Chill","Hologram"],"picked":"Clawfect:ClawForTheEyes","floor":4},{"not_picked":["Storm","Blizzard","Heatsinks"],"picked":"SKIP","floor":5},{"not_picked":["Fusion","Clawfect:ClawpileDriver"],"picked":"Self Repair","floor":7},{"not_picked":["Steam","Sunder"],"picked":"Clawfect:ClawSnap","floor":8},{"not_picked":["Hologram","Aggregate"],"picked":"Leap","floor":9},{"not_picked":["Chaos","Clawfect:Clawrage"],"picked":"FTL","floor":11},{"not_picked":["Coolheaded","Capacitor"],"picked":"Conserve Battery","floor":12},{"not_picked":["Meteor Strike","Buffer"],"picked":"Clawfect:ClawForOne","floor":16},{"not_picked":["Clawfect:ClawingBeam+1","Redo"],"picked":"Hologram+1","floor":18},{"not_picked":["Static Discharge","Clawfect:ClawingBeam","Leap"],"picked":"SKIP","floor":21},{"not_picked":["Leap","Coolheaded"],"picked":"Steam","floor":22},{"not_picked":["Aggregate","Redo"],"picked":"Self Repair","floor":23},{"not_picked":["Stack","Lockon","Clawfect:ScrapingClaw"],"picked":"SKIP","floor":28}],"player_experience":651805,"relics_obtained":[{"floor":7,"key":"Juzu Bracelet"},{"floor":9,"key":"Akabeko"},{"floor":11,"key":"Nunchaku"},{"floor":21,"key":"wanderingMiniBosses:MasterThiefsPresence"},{"floor":23,"key":"Gambling Chip"},{"floor":26,"key":"Letter Opener"},{"floor":28,"key":"DataDisk"}],"event_choices":[{"damage_healed":0,"gold_gain":0,"player_choice":"Ignored","damage_taken":0,"max_hp_gain":0,"max_hp_loss":0,"event_name":"Golden Wing","floor":3,"gold_loss":0},{"damage_healed":0,"gold_gain":0,"player_choice":"Take Wound","damage_taken":0,"relics_obtained":["Golden Idol"],"max_hp_gain":0,"max_hp_loss":0,"event_name":"Golden Idol","floor":13,"gold_loss":0,"cards_obtained":["Injury"]},{"damage_healed":23,"gold_gain":0,"player_choice":"Embrace","damage_taken":0,"max_hp_gain":0,"max_hp_loss":75,"event_name":"betterThird:BetterShining","floor":14,"gold_loss":0},{"damage_healed":0,"gold_gain":0,"player_choice":"Stole Relic","damage_taken":0,"relics_obtained":["Sundial"],"max_hp_gain":0,"max_hp_loss":0,"event_name":"Addict","floor":20,"gold_loss":0,"cards_obtained":["Shame"]},{"damage_healed":0,"gold_gain":99,"player_choice":"Steal","damage_taken":0,"max_hp_gain":0,"max_hp_loss":0,"event_name":"betterThird:BetterNest","floor":27,"gold_loss":0},{"damage_healed":0,"gold_gain":275,"player_choice":"Desecrate","damage_taken":0,"max_hp_gain":0,"max_hp_loss":0,"event_name":"Golden Shrine","floor":29,"gold_loss":0,"cards_obtained":["Regret"]},{"damage_healed":0,"gold_gain":0,"player_choice":"Read","damage_taken":0,"max_hp_gain":0,"max_hp_loss":0,"event_name":"The Library","floor":30,"gold_loss":0,"cards_obtained":["Thunder Strike"]},{"damage_healed":0,"gold_gain":2,"player_choice":"2","damage_taken":0,"max_hp_gain":0,"max_hp_loss":15,"event_name":"betterStone:BetterStone","floor":31,"gold_loss":0}],"is_beta":false,"boss_relics":[{"not_picked":["Velvet Choker","Fusion Hammer"],"picked":"Coffee Dripper"}],"items_purged_floors":[19,19,19,19,19,24],"is_endless":false,"potions_floor_spawned":[1,7,11,12,16,18,21],"killed_by":"Collector","ascension_level":2}}