{"host":"3h5qf14xt40jhha0","time":1607760247,"event":{"mods":["AlwaysNeverKeys","BaseMod","Colored Powertips","Minty Spire (QoL Compilation)","Permanent Neow","Relic Stats","StSLib"],"gold_per_floor":[119,119,132,3,13,38,38,54,54,64,64,64],"floor_reached":11,"playtime":534,"items_purged":["Defend_R"],"score":150,"play_id":"040ca4a6-2170-46cf-969d-0ec3e7c95eba","local_time":"20201212030407","is_ascension_mode":true,"campfire_choices":[{"data":"Armaments","floor":7,"key":"SMITH"}],"circlet_count":0,"master_deck":["AscendersBane","Strike_R","Strike_R","Strike_R","Strike_R","Strike_R","Defend_R","Defend_R","Defend_R","Bash","Uppercut","Iron Wave","Armaments+1","Spot Weakness"],"relics":["Burning Blood","NeowsBlessing","FaceOfCleric","White Beast Statue","InkBottle"],"acts_visited":["Exordium"],"potions_floor_usage":[10,11,11],"damage_taken":[{"damage":0,"enemies":"Jaw Worm","floor":1,"turns":1},{"damage":0,"enemies":"Cultist","floor":3,"turns":1},{"damage":0,"enemies":"Small Slimes","floor":5,"turns":1},{"damage":44,"enemies":"Lagavulin","floor":6,"turns":9},{"damage":12,"enemies":"Looter","floor":8,"turns":3},{"damage":1,"enemies":"Large Slime","floor":10,"turns":6},{"damage":50,"enemies":"3 Sentries","floor":11,"turns":8}],"seed_played":"6779634738042468845","potions_obtained":[{"floor":6,"key":"Swift Potion"},{"floor":8,"key":"EssenceOfSteel"},{"floor":10,"key":"SkillPotion"}],"is_trial":false,"path_per_floor":["M","?","M","$","M","E","R","M","T","M","E"],"character_chosen":"IRONCLAD","items_purchased":["Iron Wave"],"campfire_rested":0,"item_purchase_floors":[4],"current_hp_per_floor":[74,74,76,76,77,40,40,35,35,41,0,0],"gold":64,"neow_bonus":"THREE_ENEMY_KILL","is_daily":false,"chose_seed":false,"campfire_upgraded":1,"win_rate":0.0,"timestamp":1607760247,"path_taken":["M","?","?","$","M","E","R","M","T","M","E"],"items_purchased_type":["Card"],"build_version":"2020-11-30","purchased_purges":1,"victory":false,"max_hp_per_floor":[75,75,76,76,77,78,78,79,79,80,80,80],"relic_stats":{"FaceOfCleric":5,"counters":[7,29],"obtain_stats":[{"NeowsBlessing":0,"FaceOfCleric":2,"Burning Blood":0,"White Beast Statue":6,"InkBottle":9},{"NeowsBlessing":0,"FaceOfCleric":1,"Burning Blood":0,"White Beast Statue":4,"InkBottle":5},{"NeowsBlessing":0,"FaceOfCleric":1,"Burning Blood":0,"White Beast Statue":12,"InkBottle":15}],"Burning Blood":25,"InkBottle":[3]},"card_choices":[{"not_picked":["Perfected Strike","Heavy Blade","Second Wind"],"picked":"SKIP","floor":1},{"not_picked":["True Grit","Pummel"],"picked":"Uppercut","floor":3},{"not_picked":["Sword Boomerang","Intimidate"],"picked":"Armaments","floor":5},{"not_picked":["Sentinel","True Grit","Warcry"],"picked":"SKIP","floor":6},{"not_picked":["Sword Boomerang","Second Wind"],"picked":"Spot Weakness","floor":8},{"not_picked":["Clash","Feel No Pain","Blood for Blood"],"picked":"SKIP","floor":10}],"player_experience":1228632,"relics_obtained":[{"floor":6,"key":"White Beast Statue"},{"floor":9,"key":"InkBottle"}],"event_choices":[{"damage_healed":0,"gold_gain":0,"player_choice":"Trade","damage_taken":0,"relics_obtained":["FaceOfCleric"],"max_hp_gain":0,"max_hp_loss":0,"event_name":"FaceTrader","floor":2,"gold_loss":0}],"is_beta":false,"boss_relics":[],"items_purged_floors":[4],"is_endless":false,"potions_floor_spawned":[6,8,10],"killed_by":"3 Sentries","ascension_level":20}}