{"host":"k6qwgpygxbgz06bg","time":1607773110,"event":{"mods":["BaseMod","Beaked The Cultist","Better Third Choice","BetterRewards","Colored Map","Friendly Minions","Marisa????????","Minty Spire (QoL Compilation)","Replay The Spire","StSLib","The Administrix","The Bug Knight","The Cursed","The Gatherer","The Mystic","The Witch"],"gold_per_floor":[116,116,41,53,69,69,79,79,79,103,103,127,151,151,151,275,275,291,30,30,53,105,105,140,140,167,167,167],"floor_reached":27,"playtime":712,"items_purged":["Strike_B","Strike_B"],"score":223,"play_id":"61501ac8-a782-436d-9981-824e7aa10764","local_time":"20201212123830","is_ascension_mode":false,"campfire_choices":[{"data":"Capacitor","floor":6,"key":"SMITH"},{"data":"Zap","floor":11,"key":"SMITH"},{"floor":15,"key":"REST"},{"data":"Creative AI","floor":23,"key":"SMITH"}],"circlet_count":0,"master_deck":["Strike_B","Defend_B","Defend_B","Defend_B","Defend_B","Zap+1","Dualcast","Capacitor+1","Reboot","Ball Lightning","Gash","All For One","Gash","Gash","Defragment","Creative AI+1","Hologram+1","Mirror Shield","Leap+1","Coolheaded"],"relics":["Cracked Core","NeowsBlessing","Golden Idol","Bronze Scales","Replay:Baseball","Replay:Bronze Core","Toy Ornithopter","Lantern"],"acts_visited":["Exordium","TheCity"],"potions_floor_usage":[16,16,24,27],"damage_taken":[{"damage":0,"enemies":"Cultist","floor":1,"turns":1},{"damage":0,"enemies":"2 Louse","floor":4,"turns":1},{"damage":0,"enemies":"Small Slimes","floor":5,"turns":1},{"damage":0,"enemies":"Looter","floor":7,"turns":3},{"damage":24,"enemies":"Exordium Thugs","floor":10,"turns":3},{"damage":12,"enemies":"Blue Slaver","floor":12,"turns":2},{"damage":8,"enemies":"Red Slaver","floor":13,"turns":2},{"damage":11,"enemies":"Slime Boss","floor":16,"turns":6},{"damage":33,"enemies":"Shell Parasite","floor":18,"turns":5},{"damage":5,"enemies":"Chosen","floor":21,"turns":3},{"damage":24,"enemies":"Gremlin Leader","floor":24,"turns":7},{"damage":11,"enemies":"Snake Plant","floor":27,"turns":1}],"seed_played":"-5996222395468383834","potions_obtained":[{"floor":1,"key":"ColorlessPotion"},{"floor":7,"key":"Dexterity Potion"},{"floor":12,"key":"DistilledChaos"}],"is_trial":false,"path_per_floor":["M","?","$","M","M","R","M","?","T","M","R","M","M","?","R","B",null,"M","$","?","M","T","R","E","?","T","M"],"character_chosen":"DEFECT","items_purchased":["Mirror Shield"],"campfire_rested":1,"item_purchase_floors":[19],"current_hp_per_floor":[75,75,75,75,75,75,75,57,57,33,33,21,13,10,32,21,75,42,42,42,37,37,37,18,6,6,0,0],"gold":167,"neow_bonus":"THREE_ENEMY_KILL","is_daily":false,"chose_seed":false,"campfire_upgraded":3,"win_rate":0.0,"timestamp":1607773110,"path_taken":["M","?","$","M","M","R","?","?","T","M","R","M","M","?","R","BOSS","M","$","?","M","?","R","E","?","T","?"],"items_purchased_type":["Card"],"build_version":"2020-11-30","purchased_purges":2,"victory":false,"max_hp_per_floor":[75,75,75,75,75,75,75,75,75,75,75,75,75,75,75,75,75,75,75,75,75,75,75,75,75,75,75,75],"card_choices":[{"not_picked":["Undo","ReplayTheSpireMod:System Scan"],"picked":"Capacitor","floor":1},{"not_picked":["Streamline","Go for the Eyes"],"picked":"Ball Lightning","floor":4},{"not_picked":["Redo","Sweeping Beam"],"picked":"Gash","floor":5},{"not_picked":["Force Field","Compile Driver"],"picked":"All For One","floor":7},{"not_picked":["Barrage","Sunder"],"picked":"Gash","floor":10},{"not_picked":["Leap","Sweeping Beam"],"picked":"Gash","floor":12},{"not_picked":["ReplayTheSpireMod:System Scan","Recycle"],"picked":"Defragment","floor":13},{"not_picked":["Fission","Electrodynamics"],"picked":"Creative AI","floor":16},{"not_picked":["Beam Cell","Stack"],"picked":"Hologram+1","floor":18},{"not_picked":["Consume","Melter"],"picked":"Leap+1","floor":21},{"not_picked":["Melter","Redo+1"],"picked":"Coolheaded","floor":24}],"player_experience":157858,"relics_obtained":[{"floor":9,"key":"Bronze Scales"},{"floor":22,"key":"Toy Ornithopter"},{"floor":24,"key":"Lantern"}],"event_choices":[{"damage_healed":0,"gold_gain":0,"cards_transformed":["Strike_B"],"player_choice":"Transformed","damage_taken":0,"max_hp_gain":0,"max_hp_loss":0,"event_name":"Transmorgrifier","floor":2,"gold_loss":0,"cards_obtained":["Reboot"]},{"damage_healed":0,"gold_gain":0,"player_choice":"Take Damage","damage_taken":18,"relics_obtained":["Golden Idol"],"max_hp_gain":0,"max_hp_loss":0,"event_name":"Golden Idol","floor":8,"gold_loss":0},{"damage_healed":0,"gold_gain":0,"player_choice":"Relic ","damage_taken":3,"max_hp_gain":0,"max_hp_loss":0,"event_name":"betterThird:BetterScrap","floor":14,"gold_loss":0,"cards_obtained":["Searing Blow"]},{"damage_healed":0,"gold_gain":0,"player_choice":"POTION ","damage_taken":12,"max_hp_gain":0,"max_hp_loss":0,"event_name":"Knowing Skull","floor":25,"potions_obtained":["FearPotion"],"gold_loss":0,"cards_obtained":[]}],"is_beta":false,"boss_relics":[{"not_picked":["FrozenCore","Astrolabe"],"picked":"Replay:Bronze Core"}],"items_purged_floors":[3,19],"is_endless":false,"potions_floor_spawned":[1,7,12],"killed_by":"Snake Plant","ascension_level":0}}