{"host":"cjhtzh7tp54jdfyv","time":1607816325,"event":{"mods":["BaseMod","Minty Spire (QoL Compilation)"],"gold_per_floor":[368,40,40,53,71,71,94,94,94,156,204,232,244,271,283,295,295],"floor_reached":16,"playtime":1204,"items_purged":[],"score":204,"play_id":"26523656-3fc1-4ee5-87e8-54dd3de04a7b","local_time":"20201212183845","is_ascension_mode":true,"campfire_choices":[{"floor":6,"key":"REST"},{"data":"Crippling Poison","floor":8,"key":"SMITH"},{"floor":13,"key":"REST"},{"data":"Glass Knife","floor":15,"key":"SMITH"}],"circlet_count":0,"master_deck":["AscendersBane","Strike_G","Strike_G","Strike_G","Strike_G","Strike_G","Defend_G","Defend_G","Defend_G","Defend_G","Defend_G","Survivor","Neutralize","Infinite Blades","Dagger Spray","Genetic Algorithm","Crippling Poison+1","Crescendo","Glass Knife+1","Blade Dance"],"relics":["Ring of the Snake","PrismaticShard","Bag of Preparation","Golden Idol","MawBank","Gremlin Horn"],"acts_visited":["Exordium"],"potions_floor_usage":[11,16],"damage_taken":[{"damage":14,"enemies":"Cultist","floor":1,"turns":7},{"damage":0,"enemies":"2 Louse","floor":4,"turns":5},{"damage":12,"enemies":"Jaw Worm","floor":5,"turns":5},{"damage":3,"enemies":"Blue Slaver","floor":7,"turns":6},{"damage":24,"enemies":"3 Sentries","floor":11,"turns":7},{"damage":1,"enemies":"2 Fungi Beasts","floor":12,"turns":3},{"damage":0,"enemies":"Large Slime","floor":14,"turns":5},{"damage":43,"enemies":"Hexaghost","floor":16,"turns":8}],"seed_played":"-2173190147497516776","potions_obtained":[{"floor":5,"key":"BlessingOfTheForge"},{"floor":11,"key":"SmokeBomb"},{"floor":12,"key":"FearPotion"}],"is_trial":false,"path_per_floor":["M","$","?","M","M","R","M","R","T","?","E","M","R","M","R","B"],"character_chosen":"THE_SILENT","items_purchased":["PrismaticShard","Bag of Preparation"],"campfire_rested":2,"item_purchase_floors":[2,2],"current_hp_per_floor":[30,30,30,30,18,36,33,33,33,33,9,8,26,26,26,0,0],"gold":295,"neow_bonus":"TWO_FIFTY_GOLD","is_daily":false,"chose_seed":false,"campfire_upgraded":2,"win_rate":0.0,"timestamp":1607816325,"path_taken":["M","$","?","M","M","R","M","R","T","?","E","?","R","M","R","BOSS"],"items_purchased_type":["Relic","Relic"],"build_version":"2020-11-30","purchased_purges":0,"victory":false,"max_hp_per_floor":[66,66,60,60,60,60,60,60,60,60,60,60,60,60,60,60,60],"card_choices":[{"not_picked":["Cloak And Dagger","Riddle With Holes"],"picked":"Infinite Blades","floor":1},{"not_picked":["Clothesline","Combust"],"picked":"Dagger Spray","floor":4},{"not_picked":["Dagger Throw","JustLucky"],"picked":"Genetic Algorithm","floor":5},{"not_picked":["Clash","CutThroughFate"],"picked":"Crippling Poison","floor":7},{"not_picked":["Backflip","Conclude"],"picked":"Crescendo","floor":11},{"not_picked":["Underhanded Strike","Blade Dance"],"picked":"Glass Knife","floor":12},{"not_picked":["FollowUp","CutThroughFate"],"picked":"Blade Dance","floor":14}],"player_experience":4187852,"relics_obtained":[{"floor":9,"key":"MawBank"},{"floor":11,"key":"Gremlin Horn"}],"event_choices":[{"damage_healed":0,"gold_gain":0,"player_choice":"Lose Max HP","damage_taken":0,"relics_obtained":["Golden Idol"],"max_hp_gain":0,"max_hp_loss":6,"event_name":"Golden Idol","floor":3,"gold_loss":0},{"damage_healed":0,"gold_gain":50,"player_choice":"Pray","damage_taken":0,"max_hp_gain":0,"max_hp_loss":0,"event_name":"Golden Shrine","floor":10,"gold_loss":0}],"is_beta":false,"boss_relics":[],"items_purged_floors":[],"is_endless":false,"potions_floor_spawned":[5,11,12],"killed_by":"Hexaghost","ascension_level":20}}