{"host":"9jbduwjxg0e72hbg","time":1607767430,"event":{"mods":["AchievementEnabler","Act Like it!","Aspiration","BaseMod","Better Match","Better Skull","Better Third Choice","BetterRewards","Conspire","Elementarium","Energized Spire","Gensokyo","GifTheSpireLib","Gold Saver","GungeonMod","Hallownest","Hubris","Infinite Spire","Jedi Mod","Marisa????????","Menagerie","Minty Spire (QoL Compilation)","Pale of the Ancients","Replay The Spire","SCP261 Mod","Shop Mod","Spicy Shops","StSLib","Stuff the Spire","The Animator","The Blue Laboratory","The Gatherer","Wandering Minibosses","vexMod"],"gold_per_floor":[279,279,279,30,57,100,140,356,381,121,158,158,158,217,217,329,429,457,498,498,523,523,570,603,647,698,733,745,795,795,827,827,963,963,995,1020,1049,471,0,44,44,87,114,114,146,146,0,18,18,40],"floor_reached":51,"playtime":5221,"items_purged":["animator:Defend","Pain"],"score":1095,"play_id":"de4d32e7-f1bb-4ed4-9784-c84a6cdc4051","local_time":"20201212020350","is_ascension_mode":true,"campfire_choices":[{"floor":12,"key":"REST"},{"floor":15,"key":"REST"},{"floor":32,"key":"REST"},{"data":"Menagerie:BeastSpirit","floor":49,"key":"SMITH"}],"circlet_count":0,"master_deck":["animator:Strike_Kancolle","animator:Defend_Kancolle","animator:Strike+1","animator:Defend+1","animator:Shimakaze+2","animator:Entoma+8","Menagerie:BeastSpirit+1","animator:Megumin+19","animator:Cocytus","animator:Darkness","animator:Ainz","animator:Albedo","animator:Hans","animator:YunYun","animator:Chris+1","infinitespire:UltimateForm","animator:Souei","animator:Demiurge","animator:Evileye","animator:GoblinSlayer","animator:Darkness","animator:UneriGinkaku","animator:Shalltear+1","animator:Demiurge","animator:Aqua","animator:Vesta"],"relics":["animator:LivingPicture","animator:TheMissingPiece","DemoMod:WhiteGuonStone","conspire:InfiniteJournal","Gensokyo:PortableGap","Singing Bowl","vexMod:Spyglass","animator:PurgingStone","StuffTheSpire:ForceGauntlet","Juzu Bracelet","Boot","DemoMod:MeatBun","Bag of Preparation","animator:Buoy","Replay:Grab Bag","ChewingGum","Replay:Wanted Poster","SacredBark","animator:RacePiece","Replay:Bottled Flurry","hubris:CrystalStatue","hubris:Towel","DemoMod:PartiallyEatenCheese","vexMod:MemoryStick","Oddly Smooth Stone","Matryoshka","Elementarium:GolemsHeart","Elementarium:ElementariumTrophy","animator:HolyGrailRelic","wanderingMiniBosses:CarrionFlame","animator:WornHelmet","Happy Flower","jedi:cryingmask","Elementarium:GoldenMirage","hubris:TenFootPole","Replay:Ringing Soul","Replay:Wax Seal","Whetstone","Frozen Eye"],"acts_visited":["Exordium","Menagerie:Menagerie","TheBeyond"],"potions_floor_usage":[7,16,21,25,28,31,33,33,45,45,50],"damage_taken":[{"damage":1,"enemies":"Menagerie:StygianBoar","floor":1,"turns":5},{"damage":0,"enemies":"Menagerie:2_RABBITS","floor":5,"turns":5},{"damage":10,"enemies":"Menagerie:VoidReaper","floor":6,"turns":7},{"damage":0,"enemies":"Menagerie:Hydra","floor":7,"turns":4},{"damage":11,"enemies":"Menagerie:VoidReaper","floor":11,"turns":6},{"damage":15,"enemies":"conspire:MimicChest","floor":14,"turns":11},{"damage":8,"enemies":"Menagerie:Chimera","floor":16,"turns":9},{"damage":4,"enemies":"Elementarium:VoidCorruption","floor":18,"turns":5},{"damage":28,"enemies":"Elementarium:MUD_AND_TAR_GOLEMS","floor":19,"turns":6},{"damage":0,"enemies":"Elementarium:MUD_AND_TAR_GOLEMS","floor":21,"turns":3},{"damage":4,"enemies":"Elementarium:ElementalPortal","floor":23,"turns":6},{"damage":0,"enemies":"Elementarium:VOID_CORRUPTION_AND_ORB_OF_FIRE","floor":24,"turns":4},{"damage":0,"enemies":"Elementarium:FIRE_NOBILITY","floor":25,"turns":4},{"damage":0,"enemies":"Elementarium:WarGolem","floor":27,"turns":2},{"damage":0,"enemies":"Elementarium:RubyGolem","floor":28,"turns":1},{"damage":12,"enemies":"Elementarium:Hydrostalker","floor":31,"turns":5},{"damage":1,"enemies":"Elementarium:GolemEmperor","floor":33,"turns":7},{"damage":15,"enemies":"3 Shapes","floor":35,"turns":6},{"damage":5,"enemies":"Orb Walker","floor":37,"turns":3},{"damage":19,"enemies":"Reptomancer","floor":40,"turns":4},{"damage":11,"enemies":"Nemesis","floor":42,"turns":2},{"damage":0,"enemies":"Transient","floor":45,"turns":5},{"damage":0,"enemies":"Jaw Worm Horde","floor":48,"turns":1},{"damage":53,"enemies":"Time Eater","floor":50,"turns":10}],"seed_played":"1928297937807653899","potions_obtained":[{"floor":11,"key":"blueLaboratory:BottleOfRum"},{"floor":16,"key":"SpeedPotion"},{"floor":21,"key":"Explosive Potion"},{"floor":23,"key":"blueLaboratory:PyrophylliteBrew"},{"floor":27,"key":"Explosive Potion"},{"floor":28,"key":"DemoMod:LeadSkinPotion"},{"floor":35,"key":"Explosive Potion"},{"floor":42,"key":"Swift Potion"},{"floor":45,"key":"Milkshake"},{"floor":48,"key":"Fire Potion"}],"is_trial":false,"path_per_floor":["M","?","?","$","M","E","E","?","T","$","E","R","?","?","R","B",null,"M","?","AVR","M","?","E","M","E","T","E","M","?","?","M","R","B",null,"M","T","M","$","?","E","AVR","E","T","?","M","?","$","M","R","B",null],"character_chosen":"THE_ANIMATOR","items_purchased":["hubris:CrystalStatue","DemoMod:MeatBun","animator:Darkness","animator:UneriGinkaku","animator:Shalltear+1","animator:Demiurge","jedi:cryingmask","Frozen Eye"],"campfire_rested":3,"item_purchase_floors":[4,10,10,38,38,38,38,47],"current_hp_per_floor":[65,63,60,60,61,51,53,3,3,17,6,21,21,8,23,17,55,51,27,27,29,29,27,29,29,29,29,31,31,31,21,39,40,73,62,62,61,61,61,44,44,38,38,69,65,62,62,67,67,16],"gold":40,"neow_bonus":"RANDOM_COMMON_RELIC","is_daily":false,"chose_seed":false,"campfire_upgraded":1,"win_rate":0.0,"timestamp":1607767430,"path_taken":["M","?","?","$","M","E","E","?","T","?","E","R","?","?","R","BOSS","M","?","AVR","M","?","E","M","E","T","E","M","?","?","M","R","BOSS","M","?","?","$","?","E","AVR","E","T","?","?","?","?","M","R","BOSS"],"items_purchased_type":["Relic","Relic","Card","Card","Card","Card","Relic","Relic"],"build_version":"2020-11-30","purchased_purges":2,"victory":true,"max_hp_per_floor":[66,63,60,60,61,58,57,57,54,51,51,51,51,53,53,55,55,55,59,59,58,58,60,62,62,59,59,61,61,61,63,63,65,73,77,77,78,78,78,77,74,79,79,69,65,62,62,67,67,69],"card_choices":[{"not_picked":["animator:DolaSchwi","animator:Spearman"],"picked":"animator:Entoma","floor":1},{"not_picked":["animator:Kazuma","animator:DolaRiku","animator:Verdia"],"picked":"Singing Bowl","floor":5},{"not_picked":["animator:DwarfShaman","animator:Togame"],"picked":"animator:Megumin","floor":6},{"not_picked":["animator:Shalltear","animator:NarberalGamma"],"picked":"animator:Cocytus","floor":7},{"not_picked":["animator:Vanir","animator:Verdia"],"picked":"animator:Ainz","floor":11},{"not_picked":["animator:Sebas","animator:Melzalgald","animator:MetalKnight"],"picked":"Singing Bowl","floor":14},{"not_picked":["animator:Rimuru","animator:SwordMaiden"],"picked":"animator:Albedo","floor":16},{"not_picked":["animator:Geryuganshoop","animator:Verdia"],"picked":"animator:Chris","floor":18},{"not_picked":["animator:DolaRiku+1","animator:GazelDwargon","animator:Souei"],"picked":"Singing Bowl","floor":19},{"not_picked":["animator:Vanir+1","animator:DolaRiku+1","animator:FielNirvalen"],"picked":"Singing Bowl","floor":21},{"not_picked":["animator:Shuna","animator:Megumin"],"picked":"animator:Souei","floor":23},{"not_picked":["animator:Millim","animator:HighElfArcher+1","animator:Chris"],"picked":"Singing Bowl","floor":24},{"not_picked":["animator:Darkness","animator:DwarfShaman+1"],"picked":"animator:Demiurge","floor":25},{"not_picked":["animator:DolaRiku","animator:MetalKnight"],"picked":"animator:Evileye","floor":27},{"not_picked":["animator:Chris","animator:Entoma","animator:UneriGinkaku"],"picked":"Singing Bowl","floor":28},{"not_picked":["animator:HighElfArcher+1","animator:DwarfShaman","animator:ChlammyZell"],"picked":"Singing Bowl","floor":31},{"not_picked":["animator:Sora","animator:Saitama"],"picked":"animator:GoblinSlayer","floor":33},{"not_picked":["animator:DolaCouronne","animator:ChlammyZell"],"picked":"animator:Darkness","floor":35},{"not_picked":["animator:Benimaru+1","animator:Cocytus","animator:DolaCouronne"],"picked":"Singing Bowl","floor":37},{"not_picked":["animator:Millim","animator:Cocytus"],"picked":"animator:Megumin","floor":40},{"not_picked":["animator:Darkness+1","animator:Azekura"],"picked":"animator:Aqua","floor":42},{"not_picked":["animator:Souei","animator:DolaRiku+1","animator:Kaijin"],"picked":"Singing Bowl","floor":45},{"not_picked":["animator:Cocytus","animator:Entoma+1"],"picked":"animator:Vesta","floor":48}],"player_experience":774389,"relics_obtained":[{"floor":6,"key":"StuffTheSpire:ForceGauntlet"},{"floor":7,"key":"Juzu Bracelet"},{"floor":9,"key":"Boot"},{"floor":11,"key":"Bag of Preparation"},{"floor":14,"key":"animator:Buoy"},{"floor":19,"key":"Replay:Bottled Flurry"},{"floor":23,"key":"DemoMod:PartiallyEatenCheese"},{"floor":25,"key":"vexMod:MemoryStick"},{"floor":26,"key":"Oddly Smooth Stone"},{"floor":27,"key":"Matryoshka"},{"floor":35,"key":"wanderingMiniBosses:CarrionFlame"},{"floor":36,"key":"animator:WornHelmet"},{"floor":36,"key":"Happy Flower"},{"floor":40,"key":"hubris:TenFootPole"},{"floor":42,"key":"Replay:Ringing Soul"},{"floor":43,"key":"Replay:Wax Seal"},{"floor":43,"key":"Whetstone"}],"event_choices":[{"damage_healed":0,"gold_gain":0,"player_choice":"Leave","damage_taken":0,"max_hp_gain":0,"max_hp_loss":0,"event_name":"conspire:Investor","floor":2,"gold_loss":0},{"damage_healed":0,"gold_gain":0,"player_choice":"Knelt","damage_taken":0,"max_hp_gain":0,"max_hp_loss":3,"event_name":"Menagerie:BeastSpiritShrine","floor":3,"gold_loss":0,"cards_obtained":["Menagerie:BeastSpirit"]},{"damage_healed":0,"gold_gain":216,"player_choice":"UP UP GO GO UP ","damage_taken":58,"relics_obtained":[],"max_hp_gain":0,"max_hp_loss":0,"event_name":"betterSkull:BetterSkull","floor":8,"gold_loss":0,"cards_upgraded":["animator:Defend","animator:Shimakaze","animator:Strike"]},{"damage_healed":0,"gold_gain":0,"player_choice":"Ignored","damage_taken":0,"max_hp_gain":0,"max_hp_loss":0,"event_name":"Menagerie:SpiderNest","floor":13,"gold_loss":0},{"damage_healed":0,"gold_gain":50,"player_choice":"Take","damage_taken":0,"max_hp_gain":0,"max_hp_loss":0,"event_name":"Elementarium:StickySituation","floor":29,"gold_loss":0},{"damage_healed":0,"gold_gain":0,"player_choice":"Chest","damage_taken":0,"relics_obtained":["Elementarium:GolemsHeart"],"max_hp_gain":0,"max_hp_loss":0,"event_name":"Elementarium:AbandonedFactory","floor":30,"gold_loss":0,"cards_obtained":["Pain"]},{"damage_healed":0,"gold_gain":0,"player_choice":"Offer","damage_taken":0,"relics_obtained":["Elementarium:GoldenMirage"],"max_hp_gain":0,"max_hp_loss":0,"event_name":"Elementarium:ChestOfTheGoldenMirage","floor":39,"gold_loss":471},{"damage_healed":69,"gold_gain":0,"player_choice":"Heal","damage_taken":0,"max_hp_gain":0,"max_hp_loss":10,"event_name":"The Moai Head","floor":44,"gold_loss":0}],"is_beta":false,"boss_relics":[{"not_picked":["Cursed Key","Coffee Dripper"],"picked":"Replay:Grab Bag"},{"not_picked":["vexMod:DeviousBotling","vexMod:FluxCapacitor"],"picked":"ChewingGum"},{"not_picked":["Abe\u0027s Treasure","energizedSpire:EnergizedDie"],"picked":"Replay:Wanted Poster"},{"not_picked":["animator:CursedBlade","StuffTheSpire:RunicHypercube"],"picked":"SacredBark"},{"not_picked":["aspiration:SecretTechniqueScroll","hubris:Stopwatch"],"picked":"animator:RacePiece"},{"not_picked":["hubris:VirtuousBlindfold","hubris:CrackedHourglass"],"picked":"animator:HolyGrailRelic"}],"items_purged_floors":[38,38],"is_endless":false,"potions_floor_spawned":[11,16,21,23,27,28,35,42,45,48],"ascension_level":3}}