{"host":"9544bpadt41uu5ar","time":1607785636,"event":{"mods":["Act Like it!","Aspiration","BaseMod","Conspire","Gensokyo","Hallownest","Highlight Path","KinomotoSakuraMod(木之本樱)","KomeijiMod","Luminous","Marisa（F雨　魔理沙）","Minty Spire (QoL Compilation)","Reimu（博丽灵梦）","Remilia_Scarlet Moed（蕾米莉亚・斯卡雷特）3.3.5","Remilia（蕾米莉亚）","Replay The Spire","StSLib","The Bug Knight","The Gatherer","The Hierophant","The Servant 0.9.4","WarShipGirlsR/战舰少女R mod","Youmu（魂魄妖梦）","Yuyuko","【东方二次创作】八云紫mod","【遗物卡牌】REMEMod"],"gold_per_floor":[115,115,115,135,160,160,187,198,221,146,146,158,158,158,158,260,260,280,280,83,101,115,145,145,195,195,189,189,189,198,198,198,276,276,293,2,15,15,34,69,80,107,107,107,163,78,93,109,109,207,207,207,12,71,71],"floor_reached":56,"playtime":4092,"items_purged":["rmod:strick","Decay","Poor:ReiMu","Decay"],"score":1295,"play_id":"ddee1120-16c2-4a98-8d61-047377c8b2da","local_time":"20201212230716","is_ascension_mode":false,"campfire_choices":[{"data":"rmod:fuelsupply","floor":6,"key":"SMITH"},{"data":"rmod:chargemoney","floor":15,"key":"SMITH"},{"data":"rmod:fuelsupply","floor":24,"key":"SMITH"},{"floor":32,"key":"DIG"},{"floor":44,"key":"RECALL"},{"floor":49,"key":"REST"},{"data":"rmod:expeditionaryescort","floor":52,"key":"SMITH"}],"circlet_count":0,"master_deck":["rmod:strick+1","rmod:strick","rmod:strick","rmod:defend+1","rmod:defend+1","rmod:defend+1","rmod:defend+1","rmod:basicallowance","rmod:maingunfire+1","hierophant:Batter","rmod:fuelsupply+1","rmod:chargemoney+1","rmod:guardianhero","rmod:diamondstrike","rmod:firesupport+1","rmod:supportaircraftcarrier","rmod:fuelsupply+1","rmod:supportaircraftcarrier","rmod:salvage+1","rmod:openingtorpedo+1","rmod:tearstotiara+1","rmod:highspeedmaneuver","rmod:fletcherpendant+1","Clumsy","rmod:fuelsupply+1","rmod:diaomin+1","Wraith","rmod:desperatesituation","Hallownest:skillKingdomsEdgeMap","rmod:victimresponsibility+1","rmod:goodsister+1","rmod:expeditionaryescort+1","Confused","rmod:ridicule"],"relics":["rmod:firstchargereward","REME_ComplimentaryCards","NeowsBlessing","Hallownest:DreamNailRelic","ReplayTheSpireMod:Lightbulb","Orichalcum","Black Star","The Courier","Sling","Replay:Bottled Flurry","Quantum Egg","Ring of Greed","Membership Card","MealTicket","ReplayTheSpireMod:Ring of Addiction","Potion Belt","SacredBark","Regal Pillow","Vajra","Replay:Bottled Eggs","Mercury Hourglass","Cursed Key","Calipers","Onion Ring","Hallownest:KingsIdolRelic","Ancient Tea Set","Ornamental Fan","Anchor","HollowMod:LifeEnderRelic","Gremlin Food","Gambling Chip","Whetstone","Toy Ornithopter","Pen Nib","CrazyTorch:ReiMu"],"acts_visited":["Hallownest:Greenpath","Hallownest:CityofTears","Hallownest:KingdomsEdge","TheEnding"],"potions_floor_usage":[22,23,27,31,35,40,45,45,55,55],"damage_taken":[{"damage":0,"enemies":"Hallownest:2_Baldur","floor":1,"turns":1},{"damage":0,"enemies":"Hallownest:monsterHuskGuard","floor":4,"turns":1},{"damage":0,"enemies":"Hallownest:eliteMossKnight","floor":7,"turns":1},{"damage":0,"enemies":"Hallownest:2_Tiktiks_and_1_Crawlid","floor":8,"turns":3},{"damage":2,"enemies":"Hallownest:Wandering_and_Horned","floor":12,"turns":4},{"damage":0,"enemies":"Hallownest:monsterAspidMother","floor":13,"turns":4},{"damage":45,"enemies":"Hallownest:BossHornet","floor":16,"turns":13},{"damage":4,"enemies":"Hallownest:3_Youths","floor":18,"turns":11},{"damage":3,"enemies":"Hallownest:Guard_and_Sentry","floor":21,"turns":6},{"damage":35,"enemies":"Hallownest:3_Mistakes","floor":22,"turns":10},{"damage":27,"enemies":"Hallownest:eliteSoulWarrior","floor":23,"turns":9},{"damage":9,"enemies":"Hallownest:Master_and_Novice","floor":27,"turns":5},{"damage":7,"enemies":"Hallownest:Nosk","floor":30,"turns":6},{"damage":0,"enemies":"Hallownest:monsterMisterMushroom","floor":31,"turns":7},{"damage":6,"enemies":"Hallownest:BossSoulMaster","floor":33,"turns":9},{"damage":19,"enemies":"Hallownest:2_Littles","floor":35,"turns":3},{"damage":16,"enemies":"Hallownest:3_Siblings","floor":37,"turns":5},{"damage":0,"enemies":"Hallownest:2_Great","floor":39,"turns":3},{"damage":0,"enemies":"Hallownest:StalkingDevout","floor":40,"turns":4},{"damage":9,"enemies":"Hallownest:Slobbering_and_Violent","floor":41,"turns":6},{"damage":20,"enemies":"Hallownest:eliteHiveKnight","floor":42,"turns":5},{"damage":1,"enemies":"Hallownest:2_Primals","floor":45,"turns":5},{"damage":2,"enemies":"Hallownest:Shield_Sturdy","floor":47,"turns":5},{"damage":20,"enemies":"Hallownest:2_Wandering_and_1_Horned","floor":48,"turns":6},{"damage":12,"enemies":"Hallownest:BossHollowKnight","floor":50,"turns":11},{"damage":42,"enemies":"Shield and Spear","floor":54,"turns":8},{"damage":49,"enemies":"The Heart","floor":55,"turns":8}],"seed_played":"5791141402757935059","potions_obtained":[{"floor":1,"key":"conspire:TimeTravelPotion"},{"floor":4,"key":"Energy Potion"},{"floor":12,"key":"Fire Potion"},{"floor":22,"key":"Flashbang"},{"floor":25,"key":"Toxic Potion"},{"floor":25,"key":"RedTea"},{"floor":25,"key":"PowerPotion"},{"floor":27,"key":"Elixir"},{"floor":31,"key":"DuplicationPotion"},{"floor":35,"key":"LiquidMemories"},{"floor":40,"key":"Languid Potion"},{"floor":47,"key":"Doom Potion"},{"floor":50,"key":"FairyPotion"},{"floor":54,"key":"Block Potion"}],"is_trial":false,"path_per_floor":["M","?","?","M","T","R","E","M","T","$","?","M","M","?","R","B",null,"M","?","$","M","M","E","R","?","T","M","?","?","E","M","R","B",null,"M","$","M","?","M","E","M","E","T","R","?","?","M","M","R","B",null,"R","$","E","B",null],"character_chosen":"PRAEFECT","items_purchased":["Sling","Calipers","Onion Ring","Whetstone","Toy Ornithopter"],"campfire_rested":1,"item_purchase_floors":[20,36,36,53,53],"current_hp_per_floor":[75,75,75,75,75,75,75,75,75,75,66,64,64,73,73,28,84,80,80,80,77,42,29,29,29,29,20,84,84,77,77,77,71,82,61,76,60,60,60,60,51,31,31,31,30,30,28,8,45,33,74,72,72,30,33],"gold":71,"neow_bonus":"THREE_ENEMY_KILL","is_daily":false,"chose_seed":false,"campfire_upgraded":4,"win_rate":0.0,"timestamp":1607785636,"path_taken":["M","?","?","?","?","R","E","M","T","$","?","?","M","?","R","BOSS","M","?","$","M","M","E","R","?","T","?","?","?","E","M","R","BOSS","M","$","M","?","M","E","M","E","T","R","?","?","M","M","R","BOSS","R","$","E","BOSS"],"items_purchased_type":["Relic","Relic","Relic","Relic","Relic"],"build_version":"2020-11-30","purchased_purges":4,"victory":true,"max_hp_per_floor":[75,75,75,75,75,75,75,75,75,75,75,75,75,84,84,84,84,84,84,84,84,84,84,84,84,84,84,84,84,84,82,82,82,82,80,80,80,80,78,78,78,78,78,76,76,76,76,76,74,74,74,72,72,72,70],"card_choices":[{"not_picked":["rmod:unsinkable","rmod:wolves","rmod:intelligenceanalysis"],"picked":"SKIP","floor":1},{"not_picked":["rmod:tearstotiara","rmod:luckystar"],"picked":"rmod:fuelsupply","floor":4},{"not_picked":["rmod:unsinkable","rmod:diamondstrike"],"picked":"rmod:chargemoney","floor":7},{"not_picked":["rmod:ammunitionsupply","rmod:tearstotiara"],"picked":"rmod:guardianhero","floor":8},{"not_picked":["rmod:aluminumsupply","rmod:robin","rmod:tearstotiara"],"picked":"SKIP","floor":12},{"not_picked":["rmod:aluminumsupply","rmod:launchingtorpedo"],"picked":"rmod:diamondstrike","floor":13},{"not_picked":["rmod:abidefaith","rmod:u235"],"picked":"rmod:windflower","floor":16},{"not_picked":["rmod:aviationdawn","rmod:selfconfidence"],"picked":"rmod:firesupport+1","floor":18},{"not_picked":["rmod:luckystar","rmod:guardianhero","rmod:aviationdawn"],"picked":"SKIP","floor":21},{"not_picked":["rmod:generalist+1","rmod:diamondstrike+1"],"picked":"rmod:supportaircraftcarrier","floor":22},{"not_picked":["rmod:ammunitionsupply","rmod:circuitoustactics"],"picked":"rmod:fuelsupply","floor":23},{"not_picked":["rmod:victimresponsibility","rmod:supportescort+1"],"picked":"rmod:supportaircraftcarrier","floor":27},{"not_picked":["rmod:desperatesituation","rmod:sl"],"picked":"rmod:salvage","floor":29},{"not_picked":["rmod:intelligenceanalysis","rmod:tearstotiara"],"picked":"rmod:openingtorpedo+1","floor":29},{"not_picked":["rmod:unsinkable","rmod:robin","rmod:desperatesituation"],"picked":"SKIP","floor":30},{"not_picked":["rmod:intelligenceanalysis","rmod:rockthrower+1"],"picked":"rmod:tearstotiara+1","floor":31},{"not_picked":["rmod:u235","rmod:abidefaith"],"picked":"rmod:highspeedmaneuver","floor":33},{"not_picked":["rmod:wolves","rmod:unsinkable","rmod:victimresponsibility"],"picked":"SKIP","floor":35},{"not_picked":["rmod:salvage+1","rmod:circuitoustactics"],"picked":"rmod:fuelsupply+1","floor":37},{"not_picked":["rmod:victimresponsibility+1","rmod:robin"],"picked":"rmod:diaomin+1","floor":39},{"not_picked":["rmod:luckystar+1","rmod:victimresponsibility","rmod:supportescort"],"picked":"SKIP","floor":40},{"not_picked":["rmod:guardianhero+1","rmod:luckystar","rmod:aluminumsupply+1"],"picked":"SKIP","floor":41},{"not_picked":["rmod:bulid","rmod:circuitoustactics","rmod:tearstotiara"],"picked":"SKIP","floor":42},{"not_picked":["rmod:salvage","rmod:supportescort+1"],"picked":"rmod:desperatesituation","floor":45},{"not_picked":["rmod:circuitoustactics","rmod:goodfighter"],"picked":"rmod:victimresponsibility+1","floor":47},{"not_picked":["rmod:ammunitionsupply+1","rmod:unsinkable"],"picked":"rmod:goodsister+1","floor":48},{"not_picked":["rmod:abidefaith","rmod:seals"],"picked":"rmod:expeditionaryescort","floor":50},{"not_picked":["rmod:aviationdawn+1","rmod:tearstotiara+1"],"picked":"rmod:ridicule","floor":54}],"player_experience":60347,"relics_obtained":[{"floor":7,"key":"ReplayTheSpireMod:Lightbulb"},{"floor":9,"key":"Orichalcum"},{"floor":23,"key":"Replay:Bottled Flurry"},{"floor":23,"key":"Quantum Egg"},{"floor":25,"key":"Ring of Greed"},{"floor":25,"key":"Membership Card"},{"floor":25,"key":"MealTicket"},{"floor":25,"key":"ReplayTheSpireMod:Ring of Addiction"},{"floor":25,"key":"Potion Belt"},{"floor":25,"key":"SacredBark"},{"floor":26,"key":"Regal Pillow"},{"floor":30,"key":"Vajra"},{"floor":30,"key":"Replay:Bottled Eggs"},{"floor":32,"key":"Mercury Hourglass"},{"floor":40,"key":"Ancient Tea Set"},{"floor":40,"key":"Ornamental Fan"},{"floor":42,"key":"Anchor"},{"floor":42,"key":"HollowMod:LifeEnderRelic"},{"floor":43,"key":"Gremlin Food"},{"floor":45,"key":"Gambling Chip"},{"floor":54,"key":"Pen Nib"},{"floor":54,"key":"CrazyTorch:ReiMu"}],"event_choices":[],"is_beta":false,"boss_relics":[{"not_picked":["Philosopher\u0027s Stone","aspiration:IroncladSkillbook"],"picked":"Black Star"},{"not_picked":["Replay:Bronze Core","conspire:RoyalGoblet"],"picked":"Cursed Key"}],"items_purged_floors":[10,20,36,53],"is_endless":false,"potions_floor_spawned":[1,4,12,22,27,31,33,35,39,40,47,50,54],"ascension_level":0}}