{"host":"qxkw9ao6n5n9izmz","time":1607764082,"event":{"mods":["BaseMod","Bestiary","Minty Spire (QoL Compilation)","StSLib"],"gold_per_floor":[114,127,127,127,147,182,182,209,267,298,73,73,12,32,32,134,134,153,153,166,186,206,242,251,292,352,375,375,417,437,461,461,575,584,610,620,648,668,381,407,434,434,518,518,561,62,73,113,113,113,113,113,21,64,64],"floor_reached":56,"playtime":5328,"items_purged":["Doubt","Normality","Strike_R"],"score":1570,"play_id":"1cbbd7db-1913-46bc-a559-3363b15e8519","local_time":"20201212010802","is_ascension_mode":true,"campfire_choices":[{"data":"True Grit","floor":7.0,"key":"SMITH"},{"data":"True Grit","floor":15.0,"key":"SMITH"},{"floor":28.0,"key":"REST"},{"floor":32.0,"key":"REST"},{"floor":42.0,"key":"RECALL"},{"data":"Battle Trance","floor":44.0,"key":"SMITH"},{"data":"Demon Form","floor":49.0,"key":"SMITH"},{"data":"Corruption","floor":52.0,"key":"SMITH"}],"circlet_count":0,"master_deck":["Strike_R","Strike_R","Defend_R+1","Defend_R","Defend_R","Defend_R+1","Bash+1","Headbutt","Iron Wave","True Grit+1","Flame Barrier","Double Tap","Cleave+1","Battle Trance+1","Uppercut+1","True Grit+1","Demon Form+1","Seeing Red","Dropkick+1","Burning Pact+1","Seeing Red+1","Evolve","Impervious","Pommel Strike+1","Fiend Fire+1","Pummel+1","Shrug It Off","Corruption+1","CurseOfTheBell","True Grit+1","Clash+1","Warcry+1","Pummel+1","Heavy Blade+1","Reaper+1","Clothesline+1","Shrug It Off","Warcry","Limit Break"],"relics":["Black Star","The Courier","FossilizedHelix","Happy Flower","Molten Egg 2","MawBank","Vajra","Orichalcum","Bag of Preparation","Cursed Key","CeramicFish","MealTicket","Matryoshka","Bottled Lightning","Centennial Puzzle","Smiling Mask","StrikeDummy","Calling Bell","Blood Vial","Mercury Hourglass","Prayer Wheel","Shuriken","Art of War","Akabeko","Oddly Smooth Stone","Pear","Pen Nib","Eternal Feather","Gremlin Horn","PreservedInsect","War Paint","Lantern","Du-Vu Doll","Anchor","Letter Opener"],"acts_visited":["Exordium","TheCity","TheBeyond","TheEnding"],"potions_floor_usage":[55,55],"damage_taken":[{"damage":1.0,"enemies":"Cultist","floor":1.0,"turns":3.0},{"damage":0.0,"enemies":"Small Slimes","floor":2.0,"turns":3.0},{"damage":7.0,"enemies":"Jaw Worm","floor":5.0,"turns":3.0},{"damage":15.0,"enemies":"3 Sentries","floor":6.0,"turns":7.0},{"damage":11.0,"enemies":"Gremlin Nob","floor":8.0,"turns":4.0},{"damage":0.0,"enemies":"2 Fungi Beasts","floor":10.0,"turns":3.0},{"damage":0.0,"enemies":"Blue Slaver","floor":14.0,"turns":3.0},{"damage":0.0,"enemies":"Slime Boss","floor":16.0,"turns":7.0},{"damage":1.0,"enemies":"2 Thieves","floor":18.0,"turns":4.0},{"damage":0.0,"enemies":"Spheric Guardian","floor":20.0,"turns":4.0},{"damage":14.0,"enemies":"Cultist and Chosen","floor":21.0,"turns":7.0},{"damage":0.0,"enemies":"Centurion and Healer","floor":22.0,"turns":4.0},{"damage":27.0,"enemies":"Gremlin Leader","floor":23.0,"turns":5.0},{"damage":3.0,"enemies":"Book of Stabbing","floor":25.0,"turns":4.0},{"damage":24.0,"enemies":"Snake Plant","floor":27.0,"turns":4.0},{"damage":7.0,"enemies":"Slavers","floor":29.0,"turns":7.0},{"damage":0.0,"enemies":"Chosen and Byrds","floor":30.0,"turns":2.0},{"damage":0.0,"enemies":"Centurion and Healer","floor":31.0,"turns":4.0},{"damage":19.0,"enemies":"Automaton","floor":33.0,"turns":9.0},{"damage":0.0,"enemies":"Orb Walker","floor":35.0,"turns":3.0},{"damage":21.0,"enemies":"3 Darklings","floor":36.0,"turns":3.0},{"damage":3.0,"enemies":"4 Shapes","floor":37.0,"turns":6.0},{"damage":7.0,"enemies":"Writhing Mass","floor":38.0,"turns":7.0},{"damage":18.0,"enemies":"Giant Head","floor":40.0,"turns":7.0},{"damage":3.0,"enemies":"Transient","floor":41.0,"turns":5.0},{"damage":22.0,"enemies":"Reptomancer","floor":45.0,"turns":5.0},{"damage":20.0,"enemies":"4 Shapes","floor":47.0,"turns":10.0},{"damage":0.0,"enemies":"Giant Head","floor":48.0,"turns":7.0},{"damage":33.0,"enemies":"Donu and Deca","floor":50.0,"turns":6.0},{"damage":19.0,"enemies":"Shield and Spear","floor":54.0,"turns":5.0},{"damage":118,"enemies":"The Heart","floor":55,"turns":8}],"seed_played":"-6016450910278188893","potions_obtained":[{"floor":1.0,"key":"SneckoOil"},{"floor":10.0,"key":"Swift Potion"},{"floor":18.0,"key":"EssenceOfSteel"},{"floor":21.0,"key":"BlessingOfTheForge"},{"floor":23.0,"key":"EssenceOfSteel"},{"floor":30.0,"key":"SkillPotion"},{"floor":33.0,"key":"Fruit Juice"},{"floor":35.0,"key":"SkillPotion"},{"floor":36.0,"key":"Fire Potion"},{"floor":45.0,"key":"GamblersBrew"},{"floor":47.0,"key":"LiquidBronze"}],"is_trial":false,"path_per_floor":["M","M","T","?","M","E","R","E","T","M","$","?","$","M","R","B",null,"M","?","M","M","M","E","?","E","T","M","R","E","M","M","R","B",null,"M","M","M","M","$","E","M","R","T","R","E","$","M","E","R","B",null,"R","$","E","B",null],"character_chosen":"IRONCLAD","items_purchased":["Orichalcum","Bag of Preparation","Uppercut+1","Shuriken","Pummel+1","Gremlin Horn","PreservedInsect","War Paint","Shrug It Off","Warcry"],"campfire_rested":2,"item_purchase_floors":[11,11,13,39,39,46,46,46,53,53],"current_hp_per_floor":[79,79,79,63,56,41,41,30,30,30,30,30,30,30,30,30,80,79,73,73,59,59,32,32,29,29,5,29,22,22,22,46,27,80,85,64,63,58,73,57,56,56,66,66,46,61,53,55,76,83,95,95,95,95,9],"gold":64,"neow_bonus":"BOSS_RELIC","is_daily":false,"chose_seed":false,"campfire_upgraded":5,"win_rate":0.0,"timestamp":1607764082,"path_taken":["M","M","?","?","M","E","R","E","T","M","?","?","$","M","R","BOSS","M","?","?","?","M","E","?","E","T","M","R","E","M","M","R","BOSS","M","?","M","M","$","E","M","R","T","R","E","?","M","E","R","BOSS","R","$","E","BOSS"],"items_purchased_type":["Relic","Relic","Card","Relic","Card","Relic","Relic","Relic","Card","Card"],"build_version":"2020-11-30","purchased_purges":3,"victory":true,"max_hp_per_floor":[80,80,80,80,80,80,80,80,80,80,80,80,80,80,80,80,80,80,80,80,80,80,80,80,80,80,80,80,80,80,80,80,80,80,85,85,85,85,85,85,85,85,95,95,95,95,95,95,95,95,95,95,95,95,95],"card_choices":[{"not_picked":["Bloodletting","Heavy Blade"],"picked":"Headbutt","floor":1.0},{"not_picked":["Warcry","Dual Wield"],"picked":"Iron Wave","floor":2.0},{"not_picked":["Warcry","Perfected Strike"],"picked":"True Grit","floor":5.0},{"not_picked":["Sword Boomerang","Flex"],"picked":"Flame Barrier","floor":6.0},{"not_picked":["Searing Blow+1","Flex"],"picked":"Double Tap","floor":8.0},{"not_picked":["Pommel Strike+1","Iron Wave+1"],"picked":"Cleave+1","floor":10.0},{"not_picked":["Dropkick+1","Clash+1"],"picked":"True Grit","floor":14.0},{"not_picked":["Double Tap","Barricade"],"picked":"Demon Form","floor":16.0},{"not_picked":["Sword Boomerang+1","Uppercut+1","Headbutt+1"],"picked":"SKIP","floor":18.0},{"not_picked":["Ghostly Armor","Warcry"],"picked":"Seeing Red","floor":20.0},{"not_picked":["Sword Boomerang+1","Wild Strike+1"],"picked":"Dropkick+1","floor":21.0},{"not_picked":["Infernal Blade","Bludgeon+1"],"picked":"Burning Pact+1","floor":22.0},{"not_picked":["Evolve","Bloodletting"],"picked":"Seeing Red","floor":23.0},{"not_picked":["Cleave+1","Fire Breathing"],"picked":"Impervious","floor":25.0},{"not_picked":["Armaments","Twin Strike+1"],"picked":"Pommel Strike+1","floor":27.0},{"not_picked":["Warcry+1","Headbutt+1"],"picked":"Fiend Fire+1","floor":29.0},{"not_picked":["Havoc","Sentinel+1"],"picked":"Pummel+1","floor":30.0},{"not_picked":["Wild Strike+1","Iron Wave+1"],"picked":"Shrug It Off","floor":31.0},{"not_picked":["Juggernaut","Exhume"],"picked":"Corruption","floor":33.0},{"not_picked":["Twin Strike+1","Iron Wave+1"],"picked":"True Grit+1","floor":35.0},{"not_picked":["Havoc","Uppercut+1","Reckless Charge+1"],"picked":"SKIP","floor":35.0},{"not_picked":["Hemokinesis+1","Headbutt+1","Rampage+1"],"picked":"SKIP","floor":36.0},{"not_picked":["True Grit+1","Heavy Blade+1","Clothesline+1"],"picked":"SKIP","floor":36.0},{"not_picked":["Burning Pact+1","Armaments+1"],"picked":"Clash+1","floor":37.0},{"not_picked":["Flame Barrier+1","Armaments","Headbutt+1"],"picked":"SKIP","floor":37.0},{"not_picked":["Rage+1","Anger+1"],"picked":"Warcry+1","floor":38.0},{"not_picked":["Anger+1","Cleave+1","Thunderclap+1"],"picked":"SKIP","floor":38.0},{"not_picked":["Juggernaut","True Grit","Immolate+1"],"picked":"SKIP","floor":40.0},{"not_picked":["Anger+1","Thunderclap+1"],"picked":"Heavy Blade+1","floor":41.0},{"not_picked":["Uppercut+1","Ghostly Armor","Rage"],"picked":"SKIP","floor":41.0},{"not_picked":["Infernal Blade+1","Warcry"],"picked":"Reaper+1","floor":45.0},{"not_picked":["Entrench","Blood for Blood+1","Cleave+1"],"picked":"SKIP","floor":47.0},{"not_picked":["Infernal Blade","Sword Boomerang+1","Heavy Blade+1"],"picked":"SKIP","floor":47.0},{"not_picked":["Perfected Strike+1","Combust"],"picked":"Clothesline+1","floor":48.0},{"not_picked":["Fire Breathing","Clash+1"],"picked":"Limit Break","floor":54.0}],"player_experience":210606,"relics_obtained":[{"floor":3.0,"key":"The Courier"},{"floor":6.0,"key":"FossilizedHelix"},{"floor":6.0,"key":"Happy Flower"},{"floor":8.0,"key":"Molten Egg 2"},{"floor":8.0,"key":"MawBank"},{"floor":9.0,"key":"Vajra"},{"floor":23.0,"key":"CeramicFish"},{"floor":23.0,"key":"MealTicket"},{"floor":25.0,"key":"Matryoshka"},{"floor":25.0,"key":"Bottled Lightning"},{"floor":26.0,"key":"Centennial Puzzle"},{"floor":29.0,"key":"Smiling Mask"},{"floor":29.0,"key":"StrikeDummy"},{"floor":34.0,"key":"Blood Vial"},{"floor":34.0,"key":"Mercury Hourglass"},{"floor":34.0,"key":"Prayer Wheel"},{"floor":40.0,"key":"Art of War"},{"floor":40.0,"key":"Akabeko"},{"floor":43.0,"key":"Oddly Smooth Stone"},{"floor":43.0,"key":"Pear"},{"floor":45.0,"key":"Pen Nib"},{"floor":45.0,"key":"Eternal Feather"},{"floor":48.0,"key":"Lantern"},{"floor":48.0,"key":"Du-Vu Doll"},{"floor":54.0,"key":"Anchor"},{"floor":54.0,"key":"Letter Opener"}],"event_choices":[{"damage_healed":0.0,"max_hp_gain":0.0,"max_hp_loss":0.0,"gold_gain":0.0,"event_name":"Shining Light","player_choice":"Entered Light","floor":4.0,"gold_loss":0.0,"damage_taken":16.0,"cards_upgraded":["Defend_R","Bash"]},{"damage_healed":0.0,"max_hp_gain":0.0,"max_hp_loss":0.0,"gold_gain":0.0,"cards_transformed":["Strike_R"],"event_name":"Living Wall","player_choice":"Change","floor":12.0,"gold_loss":0.0,"damage_taken":0.0,"cards_obtained":["Battle Trance"]},{"damage_healed":0.0,"max_hp_gain":0.0,"max_hp_loss":0.0,"gold_gain":0.0,"event_name":"Knowing Skull","player_choice":"","floor":19.0,"potions_obtained":[],"gold_loss":0.0,"damage_taken":6.0,"cards_obtained":[]},{"damage_healed":0.0,"max_hp_gain":0.0,"max_hp_loss":0.0,"gold_gain":0.0,"cards_transformed":["Strike_R"],"event_name":"Transmorgrifier","player_choice":"Transformed","floor":24.0,"gold_loss":0.0,"damage_taken":0.0,"cards_obtained":["Evolve"]}],"is_beta":false,"boss_relics":[{"not_picked":["Pandora\u0027s Box","Philosopher\u0027s Stone"],"picked":"Cursed Key"},{"not_picked":["Mark of Pain","SacredBark"],"picked":"Calling Bell"}],"items_purged_floors":[39,46,53],"is_endless":false,"potions_floor_spawned":[1,10,18,21,23,30,33,35,36,38,45,47],"ascension_level":2}}