{"host":"07ljfmttuzqopd7f","time":1607763785,"event":{"mods":["2.2 Compatiblity","BaseMod","Bestiary","Block Reminder","Colored Map","Colored Powertips","Curses Come First","Hermit","Minty Spire (QoL Compilation)","Quick Restart","Random Character Button","Rare Cards Sparkle","Relic Stats","StSLib","The Cursed","UnlockEverythingMod"],"gold_per_floor":[113,113,128,18,32,64,64,89,89,123,123,123,123,136,136,232,232,243,243,1,18,18,18,30,30,79,97,148,158,33,64,64,168,168,186,197,197,16,30,30,30,30],"floor_reached":41,"playtime":1847,"items_purged":["hermit:Strike_Hermit"],"score":536,"play_id":"e7cf0be9-02b5-4970-9fb6-dbbfd63c7484","local_time":"20201212040305","is_ascension_mode":true,"campfire_choices":[{"floor":11,"key":"REST"},{"data":"hermit:NoHoldsBarred","floor":13,"key":"SMITH"},{"floor":15,"key":"REST"},{"data":"hermit:Adapt","floor":23,"key":"SMITH"},{"data":"hermit:FromBeyond","floor":25,"key":"SMITH"},{"data":"hermit:EyeOfTheStorm","floor":32,"key":"SMITH"},{"floor":40,"key":"REST"}],"circlet_count":0,"master_deck":["hermit:Strike_Hermit","hermit:Defend_Hermit","hermit:Snapshot","hermit:Covet","hermit:Headshot","hermit:FlashPowder","hermit:NoHoldsBarred+1","hermit:Snipe","hermit:FromBeyond+1","hermit:Reprieve","hermit:EyeOfTheStorm+1","hermit:Roughhouse","hermit:GhostlyPresence+1","hermit:Brawl+1","hermit:HighCaliber+1","hermit:FlashPowder","hermit:Dive","hermit:Adapt+1","hermit:Cheat","hermit:DeadMansHand+1","hermit:Magnum","hermit:Enervate+1","hermit:FromBeyond+1"],"relics":["hermit:Momento","NeowsBlessing","Torii","Gremlin Horn","Regal Pillow","InkBottle","The Courier","Mercury Hourglass","Nloth\u0027s Gift","Kunai","Pantograph","Tiny Chest","Happy Flower","Lee\u0027s Waffle","Singing Bowl","Empty Cage","DollysMirror"],"acts_visited":["Exordium","TheCity","TheBeyond"],"potions_floor_usage":[6,6,14,31,33,39,41,41],"damage_taken":[{"damage":0,"enemies":"Cultist","floor":1,"turns":1},{"damage":0,"enemies":"2 Louse","floor":3,"turns":1},{"damage":0,"enemies":"Small Slimes","floor":5,"turns":1},{"damage":35,"enemies":"Lagavulin","floor":6,"turns":5},{"damage":24,"enemies":"Gremlin Nob","floor":8,"turns":4},{"damage":22,"enemies":"3 Sentries","floor":10,"turns":7},{"damage":33,"enemies":"Exordium Thugs","floor":14,"turns":5},{"damage":34,"enemies":"Hexaghost","floor":16,"turns":12},{"damage":20,"enemies":"Shell Parasite","floor":18,"turns":6},{"damage":0,"enemies":"Chosen","floor":21,"turns":3},{"damage":13,"enemies":"3 Cultists","floor":24,"turns":5},{"damage":15,"enemies":"Shelled Parasite and Fungi","floor":27,"turns":5},{"damage":9,"enemies":"Centurion and Healer","floor":29,"turns":4},{"damage":13,"enemies":"Gremlin Leader","floor":31,"turns":5},{"damage":16,"enemies":"Automaton","floor":33,"turns":10},{"damage":12,"enemies":"3 Shapes","floor":35,"turns":4},{"damage":33,"enemies":"Orb Walker","floor":36,"turns":4},{"damage":37,"enemies":"Maw","floor":39,"turns":7},{"damage":82,"enemies":"Giant Head","floor":41,"turns":6}],"seed_played":"7105013379564465993","potions_obtained":[{"floor":1,"key":"Fire Potion"},{"floor":3,"key":"LiquidMemories"},{"floor":8,"key":"hermit:BlackBile"},{"floor":10,"key":"Swift Potion"},{"floor":24,"key":"hermit:Eclipse"},{"floor":29,"key":"Strength Potion"},{"floor":31,"key":"Explosive Potion"},{"floor":36,"key":"DistilledChaos"},{"floor":39,"key":"LiquidBronze"}],"is_trial":false,"path_per_floor":["M","?","M","$","M","E","?","E","T","E","R","?","R","M","R","B",null,"M","?","$","M","T","R","M","R","T","M","T","M","$","E","R","B",null,"M","M","?","$","M","R","E"],"character_chosen":"HERMIT","items_purchased":["hermit:FlashPowder","hermit:NoHoldsBarred","Kunai","hermit:Dive","Lee\u0027s Waffle","DollysMirror"],"campfire_rested":3,"item_purchase_floors":[4,4,20,20,30,38],"current_hp_per_floor":[75,75,75,75,75,40,65,41,41,19,56,44,44,15,52,18,61,45,45,45,49,49,49,40,40,40,29,29,20,82,71,71,68,80,72,45,45,45,14,55,0,0],"gold":30,"neow_bonus":"THREE_ENEMY_KILL","is_daily":false,"chose_seed":false,"campfire_upgraded":4,"win_rate":0.0,"timestamp":1607763785,"path_taken":["M","?","M","$","?","E","?","E","T","E","R","?","R","M","R","BOSS","M","?","$","?","?","R","M","R","T","?","?","M","$","E","R","BOSS","M","M","?","$","M","R","E"],"items_purchased_type":["Card","Card","Relic","Card","Relic","Relic"],"build_version":"2020-11-30","purchased_purges":1,"victory":false,"max_hp_per_floor":[75,75,75,75,75,75,75,75,75,75,75,75,75,75,75,75,75,75,75,75,75,75,75,75,75,75,75,75,75,82,84,84,84,84,84,86,86,86,88,88,88,88],"relic_stats":{"Regal Pillow":45,"Lee\u0027s Waffle":62,"Torii":73,"Gremlin Horn":[15,15],"Happy Flower":[13],"Singing Bowl":6,"counters":[19,94],"Mercury Hourglass":[266],"Pantograph":13,"Tiny Chest":0,"Nloth\u0027s Gift":2,"Kunai":[7],"obtain_stats":[{"Regal Pillow":8,"Lee\u0027s Waffle":30,"NeowsBlessing":0,"Torii":2,"Gremlin Horn":6,"Happy Flower":28,"Singing Bowl":31,"Astrolabe":17,"The Courier":10,"Empty Cage":34,"Mercury Hourglass":12,"DollysMirror":38,"Pantograph":22,"Tiny Chest":26,"Nloth\u0027s Gift":19,"Kunai":20,"hermit:Momento":0,"InkBottle":9},{"Regal Pillow":5,"Lee\u0027s Waffle":13,"NeowsBlessing":0,"Torii":1,"Gremlin Horn":4,"Happy Flower":12,"Singing Bowl":14,"Astrolabe":8,"The Courier":6,"Empty Cage":15,"Mercury Hourglass":6,"DollysMirror":17,"Pantograph":10,"Tiny Chest":11,"Nloth\u0027s Gift":9,"Kunai":9,"hermit:Momento":0,"InkBottle":5},{"Regal Pillow":12,"Lee\u0027s Waffle":58,"NeowsBlessing":0,"Torii":1,"Gremlin Horn":8,"Happy Flower":54,"Singing Bowl":63,"Astrolabe":35,"The Courier":19,"Empty Cage":73,"Mercury Hourglass":19,"DollysMirror":81,"Pantograph":44,"Tiny Chest":49,"Nloth\u0027s Gift":41,"Kunai":41,"hermit:Momento":0,"InkBottle":12}],"InkBottle":[27]},"card_choices":[{"not_picked":["hermit:BodyArmor","hermit:CalledShot"],"picked":"hermit:Roulette","floor":1},{"not_picked":["hermit:CalledShot","hermit:Desperado"],"picked":"hermit:Headshot","floor":3},{"not_picked":["hermit:ShadowCloak","hermit:HoleUp"],"picked":"hermit:Snipe","floor":5},{"not_picked":["hermit:WideOpen","hermit:DeadMansHand"],"picked":"hermit:FromBeyond","floor":6},{"not_picked":["hermit:Manifest","hermit:TakeAim"],"picked":"hermit:Reprieve","floor":8},{"not_picked":["hermit:WideOpen","hermit:HighCaliber","hermit:TakeAim"],"picked":"SKIP","floor":10},{"not_picked":["hermit:Spite","hermit:DeadMansHand"],"picked":"hermit:EyeOfTheStorm","floor":14},{"not_picked":["hermit:OverwhelmingPower","hermit:Gambit"],"picked":"hermit:Roughhouse","floor":16},{"not_picked":["hermit:BigShot+1","hermit:ItchyTrigger"],"picked":"hermit:FlashPowder","floor":18},{"not_picked":["hermit:LowProfile+1","hermit:PistolWhip"],"picked":"hermit:Adapt","floor":21},{"not_picked":["hermit:Shortfuse+1","hermit:LowProfile"],"picked":"hermit:Cheat","floor":24},{"not_picked":["hermit:TrackingShot","hermit:ItchyTrigger"],"picked":"hermit:DeadMansHand+1","floor":27},{"not_picked":["hermit:Maintenance+1","hermit:Midnight+1","hermit:GoldenBullet"],"picked":"SKIP","floor":29},{"not_picked":["hermit:TrackingShot","hermit:Gestalt","hermit:CalledShot"],"picked":"Singing Bowl","floor":31},{"not_picked":["hermit:Dissolve","hermit:HighNoon"],"picked":"hermit:Magnum","floor":33},{"not_picked":["hermit:Vantage","hermit:Ricochet+1"],"picked":"hermit:Enervate+1","floor":35},{"not_picked":["hermit:CursedWeapon+1","hermit:EternalForm","hermit:TrackingShot+1"],"picked":"Singing Bowl","floor":36},{"not_picked":["hermit:Glare","hermit:Determination+1","hermit:CalledShot+1"],"picked":"Singing Bowl","floor":39}],"player_experience":388209,"relics_obtained":[{"floor":6,"key":"Gremlin Horn"},{"floor":8,"key":"Regal Pillow"},{"floor":9,"key":"InkBottle"},{"floor":10,"key":"The Courier"},{"floor":22,"key":"Pantograph"},{"floor":26,"key":"Tiny Chest"},{"floor":28,"key":"Happy Flower"},{"floor":31,"key":"Singing Bowl"}],"event_choices":[{"cards_removed":["hermit:Roulette"],"damage_healed":0,"gold_gain":0,"player_choice":"Gave Card","damage_taken":0,"relics_obtained":["Torii"],"max_hp_gain":0,"max_hp_loss":0,"event_name":"WeMeetAgain","floor":2,"gold_loss":0},{"damage_healed":25,"gold_gain":0,"player_choice":"Banana","damage_taken":0,"max_hp_gain":0,"max_hp_loss":0,"event_name":"Big Fish","floor":7,"gold_loss":0},{"damage_healed":0,"gold_gain":0,"player_choice":"Success","damage_taken":12,"relics_obtained":["Mercury Hourglass"],"max_hp_gain":0,"max_hp_loss":0,"event_name":"Scrap Ooze","floor":12,"gold_loss":0},{"damage_healed":0,"gold_gain":0,"player_choice":"Traded Relic","damage_taken":0,"relics_obtained":["Nloth\u0027s Gift"],"max_hp_gain":0,"max_hp_loss":0,"event_name":"N\u0027loth","floor":19,"relics_lost":["Astrolabe"],"gold_loss":0},{"damage_healed":0,"gold_gain":0,"player_choice":"Ignored","damage_taken":0,"max_hp_gain":0,"max_hp_loss":0,"event_name":"Mysterious Sphere","floor":37,"gold_loss":0}],"is_beta":false,"boss_relics":[{"not_picked":["Velvet Choker","hermit:DentedPlate"],"picked":"Astrolabe"},{"not_picked":["Black Star","SacredBark"],"picked":"Empty Cage"}],"items_purged_floors":[38],"is_endless":false,"potions_floor_spawned":[1,3,8,10,24,29,31,36,39],"killed_by":"Giant Head","ascension_level":5}}