{"host":"0vd2boh2oi7jm085","time":1607774595,"event":{"mods":["BaseMod","Colored Map","Colored Powertips","Highlight Path","Minty Spire (QoL Compilation)","Quick Restart","StSLib","The IronCluck"],"gold_per_floor":[116,186,186,186,210,210,210,210,210],"floor_reached":8,"playtime":116,"items_purged":[],"score":100,"play_id":"7779e0f7-c2b7-4211-bac8-4f4c4e415489","local_time":"20201212040315","is_ascension_mode":true,"campfire_choices":[{"data":"Searing Blow","floor":7,"key":"SMITH"}],"circlet_count":0,"master_deck":["AscendersBane","Strike_R","Strike_R","Strike_R","Strike_R","Strike_R","Defend_R","Defend_R","Defend_R","Defend_R","Bash","Searing Blow+1","Injury"],"relics":["Burning Blood","Golden Idol"],"acts_visited":["Exordium"],"potions_floor_usage":[],"damage_taken":[{"damage":11.0,"enemies":"Jaw Worm","floor":1.0,"turns":5.0},{"damage":10.0,"enemies":"Small Slimes","floor":5.0,"turns":3.0},{"damage":0.0,"enemies":"Gremlin Nob","floor":6.0,"turns":1.0},{"damage":66,"enemies":"Lagavulin","floor":8,"turns":6}],"seed_played":"-2681905007817378996","potions_obtained":[{"floor":0.0,"key":"SmokeBomb"},{"floor":0.0,"key":"Swift Potion"}],"is_trial":false,"path_per_floor":["M","?","?","?","M","E","R","E"],"character_chosen":"IRONCLAD","items_purchased":[],"campfire_rested":0,"item_purchase_floors":[],"current_hp_per_floor":[63,63,63,63,59,65,65,0,0],"gold":210,"neow_bonus":"THREE_SMALL_POTIONS","is_daily":false,"chose_seed":false,"campfire_upgraded":1,"win_rate":0.0,"timestamp":1607774595,"path_taken":["M","?","?","?","?","E","R","E"],"items_purchased_type":[],"build_version":"2020-11-30","purchased_purges":0,"victory":false,"max_hp_per_floor":[75,75,75,75,75,75,75,75,75],"card_choices":[{"not_picked":["Sever Soul","Burning Pact"],"picked":"Searing Blow","floor":1.0},{"not_picked":["Havoc","Clash","Iron Wave"],"picked":"SKIP","floor":5.0}],"player_experience":78942,"relics_obtained":[],"event_choices":[{"damage_healed":0.0,"max_hp_gain":0.0,"max_hp_loss":0.0,"gold_gain":70.0,"event_name":"Golden Wing","player_choice":"Gained Gold","floor":2.0,"gold_loss":0.0,"damage_taken":0.0},{"damage_healed":0.0,"max_hp_gain":0.0,"max_hp_loss":0.0,"gold_gain":0.0,"event_name":"Golden Idol","player_choice":"Take Wound","floor":3.0,"gold_loss":0.0,"damage_taken":0.0,"relics_obtained":["Golden Idol"],"cards_obtained":["Injury"]},{"damage_healed":0.0,"max_hp_gain":0.0,"max_hp_loss":0.0,"gold_gain":0.0,"event_name":"Lab","player_choice":"Got Potions","floor":4.0,"gold_loss":0.0,"damage_taken":0.0}],"is_beta":false,"boss_relics":[],"items_purged_floors":[],"is_endless":false,"potions_floor_spawned":[5,6],"killed_by":"Lagavulin","ascension_level":17}}