{"host":"ncjvx38sfs73mj1s","time":1607743585,"event":{"mods":["BaseMod","Minty Spire (QoL Compilation)","Remilia（蕾米莉亚）","Youmu（魂魄妖梦）","【功能Mod】聪明的最终Boss","【角色mod】十八桐人"],"gold_per_floor":[116,128,128,53,153,153,197,197,279,303,303,124,138,112,112,241,241,254,254,179,159,179,94,107,142,142,162,162,176,176,217,217,341,341,360,423,423,333,412,412,426,444,444,444,459,681,681,716,716,716,716],"floor_reached":50,"playtime":3695,"items_purged":["Parasite","Injury"],"score":640,"play_id":"ae28fda1-919d-467e-929c-d40143362b6b","local_time":"20201212112625","is_ascension_mode":true,"campfire_choices":[{"data":"ScarletShoot","floor":6,"key":"SMITH"},{"floor":8,"key":"REST"},{"data":"ScarletSymphony","floor":11,"key":"SMITH"},{"floor":15,"key":"REST"},{"data":"QueenOfMidnight","floor":28,"key":"SMITH"},{"floor":30,"key":"REST"},{"data":"BloodyMagicSquare","floor":32,"key":"SMITH"},{"floor":40,"key":"REST"},{"data":"RedMoon","floor":44,"key":"SMITH"},{"data":"ChaoticDestiny","floor":49,"key":"SMITH"}],"circlet_count":0,"master_deck":["Strike_RM+1","Strike_RM+1","Strike_RM","Defend_RM+1","Defend_RM","Defend_RM","RedMoon+1","ScarletShoot+1","BloodyMagicSquare+1","CharismaGuard","StarOfDavid+1","ScarletSymphony+1","MiserableFate","LeisurelyOfLord","UnstableMagic","QueenOfMidnight+1","VampireFantasy+1","Stigmanizer+1","EternalNight+1","HunterOfTheNight+1","BlasphemousPunishment+1","KillingBlow","DiffusionOfMisfortune+1","HunterOfTheNight+1","MillenniumVampire+1","BombardNight+1","ScarletImprint+1","ChaoticDestiny+1"],"relics":["ScarletHat","Golden Idol","Ancient Tea Set","Bottled Lightning","SlaversCollar","Juzu Bracelet","Orichalcum","Whetstone","White Beast Statue","Red Mask","Velvet Choker","FossilizedHelix","Darkstone Periapt","Molten Egg 2","War Paint","FairyMaid"],"acts_visited":["Exordium","TheCity","TheBeyond"],"potions_floor_usage":[16,22,22,24,31,33,33,33,41,50,50],"damage_taken":[{"damage":0,"enemies":"Small Slimes","floor":1,"turns":4},{"damage":0,"enemies":"2 Louse","floor":2,"turns":4},{"damage":44,"enemies":"Gremlin Nob","floor":7,"turns":4},{"damage":0,"enemies":"Cultist","floor":10,"turns":3},{"damage":0,"enemies":"3 Louse","floor":13,"turns":4},{"damage":41,"enemies":"Hexaghost","floor":16,"turns":6},{"damage":38,"enemies":"Shell Parasite","floor":18,"turns":7},{"damage":41,"enemies":"3 Byrds","floor":22,"turns":5},{"damage":38,"enemies":"3 Cultists","floor":24,"turns":7},{"damage":39,"enemies":"Gremlin Leader","floor":25,"turns":6},{"damage":15,"enemies":"Snake Plant","floor":27,"turns":3},{"damage":25,"enemies":"Snecko","floor":29,"turns":5},{"damage":37,"enemies":"Masked Bandits","floor":31,"turns":4},{"damage":46,"enemies":"Collector","floor":33,"turns":5},{"damage":60,"enemies":"3 Shapes","floor":35,"turns":4},{"damage":42,"enemies":"Mind Bloom Boss Battle","floor":36,"turns":4},{"damage":17,"enemies":"Orb Walker","floor":41,"turns":1},{"damage":10,"enemies":"Writhing Mass","floor":42,"turns":3},{"damage":0,"enemies":"Jaw Worm Horde","floor":45,"turns":2},{"damage":45,"enemies":"Giant Head","floor":48,"turns":6},{"damage":81,"enemies":"Donu and Deca","floor":50,"turns":9}],"seed_played":"-490607538212847220","potions_obtained":[{"floor":1,"key":"LiquidBronze"},{"floor":7,"key":"Regen Potion"},{"floor":10,"key":"AttackPotion"},{"floor":21,"key":"Strength Potion"},{"floor":22,"key":"Explosive Potion"},{"floor":27,"key":"LiquidBronze"},{"floor":29,"key":"Regen Potion"},{"floor":31,"key":"DistilledChaos"},{"floor":33,"key":"SmokeBomb"},{"floor":35,"key":"Dexterity Potion"},{"floor":36,"key":"Dexterity Potion"},{"floor":41,"key":"Ancient Potion"},{"floor":45,"key":"ColorlessPotion"},{"floor":48,"key":"ColorlessPotion"}],"is_trial":false,"path_per_floor":["M","M","?","$","?","R","E","R","T","M","R","$","M","$","R","B",null,"M","?","?","?","M","?","M","E","T","M","R","M","R","?","R","B",null,"M","?","?","?","T","R","M","M","T","R","M","?","?","E","R","B"],"character_chosen":"REMILIA","items_purchased":["MiserableFate","UnstableMagic"],"campfire_rested":4,"item_purchase_floors":[12,14],"current_hp_per_floor":[75,75,75,72,72,72,28,49,49,50,50,50,52,52,72,47,72,71,71,71,71,67,67,66,62,62,50,50,54,72,71,71,72,72,58,54,54,54,54,72,72,72,72,72,72,72,72,72,72,0,0],"gold":716,"neow_bonus":"TRANSFORM_TWO_CARDS","is_daily":false,"chose_seed":false,"campfire_upgraded":6,"win_rate":0.0,"timestamp":1607743585,"path_taken":["M","M","?","$","?","R","E","R","T","M","R","$","?","$","R","BOSS","M","?","?","?","M","?","M","E","T","M","R","M","R","?","R","BOSS","M","?","?","?","?","R","M","M","T","R","M","?","?","E","R","BOSS"],"items_purchased_type":["Card","Card"],"build_version":"2020-11-30","purchased_purges":2,"victory":false,"max_hp_per_floor":[75,75,75,72,72,72,72,72,72,72,72,72,72,72,72,72,72,72,72,72,72,72,72,72,72,72,72,72,72,72,72,72,72,72,72,72,72,72,72,72,72,72,72,72,72,72,72,72,72,72,72],"card_choices":[{"not_picked":["DiffusionOfMisfortune","RedMagic"],"picked":"CharismaGuard","floor":1},{"not_picked":["StarOfDavid","BloodyHallows"],"picked":"Stigmanizer","floor":2},{"not_picked":["NightDance","Maim"],"picked":"StarOfDavid","floor":7},{"not_picked":["Ultimatum","NightDance"],"picked":"ScarletSymphony","floor":10},{"not_picked":["BlasphemousPunishment","StarOfDavid"],"picked":"LeisurelyOfLord","floor":13},{"not_picked":["EquivalentExchange","KillingBlow"],"picked":"QueenOfMidnight","floor":16},{"not_picked":["LeisurelyOfLord","RedRainbow","DiffusionOfMisfortune"],"picked":"SKIP","floor":18},{"not_picked":["BloodHunter","NightDance+1"],"picked":"VampireFantasy+1","floor":22},{"not_picked":["UnderTheZenith","MastersStateliness"],"picked":"Stigmanizer+1","floor":24},{"not_picked":["RedRainbow","MastersStateliness","Stigmanizer"],"picked":"SKIP","floor":25},{"not_picked":["FavorOfDestiny","BloodyTrap"],"picked":"EternalNight","floor":27},{"not_picked":["StarOfDavid","ScarletGensokyo"],"picked":"HunterOfTheNight+1","floor":29},{"not_picked":["UnstableMagic+1","BombardNight+1"],"picked":"BlasphemousPunishment+1","floor":31},{"not_picked":["BloodySeventeenLaser","ForecastOfChange"],"picked":"KillingBlow","floor":33},{"not_picked":["BlasphemousPunishment","ScarletDevil"],"picked":"DiffusionOfMisfortune+1","floor":35},{"not_picked":["NightDance+1","FavorOfDestiny+1"],"picked":"MillenniumVampire+1","floor":41},{"not_picked":["VampireKiss","BlasphemousPunishment+1"],"picked":"BombardNight+1","floor":42},{"not_picked":["DiffusionOfMisfortune+1","VampireFantasy+1"],"picked":"ScarletImprint+1","floor":45},{"not_picked":["MillenniumVampire+1","BlasphemousPunishment+1"],"picked":"ChaoticDestiny","floor":48}],"player_experience":89153,"relics_obtained":[{"floor":7,"key":"Ancient Tea Set"},{"floor":9,"key":"Bottled Lightning"},{"floor":25,"key":"Whetstone"},{"floor":26,"key":"White Beast Statue"},{"floor":31,"key":"Red Mask"},{"floor":36,"key":"FossilizedHelix"},{"floor":39,"key":"Darkstone Periapt"},{"floor":43,"key":"Molten Egg 2"},{"floor":47,"key":"War Paint"},{"floor":48,"key":"FairyMaid"}],"event_choices":[{"damage_healed":0,"gold_gain":0,"player_choice":"Take Wound","damage_taken":0,"relics_obtained":["Golden Idol"],"max_hp_gain":0,"max_hp_loss":0,"event_name":"Golden Idol","floor":3,"gold_loss":0,"cards_obtained":["Injury"]},{"damage_healed":0,"gold_gain":100,"player_choice":"Gold","damage_taken":0,"max_hp_gain":0,"max_hp_loss":0,"event_name":"Wheel of Change","floor":5,"gold_loss":0},{"damage_healed":0,"gold_gain":0,"player_choice":"Opened","damage_taken":0,"relics_obtained":["Juzu Bracelet"],"max_hp_gain":0,"max_hp_loss":0,"event_name":"The Mausoleum","floor":19,"gold_loss":0},{"cards_removed":["DevilSight"],"damage_healed":0,"gold_gain":0,"player_choice":"Gave Gold","damage_taken":0,"max_hp_gain":0,"max_hp_loss":0,"event_name":"Beggar","floor":20,"gold_loss":75},{"damage_healed":0,"gold_gain":0,"player_choice":"Bought 1 Potion","damage_taken":0,"max_hp_gain":0,"max_hp_loss":0,"event_name":"The Woman in Blue","floor":21,"gold_loss":0},{"damage_healed":0,"gold_gain":0,"player_choice":"Obtained Relic","damage_taken":0,"relics_obtained":["Orichalcum"],"max_hp_gain":0,"max_hp_loss":0,"event_name":"Addict","floor":23,"gold_loss":85},{"damage_healed":0,"gold_gain":0,"player_choice":"Fought Bandits","damage_taken":0,"max_hp_gain":0,"max_hp_loss":0,"event_name":"Masked Bandits","floor":31,"gold_loss":0},{"damage_healed":0,"gold_gain":0,"player_choice":"Fight","damage_taken":0,"max_hp_gain":0,"max_hp_loss":0,"event_name":"MindBloom","floor":36,"gold_loss":0},{"damage_healed":0,"gold_gain":0,"player_choice":"Copied","damage_taken":0,"max_hp_gain":0,"max_hp_loss":0,"event_name":"Duplicator","floor":37,"gold_loss":0,"cards_obtained":["HunterOfTheNight"]},{"cards_removed":["Stigmanizer"],"damage_healed":0,"gold_gain":0,"player_choice":"Upgrade and Remove","damage_taken":0,"max_hp_gain":0,"max_hp_loss":0,"event_name":"Designer","floor":38,"gold_loss":90,"cards_upgraded":["StarOfDavid"]},{"damage_healed":0,"gold_gain":222,"player_choice":"Wore Mask","damage_taken":0,"max_hp_gain":0,"max_hp_loss":0,"event_name":"Tomb of Lord Red Mask","floor":46,"gold_loss":0},{"damage_healed":0,"gold_gain":0,"player_choice":"Relic","damage_taken":0,"max_hp_gain":0,"max_hp_loss":0,"event_name":"Wheel of Change","floor":47,"gold_loss":0}],"is_beta":false,"boss_relics":[{"not_picked":["Sozu","Fusion Hammer"],"picked":"SlaversCollar"},{"not_picked":["Black Star","Astrolabe"],"picked":"Velvet Choker"}],"items_purged_floors":[4,12],"is_endless":false,"potions_floor_spawned":[1,7,10,22,27,29,31,33,35,36,41,42,45,48],"killed_by":"Donu and Deca","ascension_level":1}}