{"host":"d72x539cf8l4iccx","time":1607803669,"event":{"mods":["BaseMod","Better Third Choice","Minty Spire (QoL Compilation)","Replay The Spire","Robot Space Explorer","StSLib","The Cursed","The Disciple","The Hierophant","The Servant 0.9.4"],"gold_per_floor":[116,12,87,103,28,55,55,55,55,55,75,85,104,122,122,122,122],"floor_reached":16,"playtime":1291,"items_purged":["Strike_S"],"score":127,"play_id":"782523a8-1160-45db-83e2-9ab94b101462","local_time":"20201212140749","is_ascension_mode":false,"campfire_choices":[{"floor":15,"key":"REST"}],"circlet_count":0,"master_deck":["Strike_S","Strike_S","Strike_S","Defend_S","Defend_S","Defend_S","Defend_S","KidneyShot","Exchange","Luminosity","Rearm","Ricochet","SilverBlades+1","DualDimension","InstantArmor"],"relics":["Uniform","NeowsBlessing","Happy Flower","Bottled Lightning"],"acts_visited":["Exordium"],"potions_floor_usage":[16,16],"damage_taken":[{"damage":5.0,"enemies":"2 Louse","floor":1.0,"turns":2.0},{"damage":0.0,"enemies":"Cultist","floor":4.0,"turns":1.0},{"damage":0,"enemies":"Lagavulin","floor":6,"turns":1},{"damage":5,"enemies":"Jaw Worm","floor":11,"turns":3},{"damage":15,"enemies":"Lots of Slimes","floor":12,"turns":4},{"damage":0,"enemies":"2 Fungi Beasts","floor":13,"turns":4},{"damage":1,"enemies":"Blue Slaver","floor":14,"turns":3},{"damage":59,"enemies":"Fading Forest","floor":16,"turns":11}],"seed_played":"2806542888201635181","potions_obtained":[{"floor":6,"key":"Swift Potion"},{"floor":12,"key":"Milkshake"},{"floor":14,"key":"SneckoOil"}],"is_trial":false,"path_per_floor":["M","$","?","M","$","E","?","$","T","?","M","M","M","M","R","B"],"character_chosen":"THE_SERVANT","items_purchased":["Rearm","Ricochet"],"campfire_rested":1,"item_purchase_floors":[2,2],"current_hp_per_floor":[60,60,49,49,49,49,49,49,49,49,44,29,29,28,47,0,0],"gold":122,"neow_bonus":"THREE_ENEMY_KILL","is_daily":false,"chose_seed":false,"campfire_upgraded":0,"win_rate":0.0,"timestamp":1607803669,"path_taken":["M","$","?","M","$","E","?","$","T","?","?","M","M","M","R","BOSS"],"items_purchased_type":["Card","Card"],"build_version":"2020-11-30","purchased_purges":1,"victory":false,"max_hp_per_floor":[65,65,65,65,65,65,65,65,65,65,65,65,65,65,65,65,65],"card_choices":[{"not_picked":["Potential","MoonPhase"],"picked":"Luminosity","floor":1.0},{"not_picked":["SurpressingFire","BottledTime"],"picked":"SilverBlades","floor":4.0},{"not_picked":["Foresight","FastForward"],"picked":"DualDimension","floor":6},{"not_picked":["FastForward","BottledTime"],"picked":"InstantArmor","floor":11},{"not_picked":["Rearm","Revamp","FastForward"],"picked":"SKIP","floor":12},{"not_picked":["DoubleEdge","Barrier","Collapse"],"picked":"SKIP","floor":13},{"not_picked":["Spin","Moondial","MoonPhase"],"picked":"SKIP","floor":14}],"player_experience":204051,"relics_obtained":[{"floor":6,"key":"Happy Flower"},{"floor":9,"key":"Bottled Lightning"}],"event_choices":[{"damage_healed":0.0,"max_hp_gain":0.0,"max_hp_loss":0.0,"gold_gain":75.0,"event_name":"betterThird:BetterGoop","player_choice":"Gold","floor":3.0,"gold_loss":0.0,"damage_taken":11.0},{"damage_healed":0,"gold_gain":0,"player_choice":"Bought 0 Potions","damage_taken":0,"max_hp_gain":0,"max_hp_loss":0,"event_name":"The Woman in Blue","floor":10,"gold_loss":0}],"is_beta":false,"boss_relics":[],"items_purged_floors":[5],"is_endless":false,"potions_floor_spawned":[6,12,14],"killed_by":"Fading Forest","ascension_level":0}}