{"host":"w01vs80f19dvf8rn","time":1607783542,"event":{"mods":["BaseMod","Better Note","Colored Map","Colored Powertips","DeckTracker","Friendly Minions","Googly Eyes","Minty Spire (QoL Compilation)","Rare Cards Sparkle","StSLib","SuperFastMode","The Bug Knight","The Jungle"],"gold_per_floor":[110,110,123,140,28,63,63,78,103,103,137,137,137,156,156,253,253,268,282,76,89,100,100,117,133,133,133,133],"floor_reached":27,"playtime":1327,"items_purged":["HollowMod:NailStrikeStart","HollowMod:NailStrikeStart"],"score":227,"play_id":"9df07226-4ee7-4718-8690-aec58cefb4b5","local_time":"20201212233222","is_ascension_mode":false,"campfire_choices":[{"data":"HollowMod:DesolateDive","floor":7.0,"key":"SMITH"},{"data":"HollowMod:MantisMark","floor":15.0,"key":"SMITH"},{"floor":23,"key":"REST"}],"circlet_count":0,"master_deck":["HollowMod:NailStrikeStart","HollowMod:QuickDashStart","HollowMod:QuickDashStart","HollowMod:FocusHealStart","HollowMod:PogoStrike","HollowMod:DesolateDive+1","HollowMod:MonarchWings","HollowMod:MantisMark+1","HollowMod:SoulShaman","HollowMod:DoubleDash","HollowMod:FastStrike","HollowMod:AwokenDreamNail","HollowMod:BaldurShell+1","HollowMod:CornifersMapStart+1","HollowMod:SoulStrike+1"],"relics":["HollowMod:VesselMask","Calipers","Smiling Mask","Juzu Bracelet","HollowMod:KingsBrand","Fusion Hammer","Happy Flower","Pantograph"],"acts_visited":["Exordium","TheCity"],"potions_floor_usage":[27],"damage_taken":[{"damage":0.0,"enemies":"2 Louse","floor":1.0,"turns":5.0},{"damage":0.0,"enemies":"Cultist","floor":3.0,"turns":3.0},{"damage":0.0,"enemies":"Jaw Worm","floor":4.0,"turns":2.0},{"damage":3.0,"enemies":"Lagavulin","floor":6.0,"turns":7.0},{"damage":2.0,"enemies":"3 Louse","floor":8.0,"turns":2.0},{"damage":16.0,"enemies":"Gremlin Nob","floor":11.0,"turns":4.0},{"damage":0.0,"enemies":"Lots of Slimes","floor":14.0,"turns":1.0},{"damage":36.0,"enemies":"HollowMod:FalseKnight","floor":16.0,"turns":7.0},{"damage":10,"enemies":"2 Thieves","floor":18,"turns":3},{"damage":2,"enemies":"Shell Parasite","floor":19,"turns":4},{"damage":34,"enemies":"Sentry and Sphere","floor":21,"turns":6},{"damage":15,"enemies":"Snecko","floor":22,"turns":4},{"damage":11,"enemies":"Snake Plant","floor":24,"turns":3},{"damage":19,"enemies":"Centurion and Healer","floor":25,"turns":4},{"damage":21,"enemies":"Gremlin Leader","floor":27,"turns":2}],"seed_played":"-7100272476941897613","potions_obtained":[{"floor":1.0,"key":"Explosive Potion"},{"floor":3.0,"key":"AttackPotion"},{"floor":6.0,"key":"Ancient Potion"},{"floor":22,"key":"LiquidBronze"},{"floor":25,"key":"Energy Potion"}],"is_trial":false,"path_per_floor":["M","?","M","M","$","E","R","M","T","?","E","?","?","M","R","B",null,"M","M","$","M","M","R","M","M","T","E"],"character_chosen":"THE_BUGKNIGHT","items_purchased":["HollowMod:MantisMark","Happy Flower"],"campfire_rested":1,"item_purchase_floors":[5,20],"current_hp_per_floor":[64,64,64,64,64,61,61,59,59,59,43,43,43,43,43,7,75,65,63,63,35,26,48,37,18,18,0,0],"gold":133,"neow_bonus":"ONE_RARE_RELIC","is_daily":false,"chose_seed":false,"campfire_upgraded":2,"win_rate":0.0,"timestamp":1607783542,"path_taken":["M","?","M","M","$","E","R","?","T","?","E","?","?","M","R","BOSS","M","M","$","M","M","R","M","M","T","E"],"items_purchased_type":["Card","Relic"],"build_version":"2020-11-30","purchased_purges":2,"victory":false,"max_hp_per_floor":[75,75,75,75,75,75,75,75,75,75,75,75,75,75,75,75,75,75,75,75,75,75,75,75,75,75,75,75],"card_choices":[{"not_picked":["HollowMod:HowlingWraiths","HollowMod:FastStrike"],"picked":"HollowMod:DesolateDive","floor":1.0},{"not_picked":["HollowMod:InfectionAssault","HollowMod:LifebloodCocoon","HollowMod:Grubsong"],"picked":"SKIP","floor":3.0},{"not_picked":["HollowMod:TaintedHusks","HollowMod:LifebloodCocoon"],"picked":"HollowMod:MonarchWings","floor":4.0},{"not_picked":["HollowMod:PerfectDash","HollowMod:DungDefenderAura"],"picked":"HollowMod:SoulShaman","floor":6.0},{"not_picked":["HollowMod:HowlingWraiths","HollowMod:GoodIntentions"],"picked":"HollowMod:DoubleDash","floor":8.0},{"not_picked":["HollowMod:PureNailStrike","HollowMod:SiblingsSouls","HollowMod:LifebloodCocoon"],"picked":"SKIP","floor":11.0},{"not_picked":["HollowMod:SiblingsShadow","HollowMod:NewJinnsSoul"],"picked":"HollowMod:FastStrike","floor":14.0},{"not_picked":["HollowMod:ElderbugsWisdom","HollowMod:SoulMaster"],"picked":"HollowMod:AwokenDreamNail","floor":16.0},{"not_picked":["HollowMod:SoulStrike","HollowMod:FallenFury"],"picked":"HollowMod:BaldurShell+1","floor":18},{"not_picked":["HollowMod:BaldurShell","HollowMod:GreatSlash+1","HollowMod:CoiledNail"],"picked":"SKIP","floor":19},{"not_picked":["HollowMod:TaintedHusks","HollowMod:BrokenVessel","HollowMod:MonarchWings"],"picked":"SKIP","floor":21},{"not_picked":["HollowMod:DashSlash","HollowMod:HeavyBlow"],"picked":"HollowMod:CornifersMapStart+1","floor":22},{"not_picked":["HollowMod:DashSlash+1","HollowMod:HowlingWraiths","HollowMod:AbyssShriek"],"picked":"SKIP","floor":24},{"not_picked":["HollowMod:BaldurShell","HollowMod:ShadowDash"],"picked":"HollowMod:SoulStrike+1","floor":25}],"player_experience":632071,"relics_obtained":[{"floor":6.0,"key":"Smiling Mask"},{"floor":9.0,"key":"Juzu Bracelet"},{"floor":11.0,"key":"HollowMod:KingsBrand"},{"floor":26,"key":"Pantograph"}],"event_choices":[{"damage_healed":0.0,"max_hp_gain":0.0,"max_hp_loss":0.0,"gold_gain":0.0,"event_name":"The Woman in Blue","player_choice":"Bought 0 Potions","floor":2.0,"gold_loss":0.0,"damage_taken":0.0},{"cards_removed":["HollowMod:NailStrikeStart"],"damage_healed":0.0,"max_hp_gain":0.0,"max_hp_loss":0.0,"gold_gain":0.0,"event_name":"Bonfire Elementals","player_choice":"Offered Basic","floor":12.0,"gold_loss":0.0,"damage_taken":0.0},{"cards_removed":["HollowMod:QuickDashStart"],"damage_healed":0.0,"max_hp_gain":0.0,"max_hp_loss":0.0,"gold_gain":0.0,"event_name":"Purifier","player_choice":"Purged","floor":13.0,"gold_loss":0.0,"damage_taken":0.0}],"is_beta":false,"boss_relics":[{"not_picked":["HollowMod:KingsSoulRelic","Astrolabe"],"picked":"Fusion Hammer"}],"items_purged_floors":[5,20],"is_endless":false,"potions_floor_spawned":[1,3,6,22,25],"killed_by":"Gremlin Leader","ascension_level":0}}