{"host":"lck2g1j0kcwr02ez","time":1607773760,"event":{"mods":["Act Like it!","BaseMod","Hallownest","KinomotoSakuraMod(Ä¾Ö®±¾Ó£)","Marked Mod","Minty Spire (QoL Compilation)","Prisma Mod","Rare Cards Sparkle","StSLib","The Bug Knight"],"gold_per_floor":[12,29,29,5931,5931,5961,5976,5178,5205,5205,5216,4325,4336,4336,4336,4441,4441,4454,4454,4454,3431,3181,3181,3199,3219,3244,2165,2194,2194,2229,2229,2229],"floor_reached":31,"playtime":2372,"items_purged":["HollowMod:QuickDashStart","HollowMod:NailStrikeStart","HollowMod:QuickDashStart","HollowMod:QuickDashStart","HollowMod:AbyssShriek"],"score":315,"play_id":"9b3860a1-5c18-478d-b65b-c0c89ba35a75","local_time":"20201212194920","is_ascension_mode":true,"campfire_choices":[{"data":"HollowMod:GrimmsGift","floor":15.0,"key":"SMITH"},{"data":"HollowMod:SoulEater","floor":23,"key":"SMITH"}],"circlet_count":0,"master_deck":["HollowMod:FocusHealStart","HollowMod:PogoStrike","HollowMod:QuirrelsAssistance","HollowMod:GoodIntentions+1","HollowMod:GrimmsGift+1","HollowMod:SoulVessel","HollowMod:AwokenDreamNail","HollowMod:AwokenDreamNail","HollowMod:HeavyBlow","HollowMod:PureVessel","HollowMod:DashSlash","Trip+1","HollowMod:SoulEater+1","Sadistic Nature","HollowMod:SharpenedNail+1","HollowMod:DashSlash","HollowMod:ShapeofUnn","HollowMod:HornetsHelp","HollowMod:CycloneSlash+1"],"relics":["HollowMod:VesselMask","HollowMod:LifeEnderRelic","MealTicket","Cauldron","Anchor","HollowMod:MantisClawRelic","ClockworkSouvenir","Akabeko","PreservedInsect","Torii","Omamori","Frozen Eye","Nunchaku","SlaversCollar","Tiny Chest","Strange Spoon","Bottled Flame","Hallownest:UnbreakableCardRelic","Boot","StrikeDummy","Blue Candle","Toolbox","Pen Nib","War Paint"],"acts_visited":["Exordium","Hallownest:Greenpath"],"potions_floor_usage":[18,19,27,30],"damage_taken":[{"damage":0.0,"enemies":"Hallownest:2_MossCreeps","floor":1.0,"turns":5.0},{"damage":2.0,"enemies":"Hallownest:2_Baldur","floor":2.0,"turns":4.0},{"damage":28.0,"enemies":"Hallownest:eliteMossKnight","floor":6.0,"turns":11.0},{"damage":0.0,"enemies":"Hallownest:monsterHuskWarrior","floor":7.0,"turns":2.0},{"damage":10.0,"enemies":"Hallownest:1_Baldur_1_Crawlid_1_Warrior","floor":11.0,"turns":5.0},{"damage":8.0,"enemies":"Hallownest:Guard_and_Warrior","floor":13.0,"turns":5.0},{"damage":33.0,"enemies":"Hallownest:BossHornet","floor":16.0,"turns":5.0},{"damage":21,"enemies":"Hallownest:3_Youths","floor":18,"turns":7},{"damage":29,"enemies":"Hallownest:2_Mistakes","floor":24,"turns":6},{"damage":1,"enemies":"Hallownest:2_Husk_Sentries","floor":25,"turns":4},{"damage":14,"enemies":"Hallownest:eliteSoulWarrior","floor":28,"turns":4},{"damage":34,"enemies":"Hallownest:eliteWatcherKnight","floor":30,"turns":10},{"damage":31,"enemies":"Hallownest:3_Mistakes","floor":31,"turns":4}],"seed_played":"-716403530089186599","potions_obtained":[{"floor":4.0,"key":"SkillPotion"},{"floor":4.0,"key":"AttackPotion"},{"floor":4.0,"key":"Block Potion"},{"floor":6.0,"key":"Strength Potion"},{"floor":7.0,"key":"BlessingOfTheForge"},{"floor":13.0,"key":"Fruit Juice"},{"floor":16.0,"key":"FearPotion"},{"floor":30,"key":"LiquidBronze"}],"is_trial":false,"path_per_floor":["M","M","?","$","?","E","M","$","T","T","M","$","M","T","R","B",null,"M","?","?","$","?","R","M","M","T","$","E","?","E","M"],"character_chosen":"THE_BUGKNIGHT","items_purchased":["HollowMod:GoodIntentions","HollowMod:LifeEnderRelic","MealTicket","Cauldron","SteroidPotion","HollowMod:GrimmsGift","HollowMod:MantisClawRelic","ClockworkSouvenir","Akabeko","HollowMod:AwokenDreamNail","Torii","Omamori","Frozen Eye","HollowMod:AwokenDreamNail","Madness","Tiny Chest","Trip","HollowMod:SoulEater","Strange Spoon","Bottled Flame","Sadistic Nature","StrikeDummy","Blue Candle","Toolbox","Fruit Juice","ColorlessPotion","HollowMod:DashSlash","HollowMod:ShapeofUnn"],"campfire_rested":0,"item_purchase_floors":[4,4,4,4,4,4,8,8,8,8,12,12,12,12,12,21,21,21,21,21,21,27,27,27,27,27,27,27],"current_hp_per_floor":[75,75,75,75,75,47,47,62,62,62,52,67,64,64,64,31,80,59,59,59,74,74,74,45,44,44,64,50,50,22,0,0],"gold":2229,"neow_bonus":"REMOVE_TWO","is_daily":false,"chose_seed":false,"campfire_upgraded":2,"win_rate":0.0,"timestamp":1607773760,"path_taken":["M","M","?","$","?","E","M","$","T","?","M","?","M","?","R","BOSS","M","?","?","$","?","R","M","M","T","$","E","?","E","?"],"items_purchased_type":["Card","Relic","Relic","Relic","Potion","Card","Relic","Relic","Relic","Card","Relic","Relic","Relic","Card","Card","Relic","Card","Card","Relic","Relic","Card","Relic","Relic","Relic","Potion","Potion","Card","Card"],"build_version":"2020-11-30","purchased_purges":5,"victory":false,"max_hp_per_floor":[75,75,75,75,75,75,75,75,75,75,75,75,80,80,80,80,80,80,80,80,80,80,80,80,80,80,85,85,85,85,85,85],"card_choices":[{"not_picked":["HollowMod:ChannelNail","HollowMod:CornifersMapStart","HollowMod:PureNailStrike"],"picked":"SKIP","floor":1.0},{"not_picked":["HollowMod:SharpenedNail","HollowMod:InfectedCysts"],"picked":"HollowMod:QuirrelsAssistance","floor":2.0},{"not_picked":["HollowMod:VengefulVoid","HollowMod:FallenFury"],"picked":"HollowMod:AbyssShriek","floor":6.0},{"not_picked":["HollowMod:HeavyBlow","HollowMod:VengefulVoid","HollowMod:DescendingDark"],"picked":"SKIP","floor":7.0},{"not_picked":["HollowMod:GrimmsGift","HollowMod:ShadowDash","HollowMod:DoubleDash"],"picked":"SKIP","floor":11.0},{"not_picked":["HollowMod:SiblingsShadow","HollowMod:DashSlash"],"picked":"HollowMod:HeavyBlow","floor":13.0},{"not_picked":["HollowMod:AwokenDreamNail","HollowMod:LifebloodCore"],"picked":"HollowMod:PureVessel","floor":16.0},{"not_picked":["HollowMod:DescendingDark","HollowMod:Grubsong"],"picked":"HollowMod:DashSlash","floor":18},{"not_picked":["HollowMod:VengefulVoid","HollowMod:DoubleDash"],"picked":"HollowMod:SharpenedNail+1","floor":24},{"not_picked":["HollowMod:ChannelNail","HollowMod:NewLittleFool","HollowMod:MonarchWings"],"picked":"SKIP","floor":25},{"not_picked":["HollowMod:AbyssShriek","HollowMod:RecoilStrike"],"picked":"HollowMod:HornetsHelp","floor":28},{"not_picked":["HollowMod:RecoilStrike","HollowMod:ChannelNail"],"picked":"HollowMod:CycloneSlash+1","floor":30}],"player_experience":209315,"relics_obtained":[{"floor":6.0,"key":"Anchor"},{"floor":9.0,"key":"PreservedInsect"},{"floor":14.0,"key":"Nunchaku"},{"floor":26,"key":"Boot"},{"floor":28,"key":"Pen Nib"},{"floor":30,"key":"War Paint"}],"event_choices":[],"is_beta":false,"boss_relics":[{"not_picked":["Fusion Hammer","Coffee Dripper"],"picked":"SlaversCollar"}],"items_purged_floors":[4,8,12,21,27],"is_endless":false,"potions_floor_spawned":[6,7,13,16,28,30],"killed_by":"Hallownest:3_Mistakes","ascension_level":4}}