{"host":"g53g9qlo34vrqi92","time":1607741279,"event":{"mods":["Aspiration","Bard","BaseMod","Beaked The Cultist","BetterRewards","Colored Map","Conspire","Energized Spire","Fiend Mod","GifTheSpireLib","Googly Eyes","Gremlin Skip","Halation","Hermit","Hubris","Infinite Spire","Jedi Mod","Minty Spire (QoL Compilation)","Permanent Neow","Quick Restart","Relic Filter","Replay The Spire","Spikes Relics","StSLib","Stuff the Spire","Synergy Search","The Bladedancer","The Bug Knight","The Construct","The Cursed","The Factory","The Forsaken","The Jungle","The Necromancer","The Spell Scribe","The Trickster","Trackpad","slay the spire mod where everything is the same but ironclad has a cowboy hat","vexMod"],"gold_per_floor":[112,125,188,44,44,44,126,139,164,181,181,258,258,286,286,387,387,402,66,84,94,106,106,122,122,173,188,188,200,125,100,100,205,205,218,218,4,23,23,23,58,58,82,82,194,209,227,227,227,227],"floor_reached":51,"playtime":7953,"items_purged":[],"score":872,"play_id":"2be04a2a-8651-49be-b998-49cb22cb4b06","local_time":"20201211184759","is_ascension_mode":false,"campfire_choices":[{"floor":6,"key":"REST"},{"floor":11,"key":"REST"},{"floor":15,"key":"REST"},{"floor":23,"key":"REST"},{"floor":25,"key":"REST"},{"floor":32,"key":"REST"},{"floor":40,"key":"REST"},{"floor":44,"key":"REST"},{"data":"ReplayTheSpireMod:Necrosis","floor":49,"key":"SMITH"}],"circlet_count":0,"master_deck":["Strike_G","Strike_G","Strike_G","Strike_G","Defend_G+1","Defend_G","Defend_G","Defend_G","Defend_G","Survivor+1","Neutralize","Noxious Fumes+1","Crippling Poison+1","Quick Slash","Underhanded Strike","ReplayTheSpireMod:Private Reserves+1","Backflip","Eviscerate","Tactician+1","Flying Knee","Poisoned Stab","jedi:pocketpoison","StuffTheSpire:Sprint+1","Replay:Bag of Tricks+1","Poisoned Stab","hubris:SlightOfHand","Escape Plan","jedi:pocketpoison+1","hubris:SlightOfHand","Backstab","ReplayTheSpireMod:Necrosis+1","Deflect","Acrobatics+1","Dash","Leg Sweep","Footwork","StuffTheSpire:Perfection","Parasite","hubris:SlightOfHand+1"],"relics":["Ring of the Snake","Orichalcum","infinitespire:Golems Mask","hubris:MobiusCoin","Blood Vial","theForsaken:PlagueMask","hubris:BundleOfHerbs","vexMod:ImprovementManual","Blue Doll","hubris:EmptyBottle","aspiration:Lifesprig","StuffTheSpire:ForceGauntlet","SacredBark","jedi:ghostblades","jedi:crownofsimplicity","halation:AfternoonTea"],"acts_visited":["Exordium","TheCity","TheBeyond"],"potions_floor_usage":[12,20,20,22,33,35,35,46,46,50,50,50,50,50],"damage_taken":[{"damage":0,"enemies":"Jaw Worm","floor":1,"turns":5},{"damage":0,"enemies":"conspire:RoseBush","floor":2,"turns":5},{"damage":10,"enemies":"3 Sentries","floor":7,"turns":7},{"damage":0,"enemies":"Small Slimes","floor":8,"turns":3},{"damage":0,"enemies":"Blue Slaver","floor":10,"turns":3},{"damage":4,"enemies":"Gremlin Nob","floor":12,"turns":4},{"damage":10,"enemies":"Lagavulin","floor":14,"turns":5},{"damage":27,"enemies":"The Guardian","floor":16,"turns":9},{"damage":13,"enemies":"Shell Parasite","floor":18,"turns":5},{"damage":7,"enemies":"2 Thieves","floor":20,"turns":4},{"damage":36,"enemies":"Shelled Parasite and Fungi","floor":21,"turns":6},{"damage":1,"enemies":"Snecko","floor":22,"turns":4},{"damage":8,"enemies":"Cultist and Chosen","floor":24,"turns":5},{"damage":11,"enemies":"Snake Plant","floor":27,"turns":4},{"damage":23,"enemies":"Shelled Parasite and Fungi","floor":29,"turns":4},{"damage":64,"enemies":"Automaton","floor":33,"turns":9},{"damage":35,"enemies":"3 Darklings","floor":35,"turns":6},{"damage":2,"enemies":"3 Shapes","floor":38,"turns":4},{"damage":56,"enemies":"Nemesis","floor":41,"turns":11},{"damage":6,"enemies":"Transient","floor":45,"turns":5},{"damage":1,"enemies":"Writhing Mass","floor":46,"turns":4},{"damage":0,"enemies":"4 Shapes","floor":47,"turns":5},{"damage":88,"enemies":"Donu and Deca","floor":50,"turns":9}],"seed_played":"-3961375000955069326","potions_obtained":[{"floor":2,"key":"DistilledChaos"},{"floor":10,"key":"Energy Potion"},{"floor":12,"key":"BlessingOfTheForge"},{"floor":16,"key":"Explosive Potion"},{"floor":22,"key":"Strength Potion"},{"floor":33,"key":"Adrenaline Potion"},{"floor":46,"key":"AttackPotion"},{"floor":47,"key":"DistilledChaos"}],"is_trial":false,"path_per_floor":["M","M","?","$","?","R","E","M","T","M","R","E","?","E","R","B",null,"M","$","M","M","M","R","M","R","T","M","?","M","?","?","R","B",null,"M","?","$","M","AVR","R","E","?","T","R","M","M","M","?","R","B",null],"character_chosen":"THE_SILENT","items_purchased":["Noxious Fumes","Orichalcum","ReplayTheSpireMod:Private Reserves","Backflip","Blue Doll","hubris:EmptyBottle","hubris:SlightOfHand","Acrobatics+1","Dash","Leg Sweep","Explosive Potion"],"campfire_rested":8,"item_purchase_floors":[0,0,4,4,19,19,19,37,37,37,37],"current_hp_per_floor":[63,63,35,35,35,56,46,48,48,50,70,66,66,58,70,43,70,57,57,52,18,19,40,40,61,61,52,52,31,31,31,52,2,70,35,35,35,35,35,56,2,2,2,23,64,65,67,67,67,31],"gold":227,"neow_bonus":"","is_daily":false,"chose_seed":false,"campfire_upgraded":1,"win_rate":0.0,"timestamp":1607741279,"path_taken":["M","M","?","$","?","R","E","M","T","?","R","E","?","E","R","BOSS","M","$","M","M","M","R","M","R","T","M","?","M","?","?","R","BOSS","M","?","?","M","AVR","R","E","?","T","R","M","M","?","?","R","BOSS"],"items_purchased_type":["Card","Relic","Card","Card","Relic","Relic","Card","Card","Card","Card","Potion"],"build_version":"2020-11-30","purchased_purges":0,"victory":true,"max_hp_per_floor":[70,70,70,70,70,70,70,70,70,70,70,70,70,70,70,70,70,70,70,70,70,70,70,70,70,70,70,70,70,70,70,70,70,70,70,70,70,70,70,70,70,70,70,70,70,70,70,70,70,70],"card_choices":[{"not_picked":["Outmaneuver","Dagger Throw"],"picked":"Crippling Poison","floor":1},{"not_picked":["Prepared","ReplayTheSpireMod:Shiv Toss","Sucker Punch"],"picked":"SKIP","floor":2},{"not_picked":["conspire:DoublingDagger","Outmaneuver"],"picked":"Quick Slash","floor":3},{"not_picked":["Infinite Blades","Sucker Punch"],"picked":"Underhanded Strike","floor":3},{"not_picked":["Infinite Blades","aspiration:Lunge"],"picked":"Tactician","floor":7},{"not_picked":["jedi:collectorvenom","Quick Slash"],"picked":"Flying Knee","floor":8},{"not_picked":["Blade Dance","Acrobatics"],"picked":"Poisoned Stab","floor":10},{"not_picked":["Poisoned Stab","Leg Sweep"],"picked":"jedi:pocketpoison","floor":12},{"not_picked":["Setup","hubris:Sniper"],"picked":"StuffTheSpire:Sprint","floor":14},{"not_picked":["Storm of Steel","Malaise"],"picked":"Replay:Bag of Tricks","floor":16},{"not_picked":["Underhanded Strike+1","Eviscerate"],"picked":"Poisoned Stab","floor":18},{"not_picked":["Backflip+1","Leg Sweep"],"picked":"Escape Plan","floor":20},{"not_picked":["Dagger Spray","Slice+1"],"picked":"jedi:pocketpoison+1","floor":21},{"not_picked":["hubris:TrickCloak+1","Backflip","Outmaneuver"],"picked":"SKIP","floor":22},{"not_picked":["Dagger Spray","Sucker Punch+1","Slice"],"picked":"SKIP","floor":24},{"not_picked":["Infinite Blades","Atom Bomb"],"picked":"hubris:SlightOfHand","floor":27},{"not_picked":["Infinite Blades+1","StuffTheSpire:BumpUp+1"],"picked":"Backstab","floor":29},{"not_picked":["Replay:Bag of Tricks","Unload"],"picked":"ReplayTheSpireMod:Necrosis","floor":33},{"not_picked":["Sneak Up+1","Quick Slash+1"],"picked":"Deflect","floor":35},{"not_picked":["jedi:collectorvenom","Riddle With Holes","Dodge and Roll"],"picked":"SKIP","floor":38},{"not_picked":["PiercingWail","ReplayTheSpireMod:The Works+1"],"picked":"Footwork","floor":41},{"not_picked":["StuffTheSpire:Rapture","StuffTheSpire:Vigor"],"picked":"StuffTheSpire:Perfection","floor":42},{"not_picked":["hubris:TrickCloak+1","Dodge and Roll+1","Deflect"],"picked":"SKIP","floor":45},{"not_picked":["Flying Knee","Hidden Blade+1"],"picked":"hubris:SlightOfHand+1","floor":46},{"not_picked":["StuffTheSpire:Injection","Hidden Blade","Heel Hook+1"],"picked":"SKIP","floor":47}],"player_experience":950442,"relics_obtained":[{"floor":3,"key":"hubris:MobiusCoin"},{"floor":7,"key":"Blood Vial"},{"floor":12,"key":"Replay:Mystery Machine"},{"floor":14,"key":"hubris:BundleOfHerbs"},{"floor":26,"key":"aspiration:Lifesprig"},{"floor":41,"key":"jedi:crownofsimplicity"},{"floor":43,"key":"halation:AfternoonTea"}],"event_choices":[{"damage_healed":0,"gold_gain":0,"cards_transformed":["Strike_G"],"player_choice":"Transformed","damage_taken":0,"max_hp_gain":0,"max_hp_loss":0,"event_name":"Transmorgrifier","floor":5,"gold_loss":0,"cards_obtained":["Eviscerate"]},{"damage_healed":0,"gold_gain":0,"player_choice":"Obtain Plague Curse","damage_taken":0,"max_hp_gain":0,"max_hp_loss":0,"event_name":"Plague Doctor","floor":13,"gold_loss":0,"cards_obtained":["theForsaken:PlagueCurse"]},{"damage_healed":0,"gold_gain":0,"player_choice":"Ignored","damage_taken":0,"max_hp_gain":0,"max_hp_loss":0,"event_name":"Ghosts","floor":28,"gold_loss":0},{"cards_removed":["theForsaken:PlagueCurse"],"damage_healed":0,"gold_gain":0,"player_choice":"Gave Gold","damage_taken":0,"max_hp_gain":0,"max_hp_loss":0,"event_name":"Beggar","floor":30,"gold_loss":75},{"damage_healed":0,"gold_gain":0,"player_choice":"Ignored","damage_taken":0,"max_hp_gain":0,"max_hp_loss":0,"event_name":"Mysterious Sphere","floor":36,"gold_loss":0},{"damage_healed":0,"gold_gain":0,"player_choice":"Leave","damage_taken":0,"max_hp_gain":0,"max_hp_loss":0,"event_name":"conspire:Investor","floor":48,"gold_loss":0}],"is_beta":false,"boss_relics":[{"not_picked":["halation:HeavySnake","Runic Dome"],"picked":"vexMod:ImprovementManual"},{"not_picked":["vexMod:CursedCompass","aspiration:BeakedSkillbook"],"picked":"SacredBark"}],"items_purged_floors":[],"is_endless":false,"potions_floor_spawned":[2,10,12,16,18,22,27,33,38,45,46,47],"ascension_level":0}}