{"host":"2ttsipbxjlhedj1t","time":1607802197,"event":{"mods":["2.2 Compatiblity","Act Like it!","BaseMod","Colored Map","Colored Powertips","Highlight Path","Minty Spire (QoL Compilation)","Quick Restart","Shop Mod","StSLib"],"gold_per_floor":[210,170,190,203,220,250,266,276,276,51,80,96,125,300,300,399,399,409,395,30,30,46,46,64,15,68,68,93,93,113,125,125,223,273,291,310,88,88,88,88,156,206,206,221,221,234,30,50,50,50],"floor_reached":51,"playtime":3942,"items_purged":["Doubt","Defend_B"],"score":914,"play_id":"cc6aad4b-83bd-4103-8939-ddde461cb39f","local_time":"20201212144317","is_ascension_mode":true,"campfire_choices":[{"floor":15.0,"key":"REST"},{"data":"Dualcast","floor":23.0,"key":"SMITH"},{"data":"Redo","floor":27.0,"key":"SMITH"},{"data":"Darkness","floor":29.0,"key":"SMITH"},{"floor":32.0,"key":"REST"},{"data":"Redo","floor":40,"key":"SMITH"},{"data":"Defragment","floor":45,"key":"SMITH"},{"data":"Buffer","floor":49,"key":"SMITH"}],"circlet_count":0,"master_deck":["Strike_B","Strike_B","Strike_B","Strike_B","Defend_B","Defend_B","Defend_B","Zap+1","Dualcast+1","Hologram","Leap","Chill","Self Repair","Coolheaded","Defragment+1","Redo+1","Doom and Gloom","Loop","Darkness+1","Rebound","Buffer+1","Glacier+1","Doom and Gloom","Self Repair","Multi-Cast","Redo+1","Impatience","Defragment+1"],"relics":["Cracked Core","Cables","Dream Catcher","MealTicket","Strawberry","Vajra","Nuclear Battery","CaptainsWheel","Omamori","StrikeDummy","Tiny House","Bronze Scales","Singing Bowl","FossilizedHelix","Pantograph"],"acts_visited":["Exordium","TheCity","TheBeyond"],"potions_floor_usage":[35,42,44,44,46,50],"damage_taken":[{"damage":1.0,"enemies":"Cultist","floor":1.0,"turns":4.0},{"damage":1.0,"enemies":"Jaw Worm","floor":3.0,"turns":4.0},{"damage":5.0,"enemies":"Small Slimes","floor":4.0,"turns":2.0},{"damage":10.0,"enemies":"Exordium Thugs","floor":5.0,"turns":5.0},{"damage":0.0,"enemies":"3 Sentries","floor":6.0,"turns":1.0},{"damage":0.0,"enemies":"2 Fungi Beasts","floor":7.0,"turns":4.0},{"damage":3.0,"enemies":"Blue Slaver","floor":8.0,"turns":5.0},{"damage":34.0,"enemies":"Gremlin Nob","floor":11.0,"turns":4.0},{"damage":12.0,"enemies":"Large Slime","floor":12.0,"turns":5.0},{"damage":26.0,"enemies":"Lagavulin","floor":13.0,"turns":5.0},{"damage":46.0,"enemies":"Slime Boss","floor":16.0,"turns":8.0},{"damage":16.0,"enemies":"3 Byrds","floor":18.0,"turns":5.0},{"damage":1.0,"enemies":"2 Thieves","floor":19.0,"turns":4.0},{"damage":18.0,"enemies":"3 Cultists","floor":22.0,"turns":5.0},{"damage":1.0,"enemies":"Snecko","floor":24.0,"turns":4.0},{"damage":40.0,"enemies":"Gremlin Leader","floor":28.0,"turns":7.0},{"damage":13.0,"enemies":"Cultist and Chosen","floor":30.0,"turns":6.0},{"damage":20.0,"enemies":"Shelled Parasite and Fungi","floor":31.0,"turns":4.0},{"damage":36,"enemies":"Champ","floor":33,"turns":10},{"damage":50,"enemies":"3 Darklings","floor":35,"turns":6},{"damage":0,"enemies":"Orb Walker","floor":36,"turns":2},{"damage":0,"enemies":"Mind Bloom Boss Battle","floor":42,"turns":10},{"damage":0,"enemies":"3 Darklings","floor":44,"turns":6},{"damage":54,"enemies":"Transient","floor":46,"turns":5},{"damage":0,"enemies":"Jaw Worm Horde","floor":48,"turns":6},{"damage":120,"enemies":"Time Eater","floor":50,"turns":9}],"seed_played":"-5734672614141200707","potions_obtained":[{"floor":2.0,"key":"Weak Potion"},{"floor":2.0,"key":"PowerPotion"},{"floor":2.0,"key":"Fire Potion"},{"floor":3.0,"key":"DuplicationPotion"},{"floor":5.0,"key":"Dexterity Potion"},{"floor":6.0,"key":"Fire Potion"},{"floor":7.0,"key":"GamblersBrew"},{"floor":11.0,"key":"BlessingOfTheForge"},{"floor":12.0,"key":"FearPotion"},{"floor":18.0,"key":"FocusPotion"},{"floor":24.0,"key":"Weak Potion"},{"floor":30.0,"key":"FairyPotion"},{"floor":31.0,"key":"GamblersBrew"},{"floor":42,"key":"EntropicBrew"}],"is_trial":false,"path_per_floor":["M","?","M","M","M","E","M","M","T","$","E","M","E","?","R","B",null,"M","M","$","?","M","R","M","$","T","R","E","R","M","M","R","B",null,"M","M","$","?","?","R","T","?","T","M","R","M","$","M","R","B",null],"character_chosen":"DEFECT","items_purchased":["MealTicket","Doom and Gloom","CaptainsWheel","Doom and Gloom","SkillPotion","Bronze Scales","Fire Potion","AttackPotion"],"campfire_rested":2,"item_purchase_floors":[10,10,20,20,25,37,47,47],"current_hp_per_floor":[74,74,73,68,58,58,65,69,69,69,49,44,25,25,49,10,64,55,61,76,76,65,65,71,82,82,82,49,49,43,30,54,25,73,30,30,45,67,67,67,67,81,81,89,89,51,66,82,82,10],"gold":50,"neow_bonus":"HUNDRED_GOLD","is_daily":false,"chose_seed":false,"campfire_upgraded":6,"win_rate":0.0,"timestamp":1607802197,"path_taken":["M","?","?","?","M","E","M","M","T","$","E","M","E","?","R","BOSS","M","M","$","?","?","R","M","$","T","R","E","R","M","M","R","BOSS","M","M","$","?","?","R","?","?","T","M","R","M","$","M","R","BOSS"],"items_purchased_type":["Relic","Card","Relic","Card","Potion","Relic","Potion","Potion"],"build_version":"2020-11-30","purchased_purges":2,"victory":true,"max_hp_per_floor":[75,75,75,75,75,75,75,75,75,75,82,82,82,82,82,82,82,82,82,82,82,82,82,82,82,82,82,82,82,82,82,82,82,87,87,87,87,87,87,87,87,87,87,89,89,91,91,93,93,93],"card_choices":[{"not_picked":["Compile Driver","Streamline"],"picked":"Hologram","floor":1.0},{"not_picked":["Storm","Undo"],"picked":"Leap","floor":3.0},{"not_picked":["Ball Lightning","Gash"],"picked":"Chill","floor":4.0},{"not_picked":["Beam Cell","Steam Power"],"picked":"Self Repair","floor":5.0},{"not_picked":["Reprogram","Scrape"],"picked":"Coolheaded","floor":6.0},{"not_picked":["Cold Snap","Rainbow"],"picked":"Defragment","floor":7.0},{"not_picked":["Hologram","Defragment"],"picked":"Redo","floor":8.0},{"not_picked":["Compile Driver","Leap","Beam Cell"],"picked":"SKIP","floor":11.0},{"not_picked":["Rebound","Streamline"],"picked":"Loop","floor":12.0},{"not_picked":["Compile Driver","Auto Shields"],"picked":"Darkness","floor":13.0},{"not_picked":["Hello World","White Noise"],"picked":"Rebound","floor":15.0},{"not_picked":["Hyperbeam","Reboot"],"picked":"Buffer","floor":16.0},{"not_picked":["Chaos","Hologram"],"picked":"Glacier","floor":18.0},{"not_picked":["Tempest","Barrage","Go for the Eyes"],"picked":"SKIP","floor":19.0},{"not_picked":["Coolheaded+1","Skim+1","Go for the Eyes"],"picked":"SKIP","floor":22.0},{"not_picked":["Hello World","Rip and Tear","Hologram"],"picked":"SKIP","floor":24.0},{"not_picked":["Turbo","Echo Form","Rip and Tear"],"picked":"SKIP","floor":28.0},{"not_picked":["Beam Cell","White Noise","Cold Snap"],"picked":"SKIP","floor":30.0},{"not_picked":["Leap","Beam Cell+1","Barrage+1"],"picked":"SKIP","floor":31.0},{"not_picked":["Go for the Eyes+1","Hologram"],"picked":"Self Repair","floor":32.0},{"not_picked":["Amplify","Fission"],"picked":"Multi-Cast","floor":33},{"not_picked":["Beam Cell+1","Steam"],"picked":"Redo","floor":34},{"not_picked":["Melter","Gash","Double Energy+1"],"picked":"SKIP","floor":35},{"not_picked":["Steam","Glacier","Genetic Algorithm"],"picked":"SKIP","floor":36},{"not_picked":["Blind","Mind Blast"],"picked":"Impatience","floor":39},{"not_picked":["Stack+1","Capacitor+1"],"picked":"Defragment+1","floor":42},{"not_picked":["Leap+1","Cold Snap","Hologram"],"picked":"Singing Bowl","floor":44},{"not_picked":["Sweeping Beam+1","Hologram+1","Conserve Battery+1"],"picked":"Singing Bowl","floor":46},{"not_picked":["Stack+1","Blizzard","Turbo+1"],"picked":"Singing Bowl","floor":48}],"player_experience":328891,"relics_obtained":[{"floor":6.0,"key":"Cables"},{"floor":9.0,"key":"Dream Catcher"},{"floor":11.0,"key":"Strawberry"},{"floor":13.0,"key":"Vajra"},{"floor":26.0,"key":"Omamori"},{"floor":28.0,"key":"StrikeDummy"},{"floor":41,"key":"Singing Bowl"},{"floor":42,"key":"FossilizedHelix"},{"floor":43,"key":"Pantograph"}],"event_choices":[{"damage_healed":0.0,"max_hp_gain":0.0,"max_hp_loss":0.0,"gold_gain":0.0,"event_name":"The Woman in Blue","player_choice":"Bought 3 Potions","floor":2.0,"gold_loss":0.0,"damage_taken":0.0},{"damage_healed":0.0,"max_hp_gain":0.0,"max_hp_loss":0.0,"gold_gain":175.0,"event_name":"Liars Game","player_choice":"AGREE","floor":14.0,"gold_loss":0.0,"damage_taken":0.0,"cards_obtained":["Doubt"]},{"damage_healed":0.0,"max_hp_gain":0.0,"max_hp_loss":0.0,"gold_gain":0.0,"event_name":"Accursed Blacksmith","player_choice":"Forge","floor":21.0,"gold_loss":0.0,"damage_taken":0.0,"cards_upgraded":["Zap"]},{"damage_healed":22,"gold_gain":0,"player_choice":"Writhe","damage_taken":0,"max_hp_gain":0,"max_hp_loss":0,"event_name":"Winding Halls","floor":38,"gold_loss":0,"cards_obtained":["Writhe"]},{"damage_healed":0,"gold_gain":0,"player_choice":"Memory 1","damage_taken":0,"max_hp_gain":0,"max_hp_loss":0,"event_name":"SensoryStone","floor":39,"gold_loss":0},{"damage_healed":0,"gold_gain":0,"player_choice":"Fight","damage_taken":0,"max_hp_gain":0,"max_hp_loss":0,"event_name":"MindBloom","floor":42,"gold_loss":0}],"is_beta":false,"boss_relics":[{"not_picked":["Ectoplasm","Inserter"],"picked":"Nuclear Battery"},{"not_picked":["Runic Pyramid","SlaversCollar"],"picked":"Tiny House"}],"items_purged_floors":[37,47],"is_endless":false,"potions_floor_spawned":[3,5,6,7,11,12,18,24,30,31,42,48],"ascension_level":5}}