{"host":"jx3f6ezc0g3s9edc","time":1607741632,"event":{"mods":["AchievementEnabler","BaseMod","Bestiary","Colored Map","Highlight Path","Minty Spire (QoL Compilation)","StSLib"],"gold_per_floor":[110,110,120,120,139,139,177,15,15,28,28,42,142,165,165,293,293,318,341,80,80,98,98,142,142,169,169,193,224,224,224,224,345,345,365,365,87,87,87,87,87,87,87,111,174,205,205,239,239,239,239],"floor_reached":50,"playtime":3622,"items_purged":["Strike_G"],"score":839,"play_id":"038f027b-fdcd-41cb-a231-11c45a63dde0","local_time":"20201211215352","is_ascension_mode":true,"campfire_choices":[{"data":"Neutralize","floor":6.0,"key":"SMITH"},{"floor":15,"key":"REST"},{"floor":23,"key":"REST"},{"data":"Accuracy","floor":25,"key":"SMITH"},{"data":"Footwork","floor":30,"key":"SMITH"},{"floor":32,"key":"REST"},{"floor":40,"key":"REST"},{"floor":42,"key":"REST"},{"floor":47,"key":"REST"},{"floor":49,"key":"REST"}],"circlet_count":0,"master_deck":["AscendersBane","Survivor","Neutralize+1","Blade Dance","Dagger Spray","Sucker Punch","Bouncing Flask+1","Footwork+1","Cloak And Dagger+1","Leg Sweep+1","Setup+1","Phantasmal Killer+1","A Thousand Cuts","Die Die Die","Dodge and Roll+1","Phantasmal Killer+1","Footwork","Prepared+1","Accuracy+1","Leg Sweep+1","Dodge and Roll+1","Cloak And Dagger+1","Panacea+1","Footwork+1","Noxious Fumes+1","Blade Dance+1","Envenom","Caltrops","Catalyst+1","Acrobatics+1"],"relics":["Sozu","Golden Idol","Toxic Egg 2","Bottled Lightning","Pandora\u0027s Box","Bag of Preparation","Incense Burner","Smiling Mask","Orichalcum","Fusion Hammer","Letter Opener","Ninja Scroll","Gambling Chip","The Courier","Question Card"],"acts_visited":["Exordium","TheCity","TheBeyond"],"potions_floor_usage":[],"damage_taken":[{"damage":0.0,"enemies":"Cultist","floor":1.0,"turns":5.0},{"damage":0.0,"enemies":"Jaw Worm","floor":3.0,"turns":4.0},{"damage":2.0,"enemies":"2 Louse","floor":5.0,"turns":2.0},{"damage":21.0,"enemies":"Lagavulin","floor":7.0,"turns":9.0},{"damage":0.0,"enemies":"2 Fungi Beasts","floor":10.0,"turns":2.0},{"damage":4.0,"enemies":"Lots of Slimes","floor":12.0,"turns":3.0},{"damage":0,"enemies":"Large Slime","floor":14,"turns":5},{"damage":4,"enemies":"Hexaghost","floor":16,"turns":13},{"damage":17,"enemies":"3 Byrds","floor":18,"turns":5},{"damage":5,"enemies":"Shell Parasite","floor":19,"turns":6},{"damage":13,"enemies":"Snecko","floor":22,"turns":3},{"damage":0,"enemies":"Book of Stabbing","floor":24,"turns":5},{"damage":0,"enemies":"Chosen and Byrds","floor":28,"turns":6},{"damage":18,"enemies":"Slavers","floor":29,"turns":6},{"damage":5,"enemies":"Automaton","floor":33,"turns":9},{"damage":0,"enemies":"Orb Walker","floor":35,"turns":4},{"damage":0,"enemies":"3 Shapes","floor":44,"turns":5},{"damage":21,"enemies":"Mind Bloom Boss Battle","floor":45,"turns":6},{"damage":16,"enemies":"Giant Head","floor":46,"turns":6},{"damage":19,"enemies":"Nemesis","floor":48,"turns":7},{"damage":50,"enemies":"Donu and Deca","floor":50,"turns":4}],"seed_played":"-8123474255009093681","potions_obtained":[],"is_trial":false,"path_per_floor":["M","?","M","?","M","R","E","$","T","M","?","M","?","M","R","B",null,"M","M","$","?","M","R","E","R","T","?","M","E","R","$","R","B",null,"M","?","$","?","$","R","$","R","T","M","?","E","R","E","R","B"],"character_chosen":"THE_SILENT","items_purchased":["Footwork","Cloak And Dagger+1","Cloak And Dagger+1","Bag of Preparation","Panacea+1","Caltrops","Letter Opener"],"campfire_rested":7,"item_purchase_floors":[8,8,20,20,20,37,37],"current_hp_per_floor":[63,63,63,63,61,61,40,40,40,40,40,36,36,36,55,51,62,45,40,40,40,27,46,46,46,46,51,51,33,33,33,52,47,61,61,61,61,65,65,65,65,65,65,65,44,28,47,28,47,0,0],"gold":239,"neow_bonus":"BOSS_RELIC","is_daily":false,"chose_seed":false,"campfire_upgraded":3,"win_rate":0.0,"timestamp":1607741632,"path_taken":["M","?","M","?","M","R","E","?","T","?","?","M","?","M","R","BOSS","M","?","$","?","M","R","E","R","T","?","M","E","R","$","R","BOSS","M","?","$","?","$","R","$","R","T","?","?","E","R","E","R","BOSS"],"items_purchased_type":["Card","Card","Card","Relic","Card","Card","Relic"],"build_version":"2020-11-30","purchased_purges":1,"victory":false,"max_hp_per_floor":[70,70,70,65,65,65,65,65,65,65,65,65,65,65,65,65,65,65,65,65,65,65,65,65,65,65,65,65,65,65,65,65,65,65,65,65,65,65,65,65,65,65,65,65,65,65,65,65,65,65,65],"card_choices":[{"not_picked":["Dagger Throw","Cloak And Dagger"],"picked":"Blade Dance","floor":1.0},{"not_picked":["Venomology","Escape Plan"],"picked":"Dagger Spray","floor":3.0},{"not_picked":["Quick Slash","Skewer"],"picked":"Sucker Punch","floor":5.0},{"not_picked":["Flying Knee","All Out Attack"],"picked":"Bouncing Flask+1","floor":7.0},{"not_picked":["Quick Slash","Dagger Throw"],"picked":"Leg Sweep+1","floor":10.0},{"not_picked":["Dagger Throw","Sucker Punch","Underhanded Strike"],"picked":"SKIP","floor":12.0},{"not_picked":["Dagger Spray","Endless Agony"],"picked":"Setup+1","floor":14},{"not_picked":["Malaise+1","Glass Knife"],"picked":"Phantasmal Killer+1","floor":16},{"not_picked":["Outmaneuver+1","Riddle With Holes+1","Setup+1"],"picked":"SKIP","floor":18},{"not_picked":["Predator","Slice+1"],"picked":"Dodge and Roll+1","floor":19},{"not_picked":["Dagger Throw","Outmaneuver+1"],"picked":"Footwork","floor":22},{"not_picked":["Escape Plan+1","Sucker Punch","Expertise+1"],"picked":"SKIP","floor":24},{"not_picked":["Sucker Punch","Poisoned Stab"],"picked":"Noxious Fumes+1","floor":28},{"not_picked":["Noxious Fumes","Dodge and Roll+1"],"picked":"Blade Dance+1","floor":29},{"not_picked":["Phantasmal Killer+1","Adrenaline+1"],"picked":"Envenom","floor":33},{"not_picked":["Poisoned Stab","Dagger Spray+1","Dash"],"picked":"SKIP","floor":35},{"not_picked":["Cloak And Dagger+1","Dodge and Roll+1"],"picked":"Catalyst+1","floor":44},{"not_picked":["Expertise+1","Leg Sweep+1","Quick Slash+1"],"picked":"SKIP","floor":46},{"not_picked":["Backstab+1","Predator"],"picked":"Acrobatics+1","floor":48}],"player_experience":654121,"relics_obtained":[{"floor":7.0,"key":"Toxic Egg 2"},{"floor":9.0,"key":"Bottled Lightning"},{"floor":24,"key":"Incense Burner"},{"floor":26,"key":"Smiling Mask"},{"floor":29,"key":"Orichalcum"},{"floor":43,"key":"Ninja Scroll"},{"floor":45,"key":"Gambling Chip"},{"floor":46,"key":"The Courier"},{"floor":48,"key":"Question Card"}],"event_choices":[{"damage_healed":0.0,"max_hp_gain":0.0,"max_hp_loss":0.0,"gold_gain":0.0,"event_name":"Liars Game","player_choice":"Ignored","floor":2.0,"gold_loss":0.0,"damage_taken":0.0},{"damage_healed":0.0,"max_hp_gain":0.0,"max_hp_loss":5.0,"gold_gain":0.0,"event_name":"Golden Idol","player_choice":"Lose Max HP","floor":4.0,"gold_loss":0.0,"damage_taken":0.0,"relics_obtained":["Golden Idol"]},{"damage_healed":0.0,"max_hp_gain":0.0,"max_hp_loss":0.0,"gold_gain":0.0,"event_name":"Living Wall","player_choice":"Grow","floor":11.0,"gold_loss":0.0,"damage_taken":0.0,"cards_upgraded":["Footwork"]},{"damage_healed":0.0,"max_hp_gain":0.0,"max_hp_loss":0.0,"gold_gain":100.0,"event_name":"Golden Shrine","player_choice":"Pray","floor":13.0,"gold_loss":0.0,"damage_taken":0.0},{"damage_healed":0,"gold_gain":0,"player_choice":"Ignored","damage_taken":0,"max_hp_gain":0,"max_hp_loss":0,"event_name":"Beggar","floor":21,"gold_loss":0},{"cards_removed":["Dagger Throw"],"damage_healed":5,"gold_gain":0,"player_choice":"Offered Common","damage_taken":0,"max_hp_gain":0,"max_hp_loss":0,"event_name":"Bonfire Elementals","floor":27,"gold_loss":0},{"cards_removed":["Dagger Throw"],"damage_healed":5,"gold_gain":0,"player_choice":"Offered Special","damage_taken":0,"max_hp_gain":0,"max_hp_loss":0,"event_name":"Bonfire Elementals","floor":27,"gold_loss":0},{"damage_healed":0,"gold_gain":0,"player_choice":"Ignored","damage_taken":0,"max_hp_gain":0,"max_hp_loss":0,"event_name":"Tomb of Lord Red Mask","floor":36,"gold_loss":0},{"damage_healed":4,"gold_gain":0,"player_choice":"Full Heal","damage_taken":0,"max_hp_gain":0,"max_hp_loss":0,"event_name":"Wheel of Change","floor":38,"gold_loss":0},{"damage_healed":0,"gold_gain":0,"player_choice":"Fight","damage_taken":0,"max_hp_gain":0,"max_hp_loss":0,"event_name":"MindBloom","floor":45,"gold_loss":0}],"is_beta":false,"boss_relics":[{"not_picked":["Empty Cage","SlaversCollar"],"picked":"Pandora\u0027s Box"},{"not_picked":["Coffee Dripper","Astrolabe"],"picked":"Fusion Hammer"}],"items_purged_floors":[8],"is_endless":false,"potions_floor_spawned":[3,5,7,16,19,24,44,48],"killed_by":"Donu and Deca","ascension_level":10}}