{"host":"utqe55yv0jihe4d6","time":1607744197,"event":{"mods":["2.2 Compatiblity","AchievementEnabler","BaseMod","Block Reminder","Colored Map","Colored Powertips","Minty Spire (QoL Compilation)","Quick Restart","Rare Cards Sparkle","Relic Stats","SuperFastMode"],"gold_per_floor":[111,125,22,35,35,35,45,75,75,75,89,101,126,146,146,222,222,233,250,250,250],"floor_reached":20,"playtime":645,"items_purged":[],"score":376,"play_id":"53be98fa-bd83-4797-9394-6352d97c3ced","local_time":"20201211223637","is_ascension_mode":true,"campfire_choices":[{"data":"Neutralize","floor":6.0,"key":"SMITH"},{"floor":10.0,"key":"REST"},{"floor":15,"key":"REST"}],"circlet_count":0,"master_deck":["AscendersBane","Strike_G","Strike_G","Strike_G","Strike_G","Defend_G","Defend_G","Defend_G","Defend_G","Defend_G","Survivor","Neutralize+1","Heel Hook","Dagger Spray","Quick Slash","Predator","Deadly Poison","Crippling Poison","Escape Plan","Corpse Explosion","Escape Plan+1","Footwork"],"relics":["Black Star","Mummified Hand","InkBottle","StrikeDummy","Eternal Feather","Vajra","Coffee Dripper"],"acts_visited":["Exordium","TheCity"],"potions_floor_usage":[14,16],"damage_taken":[{"damage":4.0,"enemies":"2 Louse","floor":1.0,"turns":4.0},{"damage":4.0,"enemies":"Cultist","floor":2.0,"turns":4.0},{"damage":4.0,"enemies":"Jaw Worm","floor":4.0,"turns":4.0},{"damage":8.0,"enemies":"3 Louse","floor":7.0,"turns":3.0},{"damage":12.0,"enemies":"3 Sentries","floor":8.0,"turns":6.0},{"damage":9.0,"enemies":"Exordium Wildlife","floor":11.0,"turns":3.0},{"damage":0.0,"enemies":"Large Slime","floor":12.0,"turns":4.0},{"damage":21.0,"enemies":"Lagavulin","floor":13.0,"turns":6.0},{"damage":0,"enemies":"Gremlin Gang","floor":14,"turns":1},{"damage":37,"enemies":"Slime Boss","floor":16,"turns":10},{"damage":25,"enemies":"Shell Parasite","floor":18,"turns":6},{"damage":13,"enemies":"Spheric Guardian","floor":19,"turns":6},{"damage":18,"enemies":"Snake Plant","floor":20,"turns":2}],"seed_played":"-2457671080207560027","potions_obtained":[{"floor":2.0,"key":"GamblersBrew"},{"floor":4.0,"key":"SteroidPotion"},{"floor":12.0,"key":"SteroidPotion"},{"floor":13.0,"key":"GamblersBrew"}],"is_trial":false,"path_per_floor":["M","M","$","M","?","R","M","E","T","R","M","M","E","M","R","B",null,"M","M","M"],"character_chosen":"THE_SILENT","items_purchased":["Fire Potion","Quick Slash"],"campfire_rested":2,"item_purchase_floors":[3,3],"current_hp_per_floor":[55,51,51,47,47,47,39,27,27,46,37,37,16,16,44,7,51,26,13,0,0],"gold":250,"neow_bonus":"BOSS_RELIC","is_daily":false,"chose_seed":false,"campfire_upgraded":1,"win_rate":0.0,"timestamp":1607744197,"path_taken":["M","M","$","M","?","R","M","E","T","R","M","M","E","M","R","BOSS","M","M","?"],"items_purchased_type":["Potion","Card"],"build_version":"2020-11-30","purchased_purges":0,"victory":false,"max_hp_per_floor":[66,66,66,66,66,66,66,66,66,66,66,66,66,66,66,66,66,66,66,66,66],"relic_stats":{"counters":[13,59],"Mummified Hand":[1],"Eternal Feather":9,"Black Star":2,"obtain_stats":[{"Mummified Hand":8,"Vajra":13,"Eternal Feather":13,"Black Star":0,"Coffee Dripper":17,"StrikeDummy":9,"InkBottle":8,"Ring of the Snake":0},{"Mummified Hand":5,"Vajra":8,"Eternal Feather":8,"Black Star":0,"Coffee Dripper":10,"StrikeDummy":5,"InkBottle":5,"Ring of the Snake":0},{"Mummified Hand":21,"Vajra":34,"Eternal Feather":34,"Black Star":0,"Coffee Dripper":45,"StrikeDummy":21,"InkBottle":21,"Ring of the Snake":0}],"InkBottle":[12]},"card_choices":[{"not_picked":["Dodge and Roll","Outmaneuver"],"picked":"Heel Hook","floor":1.0},{"not_picked":["Prepared","Deadly Poison"],"picked":"Dagger Spray","floor":2.0},{"not_picked":["Cloak And Dagger","Backflip"],"picked":"Predator","floor":4.0},{"not_picked":["Slice","Flying Knee"],"picked":"Deadly Poison","floor":7.0},{"not_picked":["Bane","Quick Slash"],"picked":"Crippling Poison","floor":8.0},{"not_picked":["Blade Dance","Choke"],"picked":"Escape Plan","floor":11.0},{"not_picked":["Blade Dance","Deflect","Deadly Poison"],"picked":"SKIP","floor":12.0},{"not_picked":["Deadly Poison","Outmaneuver","Distraction"],"picked":"SKIP","floor":13.0},{"not_picked":["Slice","Bane","Blade Dance"],"picked":"SKIP","floor":14},{"not_picked":["Glass Knife","After Image"],"picked":"Corpse Explosion","floor":16},{"not_picked":["Blade Dance","Dodge and Roll"],"picked":"Escape Plan+1","floor":18},{"not_picked":["Flechettes","Masterful Stab"],"picked":"Footwork","floor":19}],"player_experience":2740459,"relics_obtained":[{"floor":8.0,"key":"Mummified Hand"},{"floor":8.0,"key":"InkBottle"},{"floor":9.0,"key":"StrikeDummy"},{"floor":13.0,"key":"Eternal Feather"},{"floor":13.0,"key":"Vajra"}],"event_choices":[{"cards_removed":["Strike_G"],"damage_healed":0.0,"max_hp_gain":0.0,"max_hp_loss":0.0,"gold_gain":0.0,"event_name":"Purifier","player_choice":"Purged","floor":5.0,"gold_loss":0.0,"damage_taken":0.0}],"is_beta":false,"boss_relics":[{"not_picked":["Busted Crown","Pandora\u0027s Box"],"picked":"Coffee Dripper"}],"items_purged_floors":[],"is_endless":false,"potions_floor_spawned":[2,4,7,12,13],"killed_by":"Snake Plant","ascension_level":20}}