{"host":"raoabm19igg6waea","time":1607796192,"event":{"mods":["AchievementEnabler","BaseMod","Beaked The Cultist","Challenge The Spire","Clawfect","Colored Powertips","Conspire","Duelist Mod","EXCEPTION","Friendly Minions","GifTheSpireLib","Glutton Mod","Highlight Path","Hubris","Infinite Spire","Minty Spire (QoL Compilation)","READ ME - Snecko Mod","Replay The Spire","StSLib","The Construct","The Cursed","The Disciple","The Jungle","The Mystic","The Necromancer","The Poker Player","slay the spire mod where everything is the same but ironclad has a cowboy hat","vexMod"],"gold_per_floor":[115,115,139,12,12,38,38,65,88,88,88,88,123,147,147,250,250,269,269,90,107,67,67,87,121,145,20,33,33,33,59,59,154,154,166,166,192,192,207,241,241,274,274,274,249,280,130,150,150,150,150,150,0,34,34],"floor_reached":56,"playtime":2658,"items_purged":["Gash","Gash","Gash","Decay"],"score":2131,"play_id":"9bb76ede-ecac-4b00-a903-efa9214a4d90","local_time":"20201212190312","is_ascension_mode":true,"campfire_choices":[{"data":"Buffer","floor":10.0,"key":"SMITH"},{"floor":15.0,"key":"RECALL"},{"data":"hubris:InfiniteBlow+1636","floor":29.0,"key":"SMITH"},{"data":"FTL","floor":32.0,"key":"SMITH"},{"data":"Thinking Ahead","floor":41.0,"key":"SMITH"},{"data":"Defend_B","floor":44.0,"key":"SMITH"},{"data":"Defend_B","floor":52.0,"key":"SMITH"}],"circlet_count":0,"master_deck":["Gash+1","Gash","Defend_B+1","Defend_B+1","Defend_B+1","Defend_B+1","Panic Button+1","Clawfect:ClawSnap+1","Buffer+1","Seek+1","Madness+1","hubris:InfiniteBlow+6552","Clawfect:ClawSnap+1","Madness+1","Stack","Thinking Ahead+1","Coolheaded+1"],"relics":["theDuelist:CardPoolBasicRelic","NeowsBlessing","Juzu Bracelet","conspire:GiftBox","hubris:TinFlute","infinitespire:Cubic Diamond","Pet Ghost","hubris:OldNail","SacredBark","Kunai","Pen Nib","Molten Egg 2","vexMod:MemoryStick","Ancient Tea Set","vexMod:ImprovementManual","infinitespire:EmpoweringShard","Pantograph","infinitespire:Beetle Shell","ReplayTheSpireMod:TigerMarble","infinitespire:Lucky Rock","TheAbacus","hubris:ToyBattleship"],"acts_visited":[],"potions_floor_usage":[55],"damage_taken":[{"damage":0.0,"enemies":"2 Louse","floor":1.0,"turns":2.0},{"damage":0.0,"enemies":"Lagavulin","floor":6.0,"turns":2.0},{"damage":0.0,"enemies":"Gremlin Nob","floor":8.0,"turns":2.0},{"damage":19.0,"enemies":"3 Sentries","floor":13.0,"turns":9.0},{"damage":0.0,"enemies":"Slime Boss","floor":16.0,"turns":9.0},{"damage":14.0,"enemies":"Spheric Guardian","floor":18.0,"turns":5.0},{"damage":0.0,"enemies":"Chosen","floor":21.0,"turns":5.0},{"damage":4.0,"enemies":"Centurion and Healer","floor":24.0,"turns":4.0},{"damage":0.0,"enemies":"conspire:SneckoGhost","floor":25.0,"turns":6.0},{"damage":0.0,"enemies":"Snake Plant","floor":28.0,"turns":1.0},{"damage":0.0,"enemies":"conspire:Head Lice","floor":31.0,"turns":1.0},{"damage":0.0,"enemies":"Champ","floor":33.0,"turns":1.0},{"damage":0.0,"enemies":"3 Darklings","floor":35.0,"turns":5.0},{"damage":0.0,"enemies":"conspire:MimicChest","floor":37.0,"turns":1.0},{"damage":12.0,"enemies":"3 Shapes","floor":39.0,"turns":8.0},{"damage":0.0,"enemies":"beaked:SuperParasite","floor":40.0,"turns":1.0},{"damage":0.0,"enemies":"Reptomancer","floor":42.0,"turns":2.0},{"damage":0.0,"enemies":"Giant Head","floor":46.0,"turns":2.0},{"damage":0.0,"enemies":"Jaw Worm Horde","floor":48.0,"turns":4.0},{"damage":0.0,"enemies":"LordOfAnnihilation","floor":50.0,"turns":2.0},{"damage":10.0,"enemies":"Shield and Spear","floor":54.0,"turns":3.0},{"damage":84,"enemies":"The Heart","floor":55,"turns":6}],"seed_played":"3699985171256372693","potions_obtained":[{"floor":6.0,"key":"Strength Potion"},{"floor":8.0,"key":"SmokeBomb"},{"floor":16.0,"key":"LiquidMemories"},{"floor":37.0,"key":"Fruit Juice"},{"floor":39.0,"key":"ColorlessPotion"},{"floor":48.0,"key":"Block Potion"}],"is_trial":false,"path_per_floor":["M","?","T","$","?","E","$","E","T","R","?","?","E","T","R","B",null,"M","T","$","M","?","AVR","M","E","T","$","M","R","?","E","R","B",null,"M","?","?","?","M","E","R","E","T","R","?","E","$","M","R","B",null,"R","$","E","B",null],"character_chosen":"DEFECT","items_purchased":["Clawfect:ClawSnap","FTL","TheAbacus"],"campfire_rested":0,"item_purchase_floors":[4,20,53],"current_hp_per_floor":[68,68,68,68,68,68,68,68,68,68,68,68,49,49,49,49,69,55,55,55,55,55,55,51,51,51,51,51,51,51,51,51,51,69,69,69,69,69,67,67,67,67,67,67,67,67,67,67,85,85,85,85,85,75,1],"gold":34,"neow_bonus":"THREE_ENEMY_KILL","is_daily":false,"chose_seed":false,"campfire_upgraded":6,"win_rate":0.0,"timestamp":1607796192,"path_taken":["M","?","?","$","?","E","$","E","T","R","?","?","E","?","R","BOSS","M","?","$","M","?","AVR","M","E","T","$","M","R","?","E","R","BOSS","M","?","?","?","M","E","R","E","T","R","?","E","?","M","R","BOSS","R","$","E","BOSS"],"items_purchased_type":["Card","Undefined","Relic"],"build_version":"2020-11-30","purchased_purges":4,"victory":true,"max_hp_per_floor":[75,75,75,75,75,75,75,75,75,75,75,75,75,75,75,75,75,75,75,75,75,75,75,75,75,75,75,75,75,75,75,75,75,75,75,75,75,75,85,85,85,85,85,85,85,85,85,85,85,85,85,85,85,85,85],"card_choices":[{"not_picked":["Clawfect:ClawLightning","Heatsinks"],"picked":"Panic Button","floor":1.0},{"not_picked":["ReplayTheSpireMod:Omega Cannon","Rainbow"],"picked":"Buffer","floor":6.0},{"not_picked":["Rebound","Hologram","Clawfect:ClawpileDriver"],"picked":"SKIP","floor":6.0},{"not_picked":["Steam Power","Crystallizer","Clawfect:ClawAndTear"],"picked":"SKIP","floor":8.0},{"not_picked":["Consume","Darkness","Rebound"],"picked":"SKIP","floor":13.0},{"not_picked":["Fission","Core Surge"],"picked":"Seek","floor":16.0},{"not_picked":["Clawfect:ClawingBeam","Steam","Reprogram"],"picked":"SKIP","floor":18.0},{"not_picked":["Clawfect:Clawline","Hologram+1","Clawfect:ClawpileDriver"],"picked":"SKIP","floor":21.0},{"not_picked":["Conserve Battery","conspire:Rain+1"],"picked":"Clawfect:ClawSnap","floor":24.0},{"not_picked":["Defragment","Clawfect:ClawingBeam+1"],"picked":"FTL+1","floor":25.0},{"not_picked":["Hello World","Leap","Crystallizer"],"picked":"SKIP","floor":28.0},{"not_picked":["Sunder+1","BasicCrystalCard+1","ReplayTheSpireMod:Calculation Training+1"],"picked":"SKIP","floor":31.0},{"not_picked":["Steam+1","FIFO Queue+1","FTL+1"],"picked":"SKIP","floor":35.0},{"not_picked":["Force Field","Loop+1"],"picked":"Stack","floor":37.0},{"not_picked":["Good Instincts","PanicButton"],"picked":"Thinking Ahead","floor":38.0},{"not_picked":["Redo+1","Steam+1","Rebound+1"],"picked":"SKIP","floor":39.0},{"not_picked":["ReplayTheSpireMod:Calculation Training","Electrodynamics","Steam+1"],"picked":"SKIP","floor":40.0},{"not_picked":["Conserve Battery+1","Recycle"],"picked":"Coolheaded+1","floor":42.0},{"not_picked":["ReplayTheSpireMod:Repulse","Loop","Biased Cognition"],"picked":"SKIP","floor":46.0},{"not_picked":["Stack+1","Chill","Turbo+1"],"picked":"SKIP","floor":48.0},{"not_picked":["Clawfect:Clawrage+1","Clawfect:ClawpileDriver+1","Clawfect:Clawline+1"],"picked":"SKIP","floor":54.0}],"player_experience":371807,"relics_obtained":[{"floor":3.0,"key":"Juzu Bracelet"},{"floor":6.0,"key":"conspire:GiftBox"},{"floor":8.0,"key":"hubris:TinFlute"},{"floor":13.0,"key":"Pet Ghost"},{"floor":14.0,"key":"hubris:OldNail"},{"floor":19.0,"key":"Kunai"},{"floor":25.0,"key":"Molten Egg 2"},{"floor":26.0,"key":"vexMod:MemoryStick"},{"floor":31.0,"key":"Ancient Tea Set"},{"floor":37.0,"key":"infinitespire:EmpoweringShard"},{"floor":40.0,"key":"Pantograph"},{"floor":42.0,"key":"infinitespire:Beetle Shell"},{"floor":43.0,"key":"ReplayTheSpireMod:TigerMarble"},{"floor":46.0,"key":"infinitespire:Lucky Rock"},{"floor":54.0,"key":"hubris:ToyBattleship"}],"event_choices":[{"damage_healed":0.0,"max_hp_gain":0.0,"max_hp_loss":0.0,"gold_gain":0.0,"event_name":"Living Wall","player_choice":"Grow","floor":2.0,"gold_loss":0.0,"damage_taken":0.0,"cards_upgraded":["Panic Button"]},{"damage_healed":0.0,"max_hp_gain":0.0,"max_hp_loss":0.0,"gold_gain":0.0,"event_name":"Shining Light","player_choice":"Ignored","floor":12.0,"gold_loss":0.0,"damage_taken":0.0},{"damage_healed":0.0,"max_hp_gain":0.0,"max_hp_loss":0.0,"gold_gain":0.0,"event_name":"Designer","player_choice":"Upgrade","floor":22.0,"gold_loss":40.0,"damage_taken":0.0,"cards_upgraded":["Seek"]},{"damage_healed":0.0,"max_hp_gain":0.0,"max_hp_loss":0.0,"gold_gain":0.0,"event_name":"Wheel of Change","player_choice":"Cursed","floor":36.0,"gold_loss":0.0,"damage_taken":0.0,"cards_obtained":["Decay"]},{"damage_healed":0.0,"max_hp_gain":0.0,"max_hp_loss":0.0,"gold_gain":0.0,"event_name":"SensoryStone","player_choice":"Memory 1","floor":38.0,"gold_loss":0.0,"damage_taken":0.0}],"is_beta":false,"boss_relics":[{"not_picked":["Velvet Choker","hubris:TerracottaHorce"],"picked":"SacredBark"},{"not_picked":["Abe\u0027s Treasure","hubris:RunicObelisk"],"picked":"vexMod:ImprovementManual"}],"items_purged_floors":[4,20,27,47],"is_endless":false,"potions_floor_spawned":[6,8,16,24,25,31,37,39,48],"ascension_level":7}}