{"host":"dl5mjdlimopbuch5","time":1607799266,"event":{"mods":["AchievementEnabler","BaseMod","Colored Powertips","Googly Eyes","Minty Spire (QoL Compilation)","Quick Restart"],"gold_per_floor":[115,115,130,130,181,181,181,212,212,222,222,242,265,600,600,728,728,753,668,668,668,683,683,302,302,302,318,332,332,332,353,353,472,472,491,507,507,507,526,566,566,585,585,585,585,604,109,134,134,134],"floor_reached":51,"playtime":1545,"items_purged":[],"score":878,"play_id":"26923ade-27ca-455d-900f-596057b4541f","local_time":"20201212185426","is_ascension_mode":true,"campfire_choices":[{"data":"Zap","floor":6,"key":"SMITH"},{"floor":15,"key":"REST"},{"data":"Electrodynamics","floor":23,"key":"SMITH"},{"data":"Loop","floor":25,"key":"SMITH"},{"data":"Loop","floor":30,"key":"SMITH"},{"floor":32,"key":"REST"},{"floor":41,"key":"REST"},{"floor":44,"key":"REST"},{"floor":49,"key":"REST"}],"circlet_count":0,"master_deck":["Strike_B","Strike_B","Strike_B","Strike_B","Defend_B","Defend_B","Defend_B","Zap+1","Ball Lightning","Static Discharge","Loop+1","Electrodynamics+1","CurseOfTheBell","Loop+1","Writhe"],"relics":["Cracked Core","NeowsBlessing","Happy Flower","Cables","Pen Nib","Mercury Hourglass","Golden Idol","Old Coin","Calling Bell","Blood Vial","Singing Bowl","Lizard Tail","Bird Faced Urn","CaptainsWheel","HornCleat","Runic Pyramid","Mummified Hand","Shuriken","Mango","Runic Capacitor"],"acts_visited":["Exordium","TheCity","TheBeyond"],"potions_floor_usage":[14,29,31,33,35,40,42,48,50],"damage_taken":[{"damage":0,"enemies":"2 Louse","floor":1,"turns":1},{"damage":0,"enemies":"Cultist","floor":3,"turns":1},{"damage":0,"enemies":"Lagavulin","floor":8,"turns":1},{"damage":0,"enemies":"Small Slimes","floor":10,"turns":2},{"damage":10,"enemies":"Exordium Wildlife","floor":12,"turns":3},{"damage":1,"enemies":"Looter","floor":13,"turns":2},{"damage":1,"enemies":"3 Sentries","floor":14,"turns":4},{"damage":30,"enemies":"Slime Boss","floor":16,"turns":6},{"damage":14,"enemies":"Chosen","floor":18,"turns":3},{"damage":25,"enemies":"Shell Parasite","floor":22,"turns":4},{"damage":25,"enemies":"Shelled Parasite and Fungi","floor":27,"turns":4},{"damage":0,"enemies":"Sentry and Sphere","floor":28,"turns":3},{"damage":7,"enemies":"Colosseum Slavers","floor":29,"turns":3},{"damage":4,"enemies":"Snecko","floor":31,"turns":4},{"damage":73,"enemies":"Champ","floor":33,"turns":11},{"damage":9,"enemies":"3 Shapes","floor":35,"turns":2},{"damage":2,"enemies":"Orb Walker","floor":36,"turns":3},{"damage":11,"enemies":"Jaw Worm Horde","floor":39,"turns":2},{"damage":72,"enemies":"Nemesis","floor":40,"turns":7},{"damage":31,"enemies":"3 Darklings","floor":42,"turns":2},{"damage":31,"enemies":"4 Shapes","floor":46,"turns":3},{"damage":33,"enemies":"Jaw Worm Horde","floor":48,"turns":4},{"damage":112,"enemies":"Donu and Deca","floor":50,"turns":7}],"seed_played":"1014705202013309760","potions_obtained":[{"floor":1,"key":"Block Potion"},{"floor":3,"key":"SpeedPotion"},{"floor":8,"key":"GamblersBrew"},{"floor":12,"key":"DuplicationPotion"},{"floor":16,"key":"Fire Potion"},{"floor":31,"key":"ColorlessPotion"},{"floor":35,"key":"SteroidPotion"},{"floor":39,"key":"PowerPotion"},{"floor":46,"key":"AttackPotion"}],"is_trial":false,"path_per_floor":["M","?","M","?","T","R","?","E","T","M","?","M","M","E","R","B",null,"M","?","?","?","M","R","$","R","T","M","M","?","R","M","R","B",null,"M","M","?","?","M","E","R","M","T","R","?","M","$","M","R","B",null],"character_chosen":"DEFECT","items_purchased":["CaptainsWheel","Loop","Mango","Runic Capacitor","Block Potion"],"campfire_rested":5,"item_purchase_floors":[24,24,47,47,47],"current_hp_per_floor":[75,75,75,75,75,75,42,42,42,42,24,14,13,12,34,4,75,63,63,77,77,56,56,56,56,56,41,51,50,50,58,83,20,87,84,90,92,92,88,25,54,31,31,60,85,62,76,55,90,58],"gold":134,"neow_bonus":"THREE_ENEMY_KILL","is_daily":false,"chose_seed":false,"campfire_upgraded":4,"win_rate":0.0,"timestamp":1607799266,"path_taken":["M","?","?","?","?","R","?","E","T","M","?","?","M","E","R","BOSS","M","?","?","?","M","R","$","R","T","?","M","?","R","M","R","BOSS","M","M","?","?","M","E","R","M","T","R","?","M","?","?","R","BOSS"],"items_purchased_type":["Relic","Card","Relic","Relic","Potion"],"build_version":"2020-11-30","purchased_purges":0,"victory":true,"max_hp_per_floor":[75,75,75,75,75,75,75,75,75,75,75,75,75,75,75,75,75,77,77,77,77,79,79,79,79,79,81,83,83,83,85,85,87,87,89,91,93,93,95,97,97,99,99,99,99,101,115,117,117,117],"card_choices":[{"not_picked":["Darkness","Gash","Doom and Gloom"],"picked":"SKIP","floor":1},{"not_picked":["Rebound","Streamline"],"picked":"Ball Lightning","floor":3},{"not_picked":["Capacitor","Compile Driver"],"picked":"Static Discharge","floor":8},{"not_picked":["Auto Shields","Leap","Compile Driver"],"picked":"SKIP","floor":10},{"not_picked":["Lockon","Heatsinks"],"picked":"Loop","floor":12},{"not_picked":["Hologram","Leap","Go for the Eyes"],"picked":"SKIP","floor":13},{"not_picked":["Gash","BootSequence","Conserve Battery"],"picked":"SKIP","floor":14},{"not_picked":["Buffer","Meteor Strike"],"picked":"Electrodynamics","floor":16},{"not_picked":["Scrape","Hello World","Steam+1"],"picked":"Singing Bowl","floor":18},{"not_picked":["Static Discharge","Hello World","Steam"],"picked":"Singing Bowl","floor":22},{"not_picked":["Gash","Rebound","Storm"],"picked":"Singing Bowl","floor":27},{"not_picked":["Coolheaded","Reinforced Body","Buffer"],"picked":"Singing Bowl","floor":28},{"not_picked":["Sweeping Beam","Steam","Cold Snap"],"picked":"Singing Bowl","floor":31},{"not_picked":["Amplify","Rainbow","Multi-Cast"],"picked":"Singing Bowl","floor":33},{"not_picked":["Steam+1","Undo+1","Coolheaded+1"],"picked":"Singing Bowl","floor":35},{"not_picked":["Conserve Battery","Go for the Eyes","Steam+1"],"picked":"Singing Bowl","floor":36},{"not_picked":["Chrysalis","Mayhem","HandOfGreed"],"picked":"Singing Bowl","floor":37},{"not_picked":["Redo","Gash","FTL"],"picked":"Singing Bowl","floor":39},{"not_picked":["Redo","Loop","Capacitor+1"],"picked":"Singing Bowl","floor":40},{"not_picked":["Genetic Algorithm+1","Doom and Gloom+1","Conserve Battery+1"],"picked":"Singing Bowl","floor":42},{"not_picked":["Tempest","Sweeping Beam+1","Genetic Algorithm+1"],"picked":"Singing Bowl","floor":46},{"not_picked":["Go for the Eyes+1","Reinforced Body+1","Aggregate"],"picked":"Singing Bowl","floor":48}],"player_experience":204238,"relics_obtained":[{"floor":5,"key":"Happy Flower"},{"floor":8,"key":"Pen Nib"},{"floor":9,"key":"Mercury Hourglass"},{"floor":14,"key":"Old Coin"},{"floor":17,"key":"Blood Vial"},{"floor":17,"key":"Singing Bowl"},{"floor":17,"key":"Lizard Tail"},{"floor":26,"key":"HornCleat"},{"floor":40,"key":"Mummified Hand"},{"floor":43,"key":"Shuriken"}],"event_choices":[{"damage_healed":0,"gold_gain":0,"player_choice":"Ignored","damage_taken":0,"max_hp_gain":0,"max_hp_loss":0,"event_name":"Purifier","floor":2,"gold_loss":0},{"damage_healed":0,"gold_gain":0,"player_choice":"Ignored","damage_taken":0,"max_hp_gain":0,"max_hp_loss":0,"event_name":"Golden Wing","floor":4,"gold_loss":0},{"damage_healed":0,"gold_gain":0,"player_choice":"Success","damage_taken":33,"relics_obtained":["Cables"],"max_hp_gain":0,"max_hp_loss":0,"event_name":"Scrap Ooze","floor":7,"gold_loss":0},{"damage_healed":0,"gold_gain":0,"player_choice":"Take Damage","damage_taken":18,"relics_obtained":["Golden Idol"],"max_hp_gain":0,"max_hp_loss":0,"event_name":"Golden Idol","floor":11,"gold_loss":0},{"damage_healed":0,"gold_gain":0,"player_choice":"Obtained Relic","damage_taken":0,"relics_obtained":["Bird Faced Urn"],"max_hp_gain":0,"max_hp_loss":0,"event_name":"Addict","floor":19,"gold_loss":85},{"damage_healed":25,"gold_gain":0,"player_choice":"Heal","damage_taken":0,"max_hp_gain":0,"max_hp_loss":0,"event_name":"The Library","floor":20,"gold_loss":0},{"cards_removed":["Dualcast"],"damage_healed":0,"gold_gain":0,"player_choice":"Offered Basic","damage_taken":0,"max_hp_gain":0,"max_hp_loss":0,"event_name":"Bonfire Elementals","floor":21,"gold_loss":0},{"damage_healed":0,"gold_gain":0,"player_choice":"Fight","damage_taken":0,"max_hp_gain":0,"max_hp_loss":0,"event_name":"Colosseum","floor":29,"gold_loss":0},{"damage_healed":0,"gold_gain":0,"player_choice":"Fled From Nobs","damage_taken":0,"max_hp_gain":0,"max_hp_loss":0,"event_name":"Colosseum","floor":29,"gold_loss":0},{"damage_healed":0,"gold_gain":0,"player_choice":"Memory 1","damage_taken":0,"max_hp_gain":0,"max_hp_loss":0,"event_name":"SensoryStone","floor":37,"gold_loss":0},{"cards_removed":["Defend_B"],"damage_healed":0,"gold_gain":0,"player_choice":"Removed Skill","damage_taken":0,"max_hp_gain":0,"max_hp_loss":0,"event_name":"Falling","floor":38,"gold_loss":0},{"damage_healed":25,"gold_gain":0,"player_choice":"Writhe","damage_taken":0,"max_hp_gain":0,"max_hp_loss":0,"event_name":"Winding Halls","floor":45,"gold_loss":0,"cards_obtained":["Writhe"]}],"is_beta":false,"boss_relics":[{"not_picked":["Runic Dome","Sozu"],"picked":"Calling Bell"},{"not_picked":["Philosopher\u0027s Stone","Empty Cage"],"picked":"Runic Pyramid"}],"items_purged_floors":[],"is_endless":false,"potions_floor_spawned":[1,3,8,12,16,18,28,31,35,39,46],"ascension_level":2}}