{"host":"bbld1ic1uj90ldt9","time":1607756032,"event":{"mods":["2.2 Compatiblity","AchievementEnabler","Act Like it!","BaseMod","Better Third Choice","Conspire","Downfall","Emptier Cage","Gensokyo","Hallownest","Hermit","Highlight Path","Hubris","Marisa????????","Minty Spire (QoL Compilation)","Random Character Button","Replay The Spire","StSLib","The Animator","The Bug Knight","The Cursed","The Disciple","The Hierophant","The Jungle","The Runesmith","The Servant 0.9.4"],"gold_per_floor":[114,125,125,125,50,50,50],"floor_reached":6,"playtime":453,"items_purged":["Strike_P"],"score":33,"play_id":"422dee90-b7f6-4b69-8d55-63afab975f63","local_time":"20201212075352","is_ascension_mode":false,"campfire_choices":[],"circlet_count":0,"master_deck":["Strike_P","Strike_P","Strike_P","Defend_P","Defend_P","Defend_P","Defend_P","Eruption","Vigilance","FearNoEvil","Sanctity"],"relics":["conspire:RunicOctahedron","Dream Catcher","Spirit Poop"],"acts_visited":["Exordium"],"potions_floor_usage":[],"damage_taken":[{"damage":18,"enemies":"Cultist","floor":1,"turns":6},{"damage":0,"enemies":"2 Louse","floor":2,"turns":2},{"damage":57,"enemies":"Lagavulin","floor":6,"turns":11}],"seed_played":"-9013355441635770858","potions_obtained":[],"is_trial":false,"path_per_floor":["M","M","?","?","$","E"],"character_chosen":"WATCHER","items_purchased":[],"campfire_rested":0,"item_purchase_floors":[],"current_hp_per_floor":[54,54,54,54,54,0,0],"gold":50,"neow_bonus":"BOSS_RELIC","is_daily":false,"chose_seed":false,"campfire_upgraded":0,"win_rate":0.0,"timestamp":1607756032,"path_taken":["M","?","?","?","$","E"],"items_purchased_type":[],"build_version":"2020-11-30","purchased_purges":1,"victory":false,"max_hp_per_floor":[72,72,72,72,72,72,72],"card_choices":[{"not_picked":["JustLucky","Halt"],"picked":"FearNoEvil","floor":1},{"not_picked":["ThirdEye","ReachHeaven"],"picked":"Sanctity","floor":2}],"player_experience":2077259,"relics_obtained":[],"event_choices":[{"damage_healed":0,"gold_gain":0,"player_choice":"Box","damage_taken":0,"relics_obtained":["Dream Catcher"],"max_hp_gain":0,"max_hp_loss":0,"event_name":"Big Fish","floor":3,"gold_loss":0,"cards_obtained":["Regret"]},{"cards_removed":["Regret"],"damage_healed":0,"gold_gain":0,"player_choice":"Offered Curse","damage_taken":0,"relics_obtained":["Spirit Poop"],"max_hp_gain":0,"max_hp_loss":0,"event_name":"Bonfire Elementals","floor":4,"gold_loss":0}],"is_beta":false,"boss_relics":[],"items_purged_floors":[5],"is_endless":false,"potions_floor_spawned":[],"killed_by":"Lagavulin","ascension_level":0}}