{"host":"v1zz5dqrlq7zjvm7","time":1607774498,"event":{"mods":["Act Like it!","BaseMod","Colored Map","Colored Powertips","Friendly Minions","Gensokyo","HololiveMod","Minty Spire (QoL Compilation)","Prisma Mod","StSLib","The Servant 0.9.4","UnlockEverythingMod","Waifu the Spire"],"gold_per_floor":[76,87,104,104,118,118,148,148,175,189,235,245,273,288,288,367,367,386,404,424,824,839,895,895,936,963,999,999,1008,830,868,868,974,974,995,995,1004,1063,1113,1168,1246,1347,1347,1347,1356,1390,1390,1430,1430,1477],"floor_reached":51,"playtime":3432,"items_purged":[],"score":2006,"play_id":"6db36f1a-1a28-40d2-a718-67bd7b59a537","local_time":"20201212223138","is_ascension_mode":true,"campfire_choices":[{"data":"Hololive_Drill","floor":6.0,"key":"SMITH"},{"data":"Hololive_CallArtia","floor":8.0,"key":"SMITH"},{"data":"Hololive_CallUsadaPekora","floor":15.0,"key":"SMITH"},{"data":"Hololive_CallCivia","floor":24.0,"key":"SMITH"},{"data":"Hololive_DiamondStrike","floor":28.0,"key":"SMITH"},{"data":"Hololive_CallSakuraMiko","floor":32.0,"key":"SMITH"},{"data":"Hololive_CallSakuraMiko","floor":44,"key":"SMITH"},{"data":"Hololive_CallHimemoriLuna","floor":49,"key":"SMITH"}],"circlet_count":0,"master_deck":["AscendersBane","Hololive_Defend","Hololive_Drill","Hololive_CallMurasakiShion","Hololive_CallArtia+1","Hololive_CallRosalyn","Hololive_CallShirakamiFubuki","Hololive_CallKiryuuCoco","Hololive_ILoveYou","Hololive_CallUsadaPekora+1","Hololive_CocoNews","Hololive_MaximGun","Hololive_Recruit","Hololive_CallDoris","Hololive_CallYukihanaLamy","Hololive_CallAiraniIofifteen","Hololive_Rebirth","Hololive_CallTokinoSora","Hololive_FlareMind","Hololive_CallCivia+1","Hololive_CallShiranuiFlare","Hololive_CallAyundaRisu","Hololive_CallOzoraSubaru","Hololive_CallSakuraMiko+1","Hololive_CallShiroganeNoel","Hololive_DiamondStrike+1","Hololive_SummonFox","Hololive_WolfAndLamb","Hololive_CallYozoraMel+1","Hololive_CallNakiriAyame","Hololive_CallManoAloe","Hololive_CandyCastle","Hololive_CallMinatoAqua","Hololive_CallMoonaHoshinova","Hololive_AWSL","Hololive_RevenueBasedLive","Hololive_HuntDinosaur","Hololive_CallHimemoriLuna+1","Hololive_CallFriendA","Hololive_IdolExercise","Hololive_CocoNews+1","Hololive_DDD","Hololive_CallHoushouMarine","Hololive_CallSakuraMiko+1","Hololive_CallYozoraMel","Madness+1","Hololive_IdolExercise+1","Hololive_CallShishiroBotan","Hololive_CallAkaiHaato"],"relics":["Hololive_TheStar","Gensokyo:OccultBall","Thread and Needle","Orichalcum","Akabeko","Anchor","Philosopher\u0027s Stone","Prayer Wheel","Old Coin","CeramicFish","Vajra","Juzu Bracelet","SlaversCollar","Sundial","Toxic Egg 2","StoneCalendar"],"acts_visited":["Gensokyo:Gensokyo","Gensokyo:Gensokyoer","TheBeyond"],"potions_floor_usage":[50,50],"damage_taken":[{"damage":0.0,"enemies":"Gensokyo:2_Kodama","floor":1.0,"turns":3.0},{"damage":2.0,"enemies":"Gensokyo:3_Fairies","floor":2.0,"turns":6.0},{"damage":0.0,"enemies":"Gensokyo:Gryphon","floor":3.0,"turns":3.0},{"damage":9.0,"enemies":"Gensokyo:5_Fairies","floor":5.0,"turns":5.0},{"damage":0.0,"enemies":"Gensokyo:Cirno","floor":7.0,"turns":6.0},{"damage":0.0,"enemies":"Gensokyo:Kitsune","floor":10.0,"turns":3.0},{"damage":0.0,"enemies":"Gensokyo:Mamizou","floor":11.0,"turns":5.0},{"damage":0.0,"enemies":"Gensokyo:Gryphon_and_Rabbit","floor":12.0,"turns":4.0},{"damage":0.0,"enemies":"Gensokyo:Cirno","floor":13.0,"turns":6.0},{"damage":0.0,"enemies":"Gensokyo:CorruptedTreant","floor":14.0,"turns":4.0},{"damage":0.0,"enemies":"Gensokyo:Kokoro","floor":16.0,"turns":7.0},{"damage":0.0,"enemies":"Gensokyo:Chomper","floor":18.0,"turns":3.0},{"damage":0.0,"enemies":"Gensokyo:3_Dogs","floor":19.0,"turns":4.0},{"damage":0.0,"enemies":"Gensokyo:Slime_Group","floor":20.0,"turns":4.0},{"damage":0.0,"enemies":"Gensokyo:Slime_Group","floor":21.0,"turns":7.0},{"damage":0.0,"enemies":"Gensokyo:3_Gloops","floor":22.0,"turns":3.0},{"damage":0.0,"enemies":"Gensokyo:Reisen","floor":23.0,"turns":4.0},{"damage":0.0,"enemies":"Gensokyo:Koishi","floor":25.0,"turns":4.0},{"damage":0.0,"enemies":"Gensokyo:Swordslinger","floor":27.0,"turns":4.0},{"damage":0.0,"enemies":"Gensokyo:Mirror_and_Dog","floor":31.0,"turns":5.0},{"damage":0.0,"enemies":"Gensokyo:Eiki","floor":33.0,"turns":6.0},{"damage":0.0,"enemies":"Orb Walker","floor":35.0,"turns":2.0},{"damage":1.0,"enemies":"3 Darklings","floor":38.0,"turns":4.0},{"damage":0,"enemies":"Spire Growth","floor":39,"turns":2},{"damage":0,"enemies":"Nemesis","floor":40,"turns":5},{"damage":0,"enemies":"Transient","floor":41,"turns":6},{"damage":0,"enemies":"Giant Head","floor":42,"turns":6},{"damage":0,"enemies":"Writhing Mass","floor":46,"turns":4},{"damage":0,"enemies":"Reptomancer","floor":48,"turns":4},{"damage":21,"enemies":"Awakened One","floor":50,"turns":9}],"seed_played":"6654960093396796352","potions_obtained":[{"floor":5.0,"key":"Ancient Potion"},{"floor":7.0,"key":"SpeedPotion"},{"floor":16.0,"key":"EssenceOfSteel"},{"floor":23.0,"key":"EssenceOfSteel"},{"floor":33.0,"key":"DistilledChaos"},{"floor":38,"key":"DuplicationPotion"}],"is_trial":false,"path_per_floor":["M","M","M","?","M","R","E","R","T","M","E","M","E","M","R","B",null,"M","M","M","?","M","E","R","E","T","M","R","?","$","M","R","B",null,"M","?","?","M","M","E","M","E","T","R","?","M","?","E","R","B",null],"character_chosen":"Hololive_HololiveCharacter","items_purchased":["Hololive_CallManoAloe","DistilledChaos","Hololive_CandyCastle"],"campfire_rested":0,"item_purchase_floors":[30,30,30],"current_hp_per_floor":[21,19,19,19,10,10,10,10,10,10,10,10,10,10,10,10,25,25,25,25,25,25,25,25,25,25,25,25,25,25,30,30,30,30,31,31,31,32,36,37,38,39,39,39,39,40,40,41,41,27],"gold":1477,"neow_bonus":"TRANSFORM_TWO_CARDS","is_daily":false,"chose_seed":false,"campfire_upgraded":8,"win_rate":0.0,"timestamp":1607774498,"path_taken":["M","M","?","?","M","R","E","R","T","M","E","M","E","M","R","BOSS","M","?","M","?","?","E","R","E","T","M","R","?","?","M","R","BOSS","M","?","?","M","M","E","M","E","T","R","?","M","?","E","R","BOSS"],"items_purchased_type":["Card","Potion","Card"],"build_version":"2020-11-30","purchased_purges":0,"victory":true,"max_hp_per_floor":[30,30,30,30,30,30,30,30,30,30,30,30,30,30,30,30,30,30,30,30,30,30,30,30,30,30,30,30,30,30,30,30,30,30,31,31,31,32,36,37,38,39,39,39,39,40,40,41,41,42],"card_choices":[{"not_picked":["Hololive_OvertimeWork","Hololive_RevenueBasedLive","Hololive_Breathe"],"picked":"Hololive_CallUsadaPekora","floor":1.0},{"not_picked":["Hololive_Watashimo","Hololive_OvertimeWork","Hololive_Trident"],"picked":"Hololive_CocoNews","floor":2.0},{"not_picked":["Hololive_CocoNews","Hololive_RevenueBasedLive","Hololive_Sequa"],"picked":"Hololive_Drill","floor":3.0},{"not_picked":["Hololive_Breathe","Hololive_HuntDinosaur","Hololive_RevenueBasedLive"],"picked":"Hololive_MaximGun","floor":5.0},{"not_picked":["Hololive_Trident","Hololive_Rebound","Hololive_FlyingPonyTail"],"picked":"Hololive_Recruit","floor":7.0},{"not_picked":["Hololive_CallNatsuiroMatsuri","Hololive_RevenueBasedLive","Hololive_Psychosis"],"picked":"Hololive_CallDoris","floor":10.0},{"not_picked":["Hololive_CallDoris","Hololive_HuntDinosaur","Hololive_FlyingPonyTail"],"picked":"Hololive_CallYukihanaLamy","floor":11.0},{"not_picked":["Hololive_Teleport","Hololive_Rebound","Hololive_DevilCharm"],"picked":"Hololive_CallAiraniIofifteen","floor":12.0},{"not_picked":["Hololive_CallShirakamiFubuki","Hololive_CallMinatoAqua","Hololive_WolfAndLamb"],"picked":"Hololive_Rebirth","floor":13.0},{"not_picked":["Hololive_Trident","Hololive_Breathe","Hololive_LuckPotion"],"picked":"Hololive_CallTokinoSora","floor":14.0},{"not_picked":["Hololive_ASMR","Hololive_BeCareful","Hololive_OpenUp"],"picked":"Hololive_FlareMind","floor":16.0},{"not_picked":["Hololive_LuckPotion","Hololive_CocoNews","Hololive_StrengthChampion"],"picked":"Hololive_CallCivia","floor":18.0},{"not_picked":["Hololive_Watashimo","Hololive_CallInugamiKorone","Hololive_Rebound+1"],"picked":"Hololive_CallShiranuiFlare","floor":19.0},{"not_picked":["Hololive_Rebound","Hololive_RevenueBasedLive","Hololive_Trident+1"],"picked":"Hololive_CallAyundaRisu","floor":20.0},{"not_picked":["Hololive_FlyingPonyTail","Hololive_CocoNews","Hololive_Breathe"],"picked":"Hololive_CallOzoraSubaru","floor":21.0},{"not_picked":["Hololive_LuckPotion+1","Hololive_StrengthChampion+1","Hololive_ManjiGathering"],"picked":"Hololive_CallSakuraMiko","floor":22.0},{"not_picked":["Hololive_LuckPotion","Hololive_ILoveYou","Hololive_CallShiroganeNoel","Hololive_StrengthChampion"],"picked":"SKIP","floor":22.0},{"not_picked":["Hololive_LuckPotion","Hololive_ILoveYou","Hololive_StrengthChampion"],"picked":"Hololive_CallShiroganeNoel","floor":22.0},{"not_picked":["Hololive_Sequa","Hololive_Drill","Hololive_HuntDinosaur"],"picked":"Hololive_DiamondStrike","floor":23.0},{"not_picked":["Hololive_Psychosis","Hololive_StrengthChampion","Hololive_Breathe"],"picked":"Hololive_SummonFox","floor":25.0},{"not_picked":["Hololive_Psychosis","Hololive_HuntDinosaur","Hololive_LuckPotion"],"picked":"Hololive_WolfAndLamb","floor":27.0},{"not_picked":["Hololive_CallYozoraMel+1","Hololive_RevenueBasedLive+1","Hololive_CallSakuraMiko","Hololive_CallYuzukiChoco"],"picked":"SKIP","floor":27.0},{"not_picked":["Hololive_RevenueBasedLive+1","Hololive_CallSakuraMiko","Hololive_CallYuzukiChoco"],"picked":"Hololive_CallYozoraMel+1","floor":27.0},{"not_picked":["Hololive_CallYuzukiChoco","Hololive_FlyingPonyTail","Hololive_Sequa"],"picked":"Hololive_CallMinatoAqua","floor":31.0},{"not_picked":["Hololive_LuckPotion","Hololive_Rebound","Hololive_Psychosis"],"picked":"Hololive_CallMoonaHoshinova","floor":31.0},{"not_picked":["Hololive_Recruit","Hololive_OpenUp","Hololive_ScarfAndHalo"],"picked":"Hololive_AWSL","floor":33.0},{"not_picked":["Hololive_Rebound","Hololive_Sequa","Hololive_Drill"],"picked":"Hololive_RevenueBasedLive","floor":35.0},{"not_picked":["Hololive_Sequa","Hololive_RevenueBasedLive","Hololive_ManjiGathering","Hololive_CallUsadaPekora"],"picked":"SKIP","floor":35.0},{"not_picked":["Hololive_Breathe","Hololive_Trident","Hololive_Rebound"],"picked":"Hololive_CallHimemoriLuna","floor":38},{"not_picked":["Hololive_CallAkaiHaato","Hololive_RevenueBasedLive","Hololive_OvertimeWork"],"picked":"Hololive_CallFriendA","floor":38},{"not_picked":["Hololive_Drill","Hololive_Breathe","Hololive_CocoNews+1"],"picked":"Hololive_IdolExercise","floor":39},{"not_picked":["Hololive_Breathe","Hololive_Psychosis+1","Hololive_Sequa"],"picked":"Hololive_CocoNews+1","floor":39},{"not_picked":["Hololive_RevenueBasedLive+1","Hololive_Recruit","Hololive_Trident"],"picked":"Hololive_DDD","floor":40},{"not_picked":["Hololive_CallCivia+1","Hololive_Breathe","Hololive_FlyingPonyTail+1"],"picked":"Hololive_CallHoushouMarine","floor":41},{"not_picked":["Hololive_FlyingPonyTail","Hololive_CallOzoraSubaru","Hololive_Breathe"],"picked":"Hololive_CallSakuraMiko","floor":41},{"not_picked":["Hololive_Trident","Hololive_StrengthChampion","Hololive_LuckPotion+1"],"picked":"Hololive_CallYozoraMel","floor":42},{"not_picked":["Deep Breath+1","Finesse+1","Trip+1"],"picked":"Madness+1","floor":45},{"not_picked":["Hololive_HuntDinosaur+1","Hololive_OvertimeWork","Hololive_CallMurasakiShion"],"picked":"Hololive_IdolExercise+1","floor":46},{"not_picked":["Hololive_Rebound+1","Hololive_FlyingPonyTail+1","Hololive_OvertimeWork"],"picked":"Hololive_CallShishiroBotan","floor":46},{"not_picked":["Hololive_Trident","Hololive_StarCraft+1","Hololive_RevenueBasedLive+1"],"picked":"Hololive_CallAkaiHaato","floor":48}],"player_experience":156680,"relics_obtained":[{"floor":7.0,"key":"Thread and Needle"},{"floor":9.0,"key":"Orichalcum"},{"floor":11.0,"key":"Akabeko"},{"floor":13.0,"key":"Anchor"},{"floor":16.0,"key":"Gensokyo:OccultBall"},{"floor":21.0,"key":"Prayer Wheel"},{"floor":21.0,"key":"Old Coin"},{"floor":21.0,"key":"Gensokyo:OccultBall"},{"floor":22.0,"key":"Gensokyo:OccultBall"},{"floor":23.0,"key":"CeramicFish"},{"floor":25.0,"key":"Vajra"},{"floor":26.0,"key":"Juzu Bracelet"},{"floor":33.0,"key":"Gensokyo:OccultBall"},{"floor":40,"key":"Sundial"},{"floor":42,"key":"Toxic Egg 2"},{"floor":48,"key":"StoneCalendar"}],"event_choices":[{"damage_healed":0.0,"max_hp_gain":0.0,"max_hp_loss":0.0,"gold_gain":0.0,"event_name":"Match and Keep!","player_choice":"0 cards matched","floor":36.0,"gold_loss":0.0,"damage_taken":0.0,"cards_obtained":[]},{"damage_healed":0.0,"max_hp_gain":0.0,"max_hp_loss":0.0,"gold_gain":0.0,"cards_transformed":["Hololive_Strike"],"event_name":"Transmorgrifier","player_choice":"Transformed","floor":37.0,"gold_loss":0.0,"damage_taken":0.0,"cards_obtained":["Hololive_HuntDinosaur"]},{"damage_healed":0,"gold_gain":0,"player_choice":"Memory 1","damage_taken":0,"max_hp_gain":0,"max_hp_loss":0,"event_name":"SensoryStone","floor":45,"gold_loss":0},{"cards_removed":["Hololive_Drill"],"damage_healed":0,"gold_gain":0,"player_choice":"Removed Attack","damage_taken":0,"max_hp_gain":0,"max_hp_loss":0,"event_name":"Falling","floor":47,"gold_loss":0}],"is_beta":false,"boss_relics":[{"not_picked":["Hololive_Finger","Snecko Eye"],"picked":"Philosopher\u0027s Stone"},{"not_picked":["Hololive_TopUpMoneyS","Black Star"],"picked":"SlaversCollar"}],"items_purged_floors":[],"is_endless":false,"potions_floor_spawned":[5,7,10,12,13,16,18,23,31,33,38,42,48],"ascension_level":17}}