{"host":"5pvsezzv96u4cz40","time":1607798172,"event":{"mods":["Act Like it!","BaseMod","BetterRewards","CapriCore","Colored Map","Colored Powertips","GifTheSpireLib","Hubris","Menagerie","Minty Spire (QoL Compilation)","Remilia??????","Replay The Spire","Shop Mod","StSLib"],"gold_per_floor":[110,110,110,126,51,84,84,110,137,475,498,519,519,543,543,650,650,673,736,673,673,673,673,696,696,696,60,60,60,8,49,49,185,185,242,12,47,96,96,96,112,34,34,34,85,114,182,182,182,198],"floor_reached":51,"playtime":7520,"items_purged":["Overencumbered"],"score":732,"play_id":"258c42da-115d-4ea6-ab03-51be8c0409df","local_time":"20201212193612","is_ascension_mode":false,"campfire_choices":[{"data":"UnstableMagic","floor":7,"key":"SMITH"},{"data":"EternalNight","floor":13,"key":"SMITH"},{"floor":23,"key":"REST"},{"floor":25,"key":"REST"},{"data":"Discovery","floor":28,"key":"SMITH"},{"data":"BloodySeventeenLaser","floor":32,"key":"SMITH"},{"floor":40,"key":"REST"},{"floor":44,"key":"REST"},{"floor":49,"key":"DIG"}],"circlet_count":0,"master_deck":["Strike_RM","Strike_RM","Strike_RM+2","Strike_RM","Defend_RM","Defend_RM","Defend_RM","Defend_RM","RedMoon","ScarletShoot","StarOfDavid","UnstableMagic","Ultimatum","UnstableMagic+1","EternalNight+1","MiserableFate","VampireKiss","ScarletSymphony","VampireKiss","EmergencyRegeneration","BloodySeventeenLaser+1","CurseOfTheBell","UnstableMagic","DevilSight+1","Discovery+1","BombardNight","QueenOfMidnight+1","Stigmanizer+1","ForecastOfChange","Looming Evil","hubris:Despair","Stigmanizer+1","StarOfDavid+1","ScarletDevil","DiffusionOfMisfortune","BombardNight+1","UnstableMagic+1","ScarletSymphony+1","DiffusionOfMisfortune","Doubt"],"relics":["ScarletHat","NeowsBlessing","Replay:Bandana","Old Coin","Calling Bell","hubris:OldNail","Frozen Egg 2","FairyMaid","Nunchaku","hubris:Towel","hubris:CuriousFeather","Simple Rune","PreservedInsect","Centennial Puzzle","Replay:Ancient Bell","Bag of Preparation","Pear","Bird Faced Urn","hubris:SlimyHat","Pet Ghost","Whetstone"],"acts_visited":["Exordium","TheCity","TheBeyond"],"potions_floor_usage":[16,16,16,20,20,33,33,33,35,45,45],"damage_taken":[{"damage":0,"enemies":"Cultist","floor":1,"turns":1},{"damage":0,"enemies":"Jaw Worm","floor":4,"turns":1},{"damage":0,"enemies":"Gremlin Nob","floor":6,"turns":1},{"damage":0,"enemies":"Small Slimes","floor":8,"turns":3},{"damage":0,"enemies":"Replay:BlueRogue","floor":10,"turns":7},{"damage":2,"enemies":"2 Fungi Beasts","floor":11,"turns":4},{"damage":0,"enemies":"Large Slime","floor":12,"turns":7},{"damage":0,"enemies":"Exordium Thugs","floor":14,"turns":4},{"damage":16,"enemies":"Hexaghost","floor":16,"turns":12},{"damage":14,"enemies":"Shell Parasite","floor":18,"turns":7},{"damage":15,"enemies":"2 Thieves","floor":20,"turns":5},{"damage":5,"enemies":"Shelled Parasite and Fungi","floor":24,"turns":7},{"damage":0,"enemies":"Snake Plant","floor":31,"turns":3},{"damage":40,"enemies":"Automaton","floor":33,"turns":11},{"damage":0,"enemies":"3 Darklings","floor":35,"turns":3},{"damage":18,"enemies":"3 Shapes","floor":37,"turns":3},{"damage":45,"enemies":"Spire Growth","floor":38,"turns":5},{"damage":62,"enemies":"Sphere and 2 Shapes","floor":41,"turns":6},{"damage":17,"enemies":"Jaw Worm Horde","floor":45,"turns":6},{"damage":34,"enemies":"Maw","floor":46,"turns":8},{"damage":34,"enemies":"Sphere and 2 Shapes","floor":47,"turns":3},{"damage":78,"enemies":"Time Eater","floor":50,"turns":11}],"seed_played":"-5326116919529883316","potions_obtained":[{"floor":2,"key":"Ancient Potion"},{"floor":2,"key":"Reflective Coating"},{"floor":2,"key":"BlessingOfTheForge"},{"floor":6,"key":"Block Potion"},{"floor":19,"key":"GamblersBrew"},{"floor":19,"key":"PowerPotion"},{"floor":24,"key":"Block Potion"},{"floor":33,"key":"BlessingOfTheForge"},{"floor":38,"key":"Regen Potion"},{"floor":41,"key":"FairyPotion"},{"floor":47,"key":"SmokeBomb"}],"is_trial":false,"path_per_floor":["M","?","$","M","$","E","R","M","T","E","M","M","R","M","R_BF","B",null,"M","?","M","?","?","R","M","R","T","$","R","?","$","M","R","B",null,"M","$","M","M","?","R","M","$","T","R","M","M","M","?","R_BF","B",null],"character_chosen":"REMILIA","items_purchased":["Ultimatum","Simple Rune","Discovery","PreservedInsect","Regen Potion","BombardNight","QueenOfMidnight+1","Swift Potion","hubris:SlimyHat","LifebloodPotion"],"campfire_rested":4,"item_purchase_floors":[5,27,27,27,27,27,27,30,36,42],"current_hp_per_floor":[75,75,75,75,75,75,75,75,75,75,73,75,75,75,75,66,75,64,34,23,23,23,45,44,66,66,66,66,66,66,68,68,65,85,85,85,67,62,62,85,25,25,25,50,49,63,33,85,85,18],"gold":198,"neow_bonus":"THREE_ENEMY_KILL","is_daily":false,"chose_seed":false,"campfire_upgraded":4,"win_rate":0.0,"timestamp":1607798172,"path_taken":["M","?","$","M","$","E","R","?","T","E","?","M","R","M","R_BF","BOSS","M","?","M","?","?","R","M","R","T","$","R","?","$","?","R","BOSS","M","$","M","M","?","R","M","$","T","R","M","M","M","?","R_BF","BOSS"],"items_purchased_type":["Card","Relic","Card","Relic","Potion","Card","Card","Potion","Relic","Potion"],"build_version":"2020-11-30","purchased_purges":1,"victory":true,"max_hp_per_floor":[75,75,75,75,75,75,75,75,75,75,75,75,75,75,75,75,75,75,75,75,75,75,75,75,75,75,75,75,75,75,75,75,75,85,85,85,85,85,85,85,85,85,85,85,85,85,85,85,85,85],"card_choices":[{"not_picked":["ScarletDevil","BloodyMagicSquare"],"picked":"StarOfDavid","floor":1},{"not_picked":["MastersStateliness","BloodAndWine"],"picked":"UnstableMagic","floor":4},{"not_picked":["VampireFantasy","EternalNight"],"picked":"UnstableMagic","floor":6},{"not_picked":["StarOfDavid","BadLadyScramble"],"picked":"EternalNight","floor":8},{"not_picked":["DiffusionOfMisfortune","ScarletDevil"],"picked":"UnderTheZenith","floor":10},{"not_picked":["NightDance","VampireClaw"],"picked":"MiserableFate","floor":10},{"not_picked":["StarOfDavid","MastersStateliness"],"picked":"VampireKiss","floor":11},{"not_picked":["ScarletDevilSign","BombardNight"],"picked":"ScarletSymphony","floor":12},{"not_picked":["DiffusionOfMisfortune","BatForm"],"picked":"VampireKiss","floor":14},{"not_picked":["ScarletMeister","DemonKingCradle"],"picked":"BloodySeventeenLaser","floor":16},{"not_picked":["RedNightlessCastle","ChainGang"],"picked":"UnstableMagic","floor":18},{"not_picked":["RedMagic","ReincarnationDial","BloodyTrap"],"picked":"SKIP","floor":20},{"not_picked":["ForbiddenFruit","HunterOfTheNight"],"picked":"DevilSight+1","floor":24},{"not_picked":["EternalNight","TricksterDevil+1"],"picked":"Stigmanizer","floor":31},{"not_picked":["BloodyCatastrophe","BloodRain"],"picked":"ForecastOfChange","floor":33},{"not_picked":["Voices","ReplayTheSpireMod:Restless Dread"],"picked":"Looming Evil","floor":34},{"not_picked":["Parasite","Amnesia"],"picked":"hubris:Despair","floor":34},{"not_picked":["hubris:Sloth","CurseOfTheBell"],"picked":"Overencumbered","floor":34},{"not_picked":["LeisurelyOfLord+1","RedMagic+1"],"picked":"Stigmanizer+1","floor":35},{"not_picked":["CurseOfVladTepes+1","FavorOfDestiny"],"picked":"StarOfDavid+1","floor":37},{"not_picked":["MiserableFate","LeisurelyOfLord+1"],"picked":"ScarletDevil","floor":38},{"not_picked":["NightLord","TricksterDevil+1"],"picked":"BombardNight+1","floor":41},{"not_picked":["UnderTheZenith+1","UltimateOffering"],"picked":"UnstableMagic+1","floor":45},{"not_picked":["CharismaGuard+1","BombardNight"],"picked":"ScarletSymphony+1","floor":46},{"not_picked":["BlasphemousPunishment+1","UnderTheZenith","HellCatastrophe"],"picked":"SKIP","floor":46},{"not_picked":["NightLord","HunterOfTheNight"],"picked":"DiffusionOfMisfortune","floor":47}],"player_experience":42813,"relics_obtained":[{"floor":6,"key":"Replay:Bandana"},{"floor":10,"key":"Old Coin"},{"floor":17,"key":"hubris:OldNail"},{"floor":17,"key":"Frozen Egg 2"},{"floor":17,"key":"FairyMaid"},{"floor":19,"key":"Nunchaku"},{"floor":26,"key":"hubris:CuriousFeather"},{"floor":43,"key":"Pet Ghost"},{"floor":49,"key":"Whetstone"}],"event_choices":[{"damage_healed":0,"gold_gain":0,"player_choice":"Got Potions","damage_taken":0,"max_hp_gain":0,"max_hp_loss":0,"event_name":"Lab","floor":2,"gold_loss":0},{"damage_healed":0,"gold_gain":0,"player_choice":"Simplicity","damage_taken":0,"max_hp_gain":0,"max_hp_loss":0,"event_name":"Back to Basics","floor":21,"gold_loss":0,"cards_upgraded":["Strike_RM","Strike_RM","Strike_RM","Strike_RM","Defend_RM","Defend_RM","Defend_RM","Defend_RM"]},{"damage_healed":52,"gold_gain":0,"player_choice":"Heal","damage_taken":0,"max_hp_gain":0,"max_hp_loss":0,"event_name":"MindBloom","floor":48,"gold_loss":0,"cards_obtained":["Doubt"]}],"is_beta":false,"boss_relics":[{"not_picked":["hubris:ScarierMask","APieceOfRedMist"],"picked":"Calling Bell"},{"not_picked":["Fusion Hammer","hubris:BlackHole"],"picked":"Replay:Ancient Bell"},{"not_picked":["Oddly Smooth Stone","Juzu Bracelet"],"picked":"Bag of Preparation"},{"not_picked":["Sundial","Kunai"],"picked":"Pear"},{"not_picked":["StoneCalendar","Thread and Needle"],"picked":"Bird Faced Urn"}],"items_purged_floors":[36],"is_endless":false,"potions_floor_spawned":[6,10,11,12,24,33,38,41,47],"ascension_level":0}}