{"host":"Moondoggy","time":1607808450,"event":{"mods":["2.2 Compatiblity","AchievementEnabler","Act Like it!","Aspiration","Bard","BaseMod","Beaked The Cultist","Better Altar","Better Match","Better Note","Better Sensory Stone","Better Skull","Better Third Choice","BetterRewards","Block Reminder","CapriCore","Colored Map","Colored Powertips","Downfall","Duelist Mod","Ekko","Gensokyo","GifTheSpireLib","Glutton Mod","GungeonMod","Halation","Hallownest","Hermit","Hero for Fun","Highlight Path","Hubris","Jorbs\u0027s Wanderer Trilogy","KinomotoSakuraMod(ñÿîVñ{?)","Koishi","LagranYue(ùfäiòNÅEåé)","Lobotomy","LobotomyExtend","Luminous","Mad Scientist","Magitek Elite","MarisaÅiñ∂âJÅ@ñÇóùçπÅj","Mimic Mod","Minty Spire (QoL Compilation)","Railgun Mod","Rare Cards Sparkle","ReimuÅiîé??öÎÅj","RemiliaÅiÂQïƒ‰ª?Åj","Replay The Spire","Robot Space Explorer","Shade Mod","Spicy Shops","StSLib","Td1madao Mod","The Administrix","The Alterego","The Animator","The Blackbeard","The Bug Knight","The Construct","The Cursed","The Disciple","The Dragon Tamer","The Factory","The Forsaken","The Gatherer","The Hierophant","The Immortal","The Kombatant","The Mystic","The Necromancer","The Poker Player","The Runesmith","The Senshi","The Servant 0.9.4","The Wild Card","The Witch","TheSwordswoman","WarShipGirlsR/??è≠èóR mod","Yuri Mod"],"gold_per_floor":[115,129,129,129,139,151,151,76,102,115,131,131,52,65,65,167,167,181,200,225,265,265],"floor_reached":21,"playtime":2361,"items_purged":[],"score":173,"play_id":"3048d207-4d18-453d-ada0-441ff04b7053","local_time":"20201212162729","is_ascension_mode":false,"campfire_choices":[{"floor":12,"key":"REST"},{"floor":15,"key":"REST"}],"circlet_count":0,"master_deck":["Runesmith:Strike_RS","Runesmith:Strike_RS","Runesmith:Strike_RS","Runesmith:Strike_RS","Runesmith:Defend_RS","Runesmith:Defend_RS","Runesmith:Defend_RS","Runesmith:Defend_RS","Runesmith:CraftFirestone","Runesmith:Fortify","Runesmith:GoWithTheFlow","Runesmith:ChiselStab","Runesmith:HeatedChisel","Runesmith:CraftIndustria","expansioncontent:CaCaw","Runesmith:CraftMagma+1","Runesmith:UnstableHammer","Runesmith:EnergizedChisel","Runesmith:ShiftingStrike+1","Runesmith:Grindstone","Runesmith:Grindstone","Runesmith:ArcReactor","Runesmith:Overpower","Runesmith:PoweredAnvil"],"relics":["Runesmith:BrokenRuby","LagranYue:RandomDrawCardRelic","LetterFromLob","halation:StarCompass","Hallownest:DreamNailRelic","Runesmith:EmergencyProvisions","halation:HeavySnake","Pen Nib"],"acts_visited":["Exordium","Hallownest:Greenpath"],"potions_floor_usage":[16,16,18,19],"damage_taken":[{"damage":2.0,"enemies":"Hallownest:monsterHuskWarrior","floor":1.0,"turns":4.0},{"damage":0.0,"enemies":"Hallownest:2_MossCreeps","floor":2.0,"turns":5.0},{"damage":3.0,"enemies":"2_ Uuma","floor":5.0,"turns":6.0},{"damage":2.0,"enemies":"Hallownest:Wandering_and_Horned","floor":6.0,"turns":4.0},{"damage":8,"enemies":"Hallownest:MossCreep_and_Mosskin","floor":10,"turns":5},{"damage":29,"enemies":"Hallownest:1_Ooma_and_2_Uuma","floor":11,"turns":9},{"damage":0,"enemies":"Hallownest:monsterAspidMother","floor":14,"turns":5},{"damage":34,"enemies":"Hallownest:BossFalseKnight","floor":16,"turns":8},{"damage":10,"enemies":"Hallownest:3_Youths","floor":18,"turns":8},{"damage":30,"enemies":"Hallownest:2_Mistakes","floor":19,"turns":7},{"damage":37,"enemies":"Hallownest:Glutton_and_Coward","floor":21,"turns":4}],"seed_played":"-5845112872319917240","potions_obtained":[{"floor":1.0,"key":"MagicPotion:ReiMu"},{"floor":2.0,"key":"Energy Potion"},{"floor":10,"key":"Reflective Coating"},{"floor":18,"key":"Fruit Juice"}],"is_trial":false,"path_per_floor":["M","M","?","?","M","M","?","?","T","M","M","R","$","M","R","B",null,"M","M","T","M"],"character_chosen":"RUNESMITH_CLASS","items_purchased":["Runesmith:ShiftingStrike+1","Runesmith:Grindstone"],"campfire_rested":2,"item_purchase_floors":[13,13],"current_hp_per_floor":[68,68,68,68,65,63,63,63,63,55,26,47,47,47,68,34,70,60,35,35,0,0],"gold":265,"neow_bonus":"","is_daily":false,"chose_seed":false,"campfire_upgraded":0,"win_rate":0.0,"timestamp":1607808449,"path_taken":["M","M","?","?","M","?","?","?","T","M","M","R","$","M","R","BOSS","M","M","?","M"],"items_purchased_type":["Card","Card"],"build_version":"2020-12-07","purchased_purges":0,"victory":false,"max_hp_per_floor":[70,70,70,70,70,70,70,70,70,70,70,70,70,70,70,70,70,70,75,75,75,75],"card_choices":[{"not_picked":["Runesmith:Accelerate","Runesmith:Augment"],"picked":"Runesmith:GoWithTheFlow","floor":1.0},{"not_picked":["Runesmith:Electrocute","Runesmith:HammerAndChisel"],"picked":"Runesmith:ChiselStab","floor":2.0},{"not_picked":["Runesmith:Repurpose","Runesmith:RuneHurl"],"picked":"Runesmith:HeatedChisel","floor":5.0},{"not_picked":["Runesmith:UnstableHammer","Runesmith:ShiftingStrike"],"picked":"Runesmith:CraftIndustria","floor":6.0},{"not_picked":["Purity","Deep Breath"],"picked":"expansioncontent:CaCaw","floor":7},{"not_picked":["Runesmith:HeatExchange+1","Runesmith:StaticCage+1"],"picked":"Runesmith:CraftMagma+1","floor":8},{"not_picked":["Runesmith:Prism","Runesmith:NegativeSpace"],"picked":"Runesmith:UnstableHammer","floor":10},{"not_picked":["Runesmith:ChiselStab","Runesmith:Repurpose"],"picked":"Runesmith:EnergizedChisel","floor":11},{"not_picked":["Runesmith:RuneHurl","Runesmith:ChiselStab"],"picked":"Runesmith:Grindstone","floor":14},{"not_picked":["Runesmith:MetallurgicalResearch","Runesmith:Duplicate"],"picked":"Runesmith:ArcReactor","floor":16},{"not_picked":["Runesmith:HeatedChisel","Runesmith:Repurpose+1"],"picked":"Runesmith:Overpower","floor":18},{"not_picked":["Runesmith:EnergizedChisel","Runesmith:BackupBattery+1"],"picked":"Runesmith:PoweredAnvil","floor":19}],"player_experience":235770,"relics_obtained":[{"floor":1.0,"key":"LetterFromLob"},{"floor":9,"key":"Runesmith:EmergencyProvisions"},{"floor":20,"key":"Pen Nib"}],"event_choices":[{"damage_healed":0,"gold_gain":1,"player_choice":"1","damage_taken":0,"max_hp_gain":0,"max_hp_loss":0,"event_name":"betterStone:BetterStone","floor":7,"gold_loss":0},{"damage_healed":0,"gold_gain":0,"player_choice":"2","damage_taken":0,"max_hp_gain":0,"max_hp_loss":0,"event_name":"betterMatch:BetterMatch","floor":8,"gold_loss":0,"cards_obtained":["betterMatch:CommonCard"]}],"is_beta":true,"boss_relics":[{"not_picked":["halation:Risk","Painkiller Herb"],"picked":"halation:HeavySnake"}],"items_purged_floors":[],"is_endless":false,"potions_floor_spawned":[1,2,10,18],"killed_by":"Hallownest:Glutton_and_Coward","ascension_level":0}}