{"host":"aq972z5q0kt9xhjm","time":1607814754,"event":{"mods":["AchievementEnabler","BaseMod","Colored Map","Colored Powertips","Highlight Path","Minty Spire (QoL Compilation)","Quick Restart","Relic Sorter"],"gold_per_floor":[114,130,80,91,108,138,13,13,13],"floor_reached":8,"playtime":387,"items_purged":["Strike_R"],"score":70,"play_id":"6013ec2f-bd46-4442-aacf-e2581ee48026","local_time":"20201212181234","is_ascension_mode":true,"campfire_choices":[],"circlet_count":0,"master_deck":["Strike_R","Strike_R","Strike_R","Defend_R","Defend_R","Defend_R","Defend_R","Bash","Whirlwind","Infernal Blade","Flame Barrier","Bloodletting","Rampage"],"relics":["Burning Blood","Turnip","Centennial Puzzle"],"acts_visited":["Exordium"],"potions_floor_usage":[5,6],"damage_taken":[{"damage":3,"enemies":"2 Louse","floor":1,"turns":4},{"damage":10,"enemies":"Small Slimes","floor":2,"turns":4},{"damage":1,"enemies":"Cultist","floor":4,"turns":4},{"damage":6,"enemies":"Large Slime","floor":5,"turns":7},{"damage":52,"enemies":"Gremlin Nob","floor":6,"turns":5},{"damage":0,"enemies":"Lagavulin","floor":8,"turns":2}],"seed_played":"-8391385570112299136","potions_obtained":[{"floor":2,"key":"Fire Potion"},{"floor":4,"key":"Swift Potion"}],"is_trial":false,"path_per_floor":["M","M","?","M","M","E","$","E"],"character_chosen":"IRONCLAD","items_purchased":["Swift Potion"],"campfire_rested":0,"item_purchase_floors":[7],"current_hp_per_floor":[59,55,55,60,60,14,14,14,14],"gold":13,"neow_bonus":"ONE_RARE_RELIC","is_daily":false,"chose_seed":false,"campfire_upgraded":0,"win_rate":0.0,"timestamp":1607814754,"path_taken":["M","M","?","M","M","E","$","E"],"items_purchased_type":["Potion"],"build_version":"2020-11-30","purchased_purges":1,"victory":false,"max_hp_per_floor":[80,80,80,80,80,80,80,80,80],"card_choices":[{"not_picked":["Cleave","Battle Trance"],"picked":"Whirlwind","floor":1},{"not_picked":["Feel No Pain","True Grit"],"picked":"Infernal Blade","floor":2},{"not_picked":["Iron Wave","Warcry"],"picked":"Flame Barrier","floor":4},{"not_picked":["Dual Wield","Hemokinesis"],"picked":"Bloodletting","floor":5},{"not_picked":["Pommel Strike","Ghostly Armor"],"picked":"Rampage","floor":6}],"player_experience":351025,"relics_obtained":[{"floor":6,"key":"Centennial Puzzle"}],"event_choices":[{"cards_removed":["Strike_R"],"damage_healed":0,"gold_gain":0,"player_choice":"Card Removal","damage_taken":0,"max_hp_gain":0,"max_hp_loss":0,"event_name":"The Cleric","floor":3,"gold_loss":50}],"is_beta":false,"boss_relics":[],"items_purged_floors":[7],"is_endless":false,"potions_floor_spawned":[2,4],"killed_by":"Lagavulin","ascension_level":4}}