{"host":"1hv1kueuvc4r3rdp","time":1607738311,"event":{"mods":["AchievementEnabler","BaseMod","DeckTracker","Highlight Path","Minty Spire (QoL Compilation)","Permanent Neow","StSLib"],"gold_per_floor":[12,23,43,4,4,4,18,28,28,41,41,55,71,71,71,174,174,190,205,217,217,227,227,227,227],"floor_reached":24,"playtime":1426,"items_purged":[],"score":243,"play_id":"061c3d3a-195f-4501-9c65-8f0a8d334676","local_time":"20201211195831","is_ascension_mode":true,"campfire_choices":[{"data":"Dualcast","floor":6,"key":"SMITH"},{"data":"Zap","floor":11,"key":"SMITH"},{"floor":15,"key":"REST"},{"data":"Buffer","floor":23,"key":"SMITH"}],"circlet_count":0,"master_deck":["Zap+1","Dualcast+1","All For One","Redo","Darkness","Streamline","Genetic Algorithm","Glacier","Buffer+1","Coolheaded","Streamline","Darkness","Rainbow","Hologram","Glacier","Reboot","Ball Lightning","Turbo","Undo+1"],"relics":["Cracked Core","Art of War","Pandora\u0027s Box"],"acts_visited":["Exordium","TheCity"],"potions_floor_usage":[12,13,16],"damage_taken":[{"damage":2,"enemies":"Small Slimes","floor":1,"turns":4},{"damage":4,"enemies":"Jaw Worm","floor":2,"turns":4},{"damage":3,"enemies":"2 Louse","floor":3,"turns":3},{"damage":15,"enemies":"Looter","floor":7,"turns":4},{"damage":9,"enemies":"Red Slaver","floor":8,"turns":3},{"damage":18,"enemies":"Large Slime","floor":10,"turns":3},{"damage":22,"enemies":"Lots of Slimes","floor":12,"turns":3},{"damage":0,"enemies":"3 Louse","floor":13,"turns":2},{"damage":16,"enemies":"Hexaghost","floor":16,"turns":13},{"damage":20,"enemies":"3 Byrds","floor":18,"turns":7},{"damage":0,"enemies":"Chosen","floor":19,"turns":5},{"damage":6,"enemies":"Shelled Parasite and Fungi","floor":20,"turns":8},{"damage":0,"enemies":"Sentry and Sphere","floor":22,"turns":3},{"damage":34,"enemies":"Book of Stabbing","floor":24,"turns":8}],"seed_played":"-6281727584774271465","potions_obtained":[{"floor":2,"key":"ColorlessPotion"},{"floor":7,"key":"DistilledChaos"},{"floor":8,"key":"LiquidMemories"},{"floor":18,"key":"Strength Potion"},{"floor":19,"key":"Dexterity Potion"}],"is_trial":false,"path_per_floor":["M","M","M","?","?","R","M","M","T","M","R","M","M","?","R","B",null,"M","M","M","?","M","R","E"],"character_chosen":"DEFECT","items_purchased":[],"campfire_rested":1,"item_purchase_floors":[],"current_hp_per_floor":[73,69,66,66,66,66,51,42,42,24,24,2,2,2,24,8,58,38,38,32,32,32,32,0,0],"gold":227,"neow_bonus":"THREE_RARE_CARDS","is_daily":false,"chose_seed":false,"campfire_upgraded":3,"win_rate":0.0,"timestamp":1607738311,"path_taken":["M","M","M","?","?","R","M","M","T","M","R","M","M","?","R","BOSS","M","M","M","?","M","R","E"],"items_purchased_type":[],"build_version":"2020-11-30","purchased_purges":0,"victory":false,"max_hp_per_floor":[75,75,75,75,75,75,75,75,75,75,75,75,75,75,75,75,75,75,75,75,75,75,75,75,75],"card_choices":[{"not_picked":["Creative AI","Meteor Strike"],"picked":"All For One","floor":0},{"not_picked":["Conserve Battery","Rebound"],"picked":"Redo","floor":1},{"not_picked":["Steam","Gash"],"picked":"Darkness","floor":2},{"not_picked":["Hologram","Coolheaded","Conserve Battery"],"picked":"SKIP","floor":3},{"not_picked":["Compile Driver","Turbo","Beam Cell"],"picked":"SKIP","floor":7},{"not_picked":["Hyperbeam","Glacier"],"picked":"Streamline","floor":8},{"not_picked":["Go for the Eyes","Redo"],"picked":"Genetic Algorithm","floor":10},{"not_picked":["Cold Snap","Hello World"],"picked":"Glacier","floor":12},{"not_picked":["Tempest","Gash","Conserve Battery"],"picked":"SKIP","floor":13},{"not_picked":["All For One","Machine Learning"],"picked":"Buffer","floor":16},{"not_picked":["Static Discharge","Blizzard"],"picked":"Ball Lightning","floor":18},{"not_picked":["Ball Lightning+1","Conserve Battery"],"picked":"Turbo","floor":19},{"not_picked":["Reprogram+1","Go for the Eyes+1","Blizzard"],"picked":"SKIP","floor":20},{"not_picked":["Leap","Reinforced Body+1"],"picked":"Undo+1","floor":22}],"player_experience":963870,"relics_obtained":[{"floor":9,"key":"Art of War"}],"event_choices":[{"damage_healed":0,"gold_gain":0,"player_choice":"Left Gold","damage_taken":0,"max_hp_gain":0,"max_hp_loss":0,"event_name":"World of Goop","floor":4,"gold_loss":39},{"damage_healed":0,"gold_gain":0,"player_choice":"Ignored","damage_taken":0,"max_hp_gain":0,"max_hp_loss":0,"event_name":"Liars Game","floor":5,"gold_loss":0},{"damage_healed":0,"gold_gain":0,"player_choice":"Searched \u00270\u0027 times","damage_taken":0,"max_hp_gain":0,"max_hp_loss":0,"event_name":"Dead Adventurer","floor":14,"gold_loss":0},{"cards_removed":["Storm"],"damage_healed":0,"gold_gain":0,"player_choice":"Elegance","damage_taken":0,"max_hp_gain":0,"max_hp_loss":0,"event_name":"Back to Basics","floor":21,"gold_loss":0}],"is_beta":false,"boss_relics":[{"not_picked":["Fusion Hammer","Coffee Dripper"],"picked":"Pandora\u0027s Box"}],"items_purged_floors":[],"is_endless":false,"potions_floor_spawned":[2,7,8,10,18,19],"killed_by":"Book of Stabbing","ascension_level":5}}