{"host":"rmsq46plbpwfbxcc","time":1607740289,"event":{"mods":["AchievementEnabler","BaseMod","Colored Map","DeckTracker","Minty Spire (QoL Compilation)","Permanent Neow","SuperFastMode"],"gold_per_floor":[113,113,137,148,168,168,209,236,260,260,230,195,216,216,216,303,303,329,349,21,46,46,46,46],"floor_reached":23,"playtime":528,"items_purged":[],"score":344,"play_id":"c2393b43-315f-4209-8c8e-73f27b050d5e","local_time":"20201212113129","is_ascension_mode":true,"campfire_choices":[{"data":"Neutralize","floor":6.0,"key":"SMITH"},{"data":"Infinite Blades","floor":10.0,"key":"SMITH"},{"data":"Finisher","floor":15.0,"key":"SMITH"}],"circlet_count":0,"master_deck":["AscendersBane","Strike_G","Strike_G","Strike_G","Strike_G","Strike_G","Defend_G","Defend_G","Defend_G","Defend_G","Defend_G","Survivor","Neutralize+1","Finisher+1","Accuracy","Infinite Blades+1","Choke","PiercingWail","Noxious Fumes+1","Adrenaline","Dagger Spray","Backflip+1","Blade Dance","PiercingWail"],"relics":["Ring of the Snake","NeowsBlessing","Omamori","CeramicFish","Dream Catcher","WristBlade","Membership Card","Ice Cream"],"acts_visited":["Exordium","TheCity"],"potions_floor_usage":[21,23],"damage_taken":[{"damage":0.0,"enemies":"Small Slimes","floor":1.0,"turns":1.0},{"damage":0.0,"enemies":"Jaw Worm","floor":4.0,"turns":1.0},{"damage":0.0,"enemies":"Cultist","floor":5.0,"turns":2.0},{"damage":17.0,"enemies":"Gremlin Nob","floor":7.0,"turns":4.0},{"damage":14.0,"enemies":"Exordium Wildlife","floor":8.0,"turns":6.0},{"damage":1.0,"enemies":"Looter","floor":11.0,"turns":4.0},{"damage":1.0,"enemies":"Red Slaver","floor":13.0,"turns":4.0},{"damage":7.0,"enemies":"Slime Boss","floor":16.0,"turns":9.0},{"damage":10,"enemies":"Chosen","floor":18,"turns":5},{"damage":19,"enemies":"Spheric Guardian","floor":19,"turns":4},{"damage":10,"enemies":"Snake Plant","floor":21,"turns":3},{"damage":15,"enemies":"Slavers","floor":23,"turns":1}],"seed_played":"-5622042433454419377","potions_obtained":[{"floor":4.0,"key":"PowerPotion"},{"floor":7.0,"key":"SteroidPotion"},{"floor":8.0,"key":"GhostInAJar"},{"floor":19,"key":"BlessingOfTheForge"}],"is_trial":false,"path_per_floor":["M","?","T","M","M","R","E","M","T","R","M","?","M","?","R","B",null,"M","M","$","M","?","E"],"character_chosen":"THE_SILENT","items_purchased":["Membership Card","Ice Cream","Blade Dance"],"campfire_rested":0,"item_purchase_floors":[20,20,20],"current_hp_per_floor":[59,59,59,59,59,59,42,28,28,28,27,43,42,42,42,35,58,48,29,29,19,13,0,0],"gold":46,"neow_bonus":"THREE_ENEMY_KILL","is_daily":false,"chose_seed":false,"campfire_upgraded":3,"win_rate":0.0,"timestamp":1607740289,"path_taken":["M","?","?","?","M","R","E","M","T","R","M","?","M","?","R","BOSS","M","M","$","M","?","E"],"items_purchased_type":["Relic","Relic","Card"],"build_version":"2020-11-30","purchased_purges":0,"victory":false,"max_hp_per_floor":[66,66,66,66,66,66,66,66,66,66,66,66,66,66,66,66,66,66,66,66,66,66,66,66],"card_choices":[{"not_picked":["Underhanded Strike","Dodge and Roll"],"picked":"Finisher","floor":1.0},{"not_picked":["Blur","Caltrops"],"picked":"Accuracy","floor":4.0},{"not_picked":["Prepared","Flying Knee"],"picked":"Infinite Blades","floor":5.0},{"not_picked":["Heel Hook","Well Laid Plans"],"picked":"Choke","floor":7.0},{"not_picked":["Backflip","Deadly Poison"],"picked":"PiercingWail","floor":8.0},{"not_picked":["Prepared","Doppelganger","Acrobatics"],"picked":"SKIP","floor":11.0},{"not_picked":["Reflex","Deadly Poison"],"picked":"Noxious Fumes","floor":13.0},{"not_picked":["Night Terror","Tools of the Trade"],"picked":"Adrenaline","floor":16.0},{"not_picked":["Outmaneuver","Flechettes"],"picked":"Dagger Spray","floor":18},{"not_picked":["Dagger Spray","Deflect"],"picked":"Backflip+1","floor":19},{"not_picked":["All Out Attack","Noxious Fumes"],"picked":"PiercingWail","floor":21}],"player_experience":1320910,"relics_obtained":[{"floor":3.0,"key":"Omamori"},{"floor":7.0,"key":"CeramicFish"},{"floor":9.0,"key":"Dream Catcher"}],"event_choices":[{"damage_healed":0.0,"max_hp_gain":0.0,"max_hp_loss":0.0,"gold_gain":0.0,"event_name":"Shining Light","player_choice":"Ignored","floor":2.0,"gold_loss":0.0,"damage_taken":0.0},{"damage_healed":16.0,"max_hp_gain":0.0,"max_hp_loss":0.0,"gold_gain":0.0,"event_name":"The Cleric","player_choice":"Healed","floor":12.0,"gold_loss":35.0,"damage_taken":0.0},{"damage_healed":0.0,"max_hp_gain":0.0,"max_hp_loss":0.0,"gold_gain":0.0,"event_name":"Living Wall","player_choice":"Grow","floor":14.0,"gold_loss":0.0,"damage_taken":0.0,"cards_upgraded":["Noxious Fumes"]},{"damage_healed":0,"gold_gain":0,"player_choice":"","damage_taken":6,"max_hp_gain":0,"max_hp_loss":0,"event_name":"Knowing Skull","floor":22,"potions_obtained":[],"gold_loss":0,"cards_obtained":[]}],"is_beta":false,"boss_relics":[{"not_picked":["SlaversCollar","SacredBark"],"picked":"WristBlade"}],"items_purged_floors":[],"is_endless":false,"potions_floor_spawned":[4,7,8,13,19],"killed_by":"Slavers","ascension_level":16}}