{"host":"fbqvzfq8f1yzoo4u","time":1607758236,"event":{"mods":["BaseMod","Minty Spire (QoL Compilation)","Replay The Spire","StSLib"],"gold_per_floor":[111,25,42,42,42,42,42,42,42,76,76,133,143,63,134,148,148,225,225,240,258,258,29,29,29,61,61,61],"floor_reached":27,"playtime":1184,"items_purged":[],"score":479,"play_id":"d0942e8b-0711-4d19-bae7-3a819e51c309","local_time":"20201212153036","is_ascension_mode":true,"campfire_choices":[{"data":"Perfected Strike","floor":6.0,"key":"SMITH"},{"data":"Bash","floor":9.0,"key":"SMITH"},{"data":"Pommel Strike","floor":17.0,"key":"SMITH"},{"floor":25,"key":"REST"}],"circlet_count":0,"master_deck":["AscendersBane","Strike_R+1","Strike_R","Strike_R","Strike_R","Strike_R","Defend_R","Defend_R","Defend_R","Defend_R","Bash+1","ReplayTheSpireMod:Stacked","Perfected Strike+1","Shrug It Off","Wild Strike+1","Self Repair+1","ReplayTheSpireMod:Muscle Training","Intimidate","ReplayTheSpireMod:Strike From Hell","Glacier","Pommel Strike+1","Limit Break","Dropkick","Battle Trance","Whirlwind"],"relics":["Iron Core","Whetstone","StoneCalendar","Strawberry","Electric Blood","Lee\u0027s Waffle","Happy Flower"],"acts_visited":["Exordium","TheCity"],"potions_floor_usage":[18,18,18,18,26,27],"damage_taken":[{"damage":4.0,"enemies":"Small Slimes","floor":1.0,"turns":4.0},{"damage":4.0,"enemies":"Jaw Worm","floor":3.0,"turns":4.0},{"damage":25.0,"enemies":"Replay:BlueRogue","floor":10.0,"turns":5.0},{"damage":31.0,"enemies":"3 Sentries","floor":12.0,"turns":7.0},{"damage":0.0,"enemies":"2 Louse","floor":13.0,"turns":2.0},{"damage":1.0,"enemies":"Large Slime","floor":16.0,"turns":5.0},{"damage":2,"enemies":"Fading Forest","floor":18,"turns":13},{"damage":7,"enemies":"Chosen","floor":20,"turns":4},{"damage":23,"enemies":"2 Thieves","floor":21,"turns":3},{"damage":46,"enemies":"Slavers","floor":26,"turns":7},{"damage":46,"enemies":"Chosen and Byrds","floor":27,"turns":5}],"seed_played":"8942042190540647625","potions_obtained":[{"floor":1.0,"key":"BloodPotion"},{"floor":3.0,"key":"Dexterity Potion"},{"floor":12.0,"key":"EntropicBrew"},{"floor":13.0,"key":"LifebloodPotion"},{"floor":21,"key":"AttackPotion"}],"is_trial":false,"path_per_floor":["M","$","M","?","$","R","PTL","PTL","R","E","T","?","M","$","?","M","R","B",null,"M","M","?","$","?","R","E","M"],"character_chosen":"IRONCLAD","items_purchased":["Perfected Strike","Shrug It Off","Glacier","Lee\u0027s Waffle","AttackPotion"],"campfire_rested":1,"item_purchase_floors":[2,2,14,23,23],"current_hp_per_floor":[77,77,79,79,79,79,79,79,79,64,64,66,66,66,66,75,75,89,89,89,76,76,96,67,97,61,15,15],"gold":61,"neow_bonus":"TEN_PERCENT_HP_BONUS","is_daily":false,"chose_seed":false,"campfire_upgraded":3,"win_rate":0.0,"timestamp":1607758236,"path_taken":["M","$","M","?","$","R","PTL","PTL","R","E","T","?","M","$","?","M","R","BOSS","M","M","?","$","?","R","E","M"],"items_purchased_type":["Card","Card","Card","Relic","Potion"],"build_version":"2020-11-30","purchased_purges":0,"victory":false,"max_hp_per_floor":[82,82,82,82,82,82,82,82,82,82,82,89,89,89,89,89,89,89,89,89,89,89,96,101,101,101,101,101],"card_choices":[{"not_picked":["Sever Soul","Rupture"],"picked":"ReplayTheSpireMod:Stacked","floor":1.0},{"not_picked":["Second Wind","Dual Wield"],"picked":"Wild Strike","floor":3.0},{"not_picked":["Eclipse","Disarm"],"picked":"ReplayTheSpireMod:Muscle Training","floor":10.0},{"not_picked":["Body Slam","ReplayTheSpireMod:LeadingStrike"],"picked":"Intimidate","floor":12.0},{"not_picked":["Cleave","Gash"],"picked":"ReplayTheSpireMod:Strike From Hell","floor":13.0},{"not_picked":["Run Through","WeaponsOverheat"],"picked":"Pommel Strike","floor":16.0},{"not_picked":["Eclipse","Impervious"],"picked":"Limit Break","floor":18},{"not_picked":["Clothesline","Anger"],"picked":"Dropkick","floor":20},{"not_picked":["Body Slam","Heavy Blade+1"],"picked":"Battle Trance","floor":21},{"not_picked":["Rampage","Abandon"],"picked":"Whirlwind","floor":26}],"player_experience":562637,"relics_obtained":[{"floor":10.0,"key":"Whetstone"},{"floor":11.0,"key":"StoneCalendar"},{"floor":12.0,"key":"Strawberry"},{"floor":26,"key":"Happy Flower"}],"event_choices":[{"damage_healed":0.0,"max_hp_gain":0.0,"max_hp_loss":0.0,"gold_gain":0.0,"event_name":"Dead Adventurer","player_choice":"Searched \u00271\u0027 times","floor":12.0,"gold_loss":0.0,"damage_taken":0.0},{"damage_healed":0.0,"max_hp_gain":0.0,"max_hp_loss":0.0,"gold_gain":71.0,"event_name":"Golden Wing","player_choice":"Gained Gold","floor":15.0,"gold_loss":0.0,"damage_taken":0.0},{"damage_healed":0,"gold_gain":0,"player_choice":"Ignored","damage_taken":0,"max_hp_gain":0,"max_hp_loss":0,"event_name":"Vampires","floor":22,"gold_loss":0},{"damage_healed":0,"gold_gain":0,"player_choice":"Shed Blood","damage_taken":34,"max_hp_gain":5,"max_hp_loss":0,"event_name":"Forgotten Altar","floor":24,"gold_loss":0}],"is_beta":false,"boss_relics":[{"not_picked":["Painkiller Herb","Pandora\u0027s Box"],"picked":"Electric Blood"}],"items_purged_floors":[],"is_endless":false,"potions_floor_spawned":[1,3,12,13,21],"killed_by":"Chosen and Byrds","ascension_level":20}}