{"host":"danq4vzudt77osor","time":1607752860,"event":{"mods":["BaseMod","Colored Map","Custom Start","Minty Spire (QoL Compilation)","StSLib","SuperFastMode"],"gold_per_floor":[109,109,140,168,190,236,259,221,233,245,271,283,295,317,329,442,454,454],"floor_reached":17,"playtime":346,"items_purged":[],"score":159,"play_id":"73e49263-54d6-4e4c-9351-a1b1185a0103","local_time":"20201212150100","is_ascension_mode":false,"campfire_choices":[{"data":"Neutralize","floor":10.0,"key":"SMITH"},{"data":"Masterful Stab","floor":12.0,"key":"SMITH"},{"data":"Finisher","floor":15.0,"key":"SMITH"}],"circlet_count":0,"master_deck":["Strike_G","Strike_G","Strike_G","Defend_G","Defend_G","Defend_G","Defend_G","Survivor","Neutralize+1","Backstab","Dagger Throw","Slice","Finisher+1","Masterful Stab+1","Slice","Dagger Throw","Venomology"],"relics":["Ring of the Snake","MawBank","Bottled Flame","Mummified Hand","WristBlade"],"acts_visited":["Exordium","TheCity"],"potions_floor_usage":[16],"damage_taken":[{"damage":0.0,"enemies":"Small Slimes","floor":1.0,"turns":3.0},{"damage":0.0,"enemies":"2 Louse","floor":3.0,"turns":3.0},{"damage":0.0,"enemies":"Jaw Worm","floor":4.0,"turns":2.0},{"damage":6.0,"enemies":"Red Slaver","floor":5.0,"turns":4.0},{"damage":30.0,"enemies":"3 Sentries","floor":6.0,"turns":11.0},{"damage":0.0,"enemies":"2 Fungi Beasts","floor":7.0,"turns":1.0},{"damage":0.0,"enemies":"Gremlin Gang","floor":11.0,"turns":2.0},{"damage":0.0,"enemies":"Exordium Wildlife","floor":14.0,"turns":2.0},{"damage":23,"enemies":"Slime Boss","floor":16,"turns":5}],"seed_played":"9215598421515571823","potions_obtained":[{"floor":1.0,"key":"GamblersBrew"},{"floor":3.0,"key":"SpeedPotion"},{"floor":5.0,"key":"FearPotion"},{"floor":11.0,"key":"Ancient Potion"},{"floor":16,"key":"Ancient Potion"}],"is_trial":false,"path_per_floor":["M","?","M","M","M","E","M","?","T","R","M","R","?","M","R","B",null],"character_chosen":"THE_SILENT","items_purchased":[],"campfire_rested":0,"item_purchase_floors":[],"current_hp_per_floor":[63,60,60,60,54,24,24,24,24,24,24,24,24,24,24,1,63,63],"gold":454,"neow_bonus":"REMOVE_TWO","is_daily":false,"chose_seed":false,"campfire_upgraded":3,"win_rate":0.0,"timestamp":1607752860,"path_taken":["M","?","M","M","M","E","M","?","T","R","M","R","?","M","R","BOSS"],"items_purchased_type":[],"build_version":"2020-11-30","purchased_purges":0,"victory":false,"max_hp_per_floor":[63,63,63,63,63,63,63,63,63,63,63,63,63,63,63,63,63,63],"card_choices":[{"not_picked":["PiercingWail","Deflect"],"picked":"Backstab","floor":1.0},{"not_picked":["Skewer","Acrobatics"],"picked":"Dagger Throw","floor":3.0},{"not_picked":["Backflip","Quick Slash"],"picked":"Slice","floor":4.0},{"not_picked":["Unload","Outmaneuver"],"picked":"Finisher","floor":5.0},{"not_picked":["Backstab","Poisoned Stab"],"picked":"Masterful Stab","floor":6.0},{"not_picked":["Sucker Punch","Choke"],"picked":"Slice","floor":7.0},{"not_picked":["Quick Slash","Outmaneuver","Dodge and Roll"],"picked":"SKIP","floor":11.0},{"not_picked":["Quick Slash","Outmaneuver","Dodge and Roll"],"picked":"SKIP","floor":11.0},{"not_picked":["Bane","Concentrate"],"picked":"Dagger Throw","floor":14.0},{"not_picked":["Burst","Unload"],"picked":"Venomology","floor":16}],"player_experience":1653486,"relics_obtained":[{"floor":6.0,"key":"Bottled Flame"},{"floor":9.0,"key":"Mummified Hand"}],"event_choices":[{"damage_healed":0.0,"max_hp_gain":0.0,"max_hp_loss":0.0,"gold_gain":0.0,"event_name":"Scrap Ooze","player_choice":"Success","floor":2.0,"gold_loss":0.0,"damage_taken":3.0,"relics_obtained":["MawBank"]},{"cards_removed":["Strike_G"],"damage_healed":0.0,"max_hp_gain":0.0,"max_hp_loss":0.0,"gold_gain":0.0,"event_name":"The Cleric","player_choice":"Card Removal","floor":8.0,"gold_loss":50.0,"damage_taken":0.0},{"damage_healed":0.0,"max_hp_gain":0.0,"max_hp_loss":0.0,"gold_gain":0.0,"event_name":"Liars Game","player_choice":"Ignored","floor":13.0,"gold_loss":0.0,"damage_taken":0.0}],"is_beta":false,"boss_relics":[{"not_picked":["Philosopher\u0027s Stone","Empty Cage"],"picked":"WristBlade"}],"items_purged_floors":[],"is_endless":false,"potions_floor_spawned":[1,3,5,7,11,16],"ascension_level":0}}