{"host":"xd92u7alcwi518yp","time":1607745840,"event":{"mods":["Aspiration","BaseMod","BetterRewards","Colored Map","Colored Powertips","Hubris","Minty Spire (QoL Compilation)","Quick Restart","StSLib"],"gold_per_floor":[114,114,131,131,131,163,183,197,249,269,269,269,282,50,50,149,149,167,183,35,35,35,64,64,77,77,110,110,110,130,62,62,158,158,175,175,150,165,165,165,165],"floor_reached":40,"playtime":2917,"items_purged":["Regret"],"score":424,"play_id":"8994983e-9178-45c9-88e6-5826cfbdef10","local_time":"20201211200400","is_ascension_mode":false,"campfire_choices":[{"floor":11.0,"key":"RECALL"},{"data":"1","floor":15.0,"key":"LIFT"},{"floor":24.0,"key":"REST"},{"floor":28.0,"key":"REST"},{"floor":32.0,"key":"REST"}],"circlet_count":0,"master_deck":["Self Repair","Defend_B","Defend_B","Defend_B","Defend_B","Zap","Dualcast","Hologram","Flechettes","Slice","All Out Attack","Cold Snap","Double Energy","Zap","Consume+1","Chaos","Self Repair","Coolheaded","Multi-Cast","White Noise+1","Redo","Chill","Coolheaded","Blizzard","Redo","Self Repair","Cold Snap","Static Discharge","Thunder Strike","aspiration:Polymerization","Madness","Madness","Redo","Rebound"],"relics":["Cracked Core","Pen Nib","Girya","Strawberry","hubris:OldNail","Philosopher\u0027s Stone","Omamori","Darkstone Periapt","aspiration:ChemicalBlood","hubris:Teleporter","Dream Catcher","hubris:Backtick","Runic Capacitor"],"acts_visited":[],"potions_floor_usage":[40],"damage_taken":[{"damage":1.0,"enemies":"Cultist","floor":1.0,"turns":3.0},{"damage":5.0,"enemies":"Small Slimes","floor":3.0,"turns":2.0},{"damage":24.0,"enemies":"Gremlin Nob","floor":6.0,"turns":4.0},{"damage":0.0,"enemies":"2 Louse","floor":7.0,"turns":2.0},{"damage":0.0,"enemies":"Lots of Slimes","floor":8.0,"turns":2.0},{"damage":9.0,"enemies":"Blue Slaver","floor":10.0,"turns":3.0},{"damage":9.0,"enemies":"2 Fungi Beasts","floor":13.0,"turns":3.0},{"damage":20.0,"enemies":"Slime Boss","floor":16.0,"turns":8.0},{"damage":39.0,"enemies":"2 Thieves","floor":18.0,"turns":3.0},{"damage":19.0,"enemies":"Spheric Guardian","floor":19.0,"turns":4.0},{"damage":56.0,"enemies":"Slavers","floor":23.0,"turns":5.0},{"damage":49.0,"enemies":"3 Cultists","floor":25.0,"turns":6.0},{"damage":18.0,"enemies":"Book of Stabbing","floor":27.0,"turns":4.0},{"damage":26.0,"enemies":"Sentry and Sphere","floor":30.0,"turns":8.0},{"damage":41.0,"enemies":"hubris:MusketHawk","floor":33.0,"turns":11.0},{"damage":27.0,"enemies":"Orb Walker","floor":35.0,"turns":3.0},{"damage":23,"enemies":"3 Shapes","floor":38,"turns":6},{"damage":70,"enemies":"3 Darklings","floor":40,"turns":4}],"seed_played":"-8303776060872290889","potions_obtained":[{"floor":8.0,"key":"Ancient Potion"},{"floor":10.0,"key":"PowerPotion"},{"floor":18.0,"key":"Dexterity Potion"},{"floor":23.0,"key":"Energy Potion"},{"floor":30.0,"key":"FocusPotion"},{"floor":35.0,"key":"LiquidBronze"},{"floor":40,"key":"Swift Potion"}],"is_trial":false,"path_per_floor":["M","?","M","?","?","E","M","M","T","M","R","?","M","$","R","B",null,"M","M","$","?","?","E","R","M","T","E","R","?","M","$","R","B",null,"M","?","$","M","NS","M"],"character_chosen":"DEFECT","items_purchased":["hubris:OldNail","Omamori","Static Discharge","Redo"],"campfire_rested":3,"item_purchase_floors":[14,20,31,37],"current_hp_per_floor":[75,75,75,75,75,65,65,65,65,63,63,63,68,68,68,62,82,57,52,52,79,79,37,61,26,26,22,46,46,41,41,65,45,82,74,63,63,68,68,0,0],"gold":165,"neow_bonus":"RANDOM_COMMON_RELIC","is_daily":false,"chose_seed":false,"campfire_upgraded":0,"win_rate":0.0,"timestamp":1607745840,"path_taken":["M","?","M","?","?","E","M","M","T","?","R","?","M","$","R","BOSS","M","M","?","?","?","E","R","M","T","E","R","?","?","?","R","BOSS","M","?","$","M","NS","M"],"items_purchased_type":["Relic","Relic","Card","Card"],"build_version":"2020-11-30","purchased_purges":1,"victory":false,"max_hp_per_floor":[75,75,75,75,75,82,82,82,82,82,82,82,82,82,82,82,82,82,82,82,82,82,82,82,82,82,82,82,82,82,82,82,82,82,87,87,87,87,87,87,87],"card_choices":[{"not_picked":["Stack","Beam Cell"],"picked":"Hologram","floor":1.0},{"not_picked":["Streamline","Redo"],"picked":"Cold Snap","floor":3.0},{"not_picked":["hubris:DoWhile","FTL"],"picked":"Consume","floor":6.0},{"not_picked":["Doom and Gloom","Sweeping Beam","Streamline"],"picked":"SKIP","floor":7.0},{"not_picked":["Rebound","Stack"],"picked":"Chaos","floor":8.0},{"not_picked":["Redo","Recycle"],"picked":"Self Repair","floor":10.0},{"not_picked":["Turbo","Lockon"],"picked":"Coolheaded","floor":13.0},{"not_picked":["hubris:SpecializedCircuitry","hubris:DoWhile"],"picked":"Multi-Cast","floor":16.0},{"not_picked":["Compile Driver","Beam Cell"],"picked":"White Noise","floor":18.0},{"not_picked":["Beam Cell","Sunder"],"picked":"Redo","floor":19.0},{"not_picked":["Force Field+1","Reprogram"],"picked":"Chill","floor":23.0},{"not_picked":["Hologram","Rebound"],"picked":"Coolheaded","floor":25.0},{"not_picked":["Conserve Battery","Hologram"],"picked":"Blizzard","floor":27.0},{"not_picked":["Turbo","hubris:SpecializedCircuitry"],"picked":"Redo","floor":28.0},{"not_picked":["Streamline","Beam Cell+1"],"picked":"Cold Snap","floor":30.0},{"not_picked":["Rainbow","Echo Form"],"picked":"Thunder Strike","floor":33.0},{"not_picked":["Ball Lightning+1","Steam+1"],"picked":"aspiration:Polymerization","floor":35.0},{"not_picked":["Stack+1","Steam+1"],"picked":"Rebound","floor":38}],"player_experience":299980,"relics_obtained":[{"floor":6.0,"key":"Strawberry"},{"floor":23.0,"key":"aspiration:ChemicalBlood"},{"floor":26.0,"key":"hubris:Teleporter"},{"floor":27.0,"key":"Dream Catcher"}],"event_choices":[{"damage_healed":0.0,"max_hp_gain":0.0,"max_hp_loss":0.0,"gold_gain":0.0,"event_name":"Big Fish","player_choice":"Box","floor":4.0,"gold_loss":0.0,"damage_taken":0.0,"relics_obtained":["Girya"],"cards_obtained":["Regret"]},{"damage_healed":0.0,"max_hp_gain":0.0,"max_hp_loss":0.0,"gold_gain":0.0,"event_name":"Match and Keep!","player_choice":"2 cards matched","floor":5.0,"gold_loss":0.0,"damage_taken":0.0,"cards_obtained":["Double Energy","Zap"]},{"damage_healed":0.0,"max_hp_gain":0.0,"max_hp_loss":0.0,"gold_gain":0.0,"event_name":"Upgrade Shrine","player_choice":"Upgraded","floor":12.0,"gold_loss":0.0,"damage_taken":0.0,"cards_upgraded":["Consume"]},{"damage_healed":27.0,"max_hp_gain":0.0,"max_hp_loss":0.0,"gold_gain":0.0,"event_name":"The Library","player_choice":"Heal","floor":21.0,"gold_loss":0.0,"damage_taken":0.0},{"damage_healed":0.0,"max_hp_gain":0.0,"max_hp_loss":0.0,"gold_gain":0.0,"event_name":"Addict","player_choice":"Stole Relic","floor":22.0,"gold_loss":0.0,"damage_taken":0.0,"relics_obtained":["Darkstone Periapt"],"cards_obtained":["Shame"]},{"damage_healed":0.0,"max_hp_gain":0.0,"max_hp_loss":0.0,"gold_gain":0.0,"cards_transformed":["Strike_B"],"event_name":"Transmorgrifier","player_choice":"Transformed","floor":29.0,"gold_loss":0.0,"damage_taken":0.0,"cards_obtained":["Self Repair"]},{"damage_healed":0.0,"max_hp_gain":0.0,"max_hp_loss":0.0,"gold_gain":0.0,"event_name":"Winding Halls","player_choice":"Embrace Madness","floor":36.0,"gold_loss":0.0,"damage_taken":11.0,"cards_obtained":["Madness","Madness"]}],"is_beta":false,"boss_relics":[{"not_picked":["hubris:TerracottaHorce","hubris:CrackedHourglass"],"picked":"Philosopher\u0027s Stone"},{"not_picked":["aspiration:RitualDagger","hubris:HollowSoul"],"picked":"hubris:Backtick"}],"items_purged_floors":[14],"is_endless":false,"potions_floor_spawned":[8,10,18,23,30,35],"killed_by":"3 Darklings","ascension_level":0}}