{"host":"6q3xrfxx8iswq9mh","time":1607786037,"event":{"mods":["BaseMod","Colored Powertips","Downfall","Lobotomy","Marisa£®ÏF”Í°°ƒß¿Ì…≥£©","Minty Spire (QoL Compilation)","Quick Restart","Remilia£®¿Ÿ√◊¿Ú—«£©","Replay The Spire","StSLib","The Bug Knight","The Cursed","The Runesmith","The Servant 0.9.4"],"gold_per_floor":[118,216,234,234,234,268,280,60,60,86,115,15,15,15,15,137,137,129,129,129,44,4,62,62,62,86,86,127,2,56,115,115,257,257,299,299,355,355,443,443,498,498,547,547,547,563,139,158,158,158],"floor_reached":51,"playtime":2715,"items_purged":["Strike_MRS","Defend_MRS","StarBarrage","WitchOfGreed+1"],"score":569,"play_id":"ad38d56c-76d8-4f0c-9855-9b672ceca138","local_time":"20201212231357","is_ascension_mode":false,"campfire_choices":[{"floor":7.0,"key":"REST"},{"data":"WitchOfGreed","floor":13.0,"key":"SMITH"},{"data":"OrrerysSun","floor":15.0,"key":"SMITH"},{"floor":25.0,"key":"REST"},{"data":"FinalSpark","floor":27.0,"key":"SMITH"},{"floor":32.0,"key":"REST"},{"data":"Bandage Up","floor":40.0,"key":"SMITH"},{"data":"EarthLightRay","floor":42.0,"key":"SMITH"},{"data":"DoubleSpark","floor":44.0,"key":"SMITH"},{"floor":49.0,"key":"REST"}],"circlet_count":0,"master_deck":["Strike_MRS","Strike_MRS+1","Defend_MRS","Defend_MRS","Defend_MRS","MasterSpark","UpSweep+1","WitchLeyline","MagicAbsorber","EarthLightRay+1","MilkyWay","FinalSpark+1","DoubleSpark+1","Singularity+1","DoubleSpark+1","Necronomicurse","JA+1","Bandage Up+1","MachineGunSpark+1","OortCloud","MagicChant+1","Secret Weapon+1","EnergyFlow+1"],"relics":["MiniHakkero","NeowsBlessing","MawBank","HandDrill","Pear","StoneCalendar","MutagenicStrength","Golden Egg","Eternal Feather","Necronomicon","Nunchaku","SlaversCollar","CatCart","Replay:Mystery Machine"],"acts_visited":["Exordium","TheCity","TheBeyond"],"potions_floor_usage":[50,50,50],"damage_taken":[{"damage":0.0,"enemies":"Jaw Worm","floor":1.0,"turns":1.0},{"damage":0.0,"enemies":"Small Slimes","floor":3.0,"turns":1.0},{"damage":0.0,"enemies":"Gremlin Nob","floor":6.0,"turns":1.0},{"damage":6.0,"enemies":"2 Louse","floor":10.0,"turns":3.0},{"damage":8.0,"enemies":"Lagavulin","floor":11.0,"turns":6.0},{"damage":40.0,"enemies":"Fading Forest","floor":16.0,"turns":11.0},{"damage":30.0,"enemies":"2 Thieves","floor":18.0,"turns":5.0},{"damage":31.0,"enemies":"Replay:Snechameleon","floor":23.0,"turns":7.0},{"damage":21.0,"enemies":"3 Byrds","floor":28.0,"turns":5.0},{"damage":23.0,"enemies":"Snecko","floor":30.0,"turns":4.0},{"damage":2.0,"enemies":"Centurion and Healer","floor":31.0,"turns":5.0},{"damage":71.0,"enemies":"Automaton","floor":33.0,"turns":9.0},{"damage":9.0,"enemies":"3 Darklings","floor":35.0,"turns":4.0},{"damage":16.0,"enemies":"3 Shapes","floor":37.0,"turns":7.0},{"damage":22.0,"enemies":"Orin","floor":39.0,"turns":7.0},{"damage":28.0,"enemies":"Transient","floor":41.0,"turns":5.0},{"damage":22.0,"enemies":"Writhing Mass","floor":46.0,"turns":4.0},{"damage":16.0,"enemies":"3 Darklings","floor":48.0,"turns":4.0},{"damage":49,"enemies":"Replay:Hell Engine","floor":50,"turns":7}],"seed_played":"7134786568988883134","potions_obtained":[{"floor":6.0,"key":"Guardian:BlockOnCardUsePotion"},{"floor":10.0,"key":"Swift Potion"},{"floor":10.0,"key":"Elixir"},{"floor":16.0,"key":"Explosive Potion"},{"floor":18.0,"key":"Regen Potion"},{"floor":23.0,"key":"Regen Potion"},{"floor":28.0,"key":"hexamod:EctoCoolerPotion"},{"floor":30.0,"key":"Flashbang"},{"floor":30.0,"key":"Block Potion"},{"floor":33.0,"key":"BottledSpark"},{"floor":33.0,"key":"Fire Potion"},{"floor":37.0,"key":"PowerPotion"},{"floor":39.0,"key":"SkillPotion"},{"floor":41.0,"key":"AttackPotion"},{"floor":41.0,"key":"Flashbang"},{"floor":48.0,"key":"Dexterity Potion"}],"is_trial":false,"path_per_floor":["M","?","M","?","?","E","R","$","T","M","E","$","R","$","R","B",null,"M","?","?","?","$","E","?","R","T","R","M","$","M","M","R","B",null,"M","?","M","?","?","R","M","R","T","R","?","M","$","M","R","B",null],"character_chosen":"MARISA","items_purchased":["HandDrill","Singularity","DuplicationPotion","Secret Weapon"],"campfire_rested":4,"item_purchase_floors":[8,22,47,47],"current_hp_per_floor":[75,57,57,42,42,42,64,64,74,68,64,64,64,64,64,28,85,59,59,59,59,59,47,31,65,65,74,69,69,46,48,82,15,85,76,76,64,64,50,62,44,56,56,68,68,58,58,54,85,36],"gold":158,"neow_bonus":"THREE_ENEMY_KILL","is_daily":false,"chose_seed":false,"campfire_upgraded":6,"win_rate":0.0,"timestamp":1607786037,"path_taken":["M","?","M","?","?","E","R","$","T","M","E","$","R","?","R","BOSS","M","?","?","?","$","E","?","R","T","R","M","$","M","?","R","BOSS","M","?","M","?","?","R","M","R","T","R","?","M","$","M","R","BOSS"],"items_purchased_type":["Relic","Card","Potion","Card"],"build_version":"2020-11-30","purchased_purges":4,"victory":true,"max_hp_per_floor":[75,75,75,75,75,75,75,75,85,85,85,85,85,85,85,85,85,85,85,85,85,85,85,85,85,85,85,85,85,85,85,85,85,85,85,85,85,85,85,85,85,85,85,85,85,85,85,85,85,85],"card_choices":[{"not_picked":["DoubleSpark","ShootingEcho"],"picked":"WitchLeyline","floor":1.0},{"not_picked":["MilkyWay","GravityBeat"],"picked":"OrrerysSun","floor":2.0},{"not_picked":["GalacticHalo","OpenUniverse"],"picked":"StarBarrage","floor":2.0},{"not_picked":["AsteroidBelt","GasGiant"],"picked":"MagicAbsorber","floor":2.0},{"not_picked":["DC","Acceleration"],"picked":"WitchOfGreed","floor":3.0},{"not_picked":["GravityBeat","AsteroidBelt","MysteriousBeam"],"picked":"SKIP","floor":6.0},{"not_picked":["ManaConvection","GalacticHalo"],"picked":"EarthLightRay","floor":10.0},{"not_picked":["NonDirectionalLaser","PowerUp"],"picked":"MilkyWay","floor":11.0},{"not_picked":["JA","AbsoluteMagnitude"],"picked":"FinalSpark","floor":16.0},{"not_picked":["DC","MagicAbsorber"],"picked":"DoubleSpark+1","floor":18.0},{"not_picked":["OneTimeOff","GrandCross"],"picked":"DoubleSpark","floor":23.0},{"not_picked":["Acceleration+1","LuminesStrike+1"],"picked":"WitchOfGreed","floor":28.0},{"not_picked":["UnstableBomb+1","IllusionStar","MeteoricShower"],"picked":"SKIP","floor":30.0},{"not_picked":["GalacticHalo+1","GrandCross","PowerUp"],"picked":"SKIP","floor":31.0},{"not_picked":["CollectingQuirk","StarDustReverie"],"picked":"JA","floor":33.0},{"not_picked":["Orbital","AsteroidBelt","EnergyRecoil+1"],"picked":"SKIP","floor":35.0},{"not_picked":["Occultation","GravityBeat+1","DragonMeteor"],"picked":"SKIP","floor":37.0},{"not_picked":["Blind","ReplayTheSpireMod:Brewmster"],"picked":"Bandage Up","floor":38.0},{"not_picked":["GravityBeat","DeepEcoloBomb"],"picked":"MachineGunSpark+1","floor":41.0},{"not_picked":["UnstableBomb","Acceleration"],"picked":"MagicChant+1","floor":46.0},{"not_picked":["SporeBomb+1","DeepEcoloBomb+1"],"picked":"EnergyFlow+1","floor":48.0}],"player_experience":275991,"relics_obtained":[{"floor":6.0,"key":"MawBank"},{"floor":9.0,"key":"Pear"},{"floor":11.0,"key":"StoneCalendar"},{"floor":23.0,"key":"Eternal Feather"},{"floor":24.0,"key":"Necronomicon"},{"floor":26.0,"key":"Nunchaku"},{"floor":39.0,"key":"CatCart"},{"floor":43.0,"key":"Replay:Mystery Machine"}],"event_choices":[{"damage_healed":0.0,"max_hp_gain":0.0,"max_hp_loss":0.0,"gold_gain":0.0,"event_name":"Shining Light","player_choice":"Entered Light","floor":4.0,"gold_loss":0.0,"damage_taken":15.0,"cards_upgraded":["UpSweep","Strike_MRS"]},{"damage_healed":0.0,"max_hp_gain":0.0,"max_hp_loss":0.0,"gold_gain":0.0,"event_name":"Drug Dealer","player_choice":"Inject Mutagens","floor":20.0,"gold_loss":0.0,"damage_taken":0.0,"relics_obtained":["MutagenicStrength"]},{"damage_healed":0.0,"max_hp_gain":0.0,"max_hp_loss":0.0,"gold_gain":0.0,"event_name":"Addict","player_choice":"Obtained Relic","floor":21.0,"gold_loss":85.0,"damage_taken":0.0,"relics_obtained":["Golden Egg"]},{"damage_healed":0.0,"max_hp_gain":0.0,"max_hp_loss":0.0,"gold_gain":0.0,"event_name":"Cursed Tome","player_choice":"Obtained Book","floor":24.0,"gold_loss":0.0,"damage_taken":16.0},{"cards_removed":["OrrerysSun"],"damage_healed":0.0,"max_hp_gain":0.0,"max_hp_loss":0.0,"gold_gain":0.0,"event_name":"Falling","player_choice":"Removed Power","floor":36.0,"gold_loss":0.0,"damage_taken":0.0},{"damage_healed":0.0,"max_hp_gain":0.0,"max_hp_loss":0.0,"gold_gain":0.0,"event_name":"SensoryStone","player_choice":"Memory 1","floor":38.0,"gold_loss":0.0,"damage_taken":0.0},{"damage_healed":0.0,"max_hp_gain":0.0,"max_hp_loss":0.0,"gold_gain":0.0,"event_name":"OrinTheCat","player_choice":"Fight","floor":39.0,"gold_loss":0.0,"damage_taken":0.0},{"damage_healed":0.0,"max_hp_gain":0.0,"max_hp_loss":0.0,"gold_gain":0.0,"cards_transformed":["WitchOfGreed"],"event_name":"Transmorgrifier","player_choice":"Transformed","floor":45.0,"gold_loss":0.0,"damage_taken":0.0,"cards_obtained":["OortCloud"]}],"is_beta":false,"boss_relics":[{"not_picked":["Replay:Grab Bag","Coffee Dripper","Velvet Choker"]},{"not_picked":["Replay:Wanted Poster","Astrolabe"],"picked":"SlaversCollar"}],"items_purged_floors":[8,12,29,47],"is_endless":false,"potions_floor_spawned":[6,10,30,33,37,41,48],"ascension_level":0}}