{"host":"kntpungskobv1jqb","time":1607783556,"event":{"mods":["BaseMod","Minty Spire (QoL Compilation)","Replay The Spire","StSLib","SuperFastMode"],"gold_per_floor":[109,109,284,299,374,374,403,403,450,461,461,474,439,439,439],"floor_reached":14,"playtime":299,"items_purged":["ReplayTheSpireMod:Restless Dread"],"score":150,"play_id":"eaf96831-9ad9-4676-8615-a3dff3068855","local_time":"20201212223236","is_ascension_mode":true,"campfire_choices":[{"floor":6,"key":"REST"},{"floor":8,"key":"REST"}],"circlet_count":0,"master_deck":["AscendersBane","Strike_R","Strike_R","Strike_R","Strike_R","Strike_R","Defend_R","Defend_R","Defend_R","Defend_R","Bash","ReplayTheSpireMod:Faulty Equipment","Flex","Doubt","Pommel Strike","Thunderclap","Clash","Clash"],"relics":["Burning Blood","ReplayTheSpireMod:CursedCoin","MealTicket","Blood Vial"],"acts_visited":["Exordium"],"potions_floor_usage":[11],"damage_taken":[{"damage":7,"enemies":"2 Louse","floor":1,"turns":3},{"damage":8,"enemies":"Jaw Worm","floor":4,"turns":4},{"damage":88,"enemies":"Gremlin Nob","floor":7,"turns":6},{"damage":6,"enemies":"Cultist","floor":10,"turns":4},{"damage":10,"enemies":"2 Fungi Beasts","floor":12,"turns":4},{"damage":65,"enemies":"3 Sentries","floor":14,"turns":9}],"seed_played":"-6018023033471570837","potions_obtained":[{"floor":7,"key":"Energy Potion"},{"floor":10,"key":"SkillPotion"},{"floor":11,"key":"Fruit Juice"},{"floor":11,"key":"Death Potion"}],"is_trial":false,"path_per_floor":["M","$","?","M","$","R","E","R","T","M","?","M","?","E"],"character_chosen":"IRONCLAD","items_purchased":["ReplayTheSpireMod:CursedCoin"],"campfire_rested":2,"item_purchase_floors":[5],"current_hp_per_floor":[81,81,81,79,79,89,7,33,33,35,40,38,61,0,0],"gold":439,"neow_bonus":"TWENTY_PERCENT_HP_BONUS","is_daily":false,"chose_seed":false,"campfire_upgraded":0,"win_rate":0.0,"timestamp":1607783556,"path_taken":["M","$","?","M","$","R","E","R","T","M","?","?","?","E"],"items_purchased_type":["Relic"],"build_version":"2020-11-30","purchased_purges":1,"victory":false,"max_hp_per_floor":[89,89,89,89,89,89,89,89,89,89,94,94,94,94,94],"card_choices":[{"not_picked":["Evolve","Heavy Blade"],"picked":"Flex","floor":1},{"not_picked":["True Grit","Havoc"],"picked":"Pommel Strike","floor":4},{"not_picked":["Life Link","Seeing Red"],"picked":"Thunderclap","floor":7},{"not_picked":["Second Wind","ReplayTheSpireMod:Corrosion Curse"],"picked":"Clash","floor":10},{"not_picked":["True Grit","ReplayTheSpireMod:Strike From Hell"],"picked":"Clash","floor":12}],"player_experience":450352,"relics_obtained":[{"floor":7,"key":"MealTicket"},{"floor":9,"key":"Blood Vial"}],"event_choices":[{"damage_healed":0,"gold_gain":175,"player_choice":"AGREE","damage_taken":0,"max_hp_gain":0,"max_hp_loss":0,"event_name":"Liars Game","floor":3,"gold_loss":0,"cards_obtained":["Doubt"]},{"damage_healed":0,"gold_gain":0,"player_choice":"Got Potions","damage_taken":0,"max_hp_gain":0,"max_hp_loss":0,"event_name":"Lab","floor":11,"gold_loss":0},{"damage_healed":23,"gold_gain":0,"player_choice":"Healed","damage_taken":0,"max_hp_gain":0,"max_hp_loss":0,"event_name":"The Cleric","floor":13,"gold_loss":35}],"is_beta":false,"boss_relics":[],"items_purged_floors":[5],"is_endless":false,"potions_floor_spawned":[7,10],"killed_by":"3 Sentries","ascension_level":14}}