{"host":"x0ovlu53kkkog8rv","time":1607794424,"event":{"mods":["BaseMod","Colored Map","Minty Spire (QoL Compilation)","Quick Restart","SuperFastMode"],"gold_per_floor":[118,293,293,213,229,254,254,254,254,254,286,286,298,316,316,416,416,428,428,249,348,90,122,122,157,184,197,197,208,208,221,221,325,325,335,335,557,1556,1556,1583,1583,1600,1600,965,978,995,995,995],"floor_reached":47,"playtime":1635,"items_purged":[],"score":703,"play_id":"2533fc3c-0e77-45d9-adef-472fe281d2f4","local_time":"20201213023344","is_ascension_mode":true,"campfire_choices":[{"data":"Fire Breathing","floor":7,"key":"SMITH"},{"data":"Fire Breathing","floor":10,"key":"SMITH"},{"data":"Rupture","floor":12,"key":"SMITH"},{"floor":15,"key":"REST"},{"floor":28,"key":"REST"},{"floor":30,"key":"REST"},{"floor":32,"key":"REST"},{"data":"Immolate","floor":41,"key":"SMITH"}],"circlet_count":0,"master_deck":["Strike_R","Strike_R","Strike_R","Defend_R","Defend_R","Defend_R","Bash","Fire Breathing+1","Doubt","Fire Breathing+1","Rupture+1","Headbutt","Disarm","Demon Form","Disarm","Second Wind","Warcry","Warcry+1","Shockwave+1","Metallicize+1","Headbutt+1","Shrug It Off+1","Immolate+1","CurseOfTheBell","Writhe","Normality","Normality","Metallicize","Warcry+1","Apotheosis","Parasite","Flame Barrier"],"relics":["Burning Blood","NeowsBlessing","Bag of Marbles","Strawberry","Pen Nib","Pear","Mark of Pain","Anchor","Darkstone Periapt","Calipers","Red Mask","Potion Belt","Calling Bell","Art of War","Pantograph","Incense Burner","Gambling Chip","Regal Pillow","ClockworkSouvenir","Blood Vial","PreservedInsect"],"acts_visited":["Exordium","TheCity","TheBeyond"],"potions_floor_usage":[16,25,29,33,33,40,40],"damage_taken":[{"damage":0,"enemies":"Jaw Worm","floor":1,"turns":1},{"damage":0,"enemies":"Small Slimes","floor":5,"turns":1},{"damage":4,"enemies":"3 Sentries","floor":6,"turns":3},{"damage":34,"enemies":"Gremlin Nob","floor":11,"turns":5},{"damage":0,"enemies":"Cultist","floor":13,"turns":2},{"damage":32,"enemies":"Exordium Thugs","floor":14,"turns":4},{"damage":39,"enemies":"Slime Boss","floor":16,"turns":6},{"damage":13,"enemies":"Chosen","floor":18,"turns":4},{"damage":44,"enemies":"Slavers","floor":23,"turns":5},{"damage":29,"enemies":"Masked Bandits","floor":25,"turns":3},{"damage":8,"enemies":"Shell Parasite","floor":27,"turns":6},{"damage":19,"enemies":"Snake Plant","floor":29,"turns":5},{"damage":10,"enemies":"Cultist and Chosen","floor":31,"turns":5},{"damage":64,"enemies":"Collector","floor":33,"turns":8},{"damage":18,"enemies":"3 Shapes","floor":35,"turns":3},{"damage":53,"enemies":"Nemesis","floor":40,"turns":9},{"damage":39,"enemies":"3 Darklings","floor":42,"turns":5},{"damage":35,"enemies":"Writhing Mass","floor":45,"turns":8},{"damage":15,"enemies":"Spire Growth","floor":46,"turns":7},{"damage":16,"enemies":"Giant Head","floor":47,"turns":6}],"seed_played":"-8489395888492195106","potions_obtained":[{"floor":1,"key":"FearPotion"},{"floor":6,"key":"Block Potion"},{"floor":14,"key":"PowerPotion"},{"floor":16,"key":"Dexterity Potion"},{"floor":23,"key":"Explosive Potion"},{"floor":25,"key":"BlessingOfTheForge"},{"floor":27,"key":"Fire Potion"},{"floor":29,"key":"GamblersBrew"},{"floor":35,"key":"FearPotion"},{"floor":45,"key":"Strength Potion"},{"floor":46,"key":"Dexterity Potion"}],"is_trial":false,"path_per_floor":["M","?","?","$","M","E","R","T","T","R","E","R","M","M","R","B",null,"M","?","$","?","$","E","?","?","T","M","R","M","R","M","R","B",null,"M","?","?","?","?","E","R","M","T","$","M","M","E"],"character_chosen":"IRONCLAD","items_purchased":["Fire Breathing","Anchor","Warcry","Darkstone Periapt","ClockworkSouvenir","Blood Vial","PreservedInsect","Apotheosis"],"campfire_rested":4,"item_purchase_floors":[4,20,20,22,44,44,44,44],"current_hp_per_floor":[80,80,80,80,80,80,80,87,87,87,69,69,75,49,78,45,97,90,90,90,90,90,52,52,29,29,27,56,43,72,68,97,39,103,91,109,109,121,121,74,74,41,41,41,20,13,0,0],"gold":995,"neow_bonus":"THREE_ENEMY_KILL","is_daily":false,"chose_seed":false,"campfire_upgraded":4,"win_rate":0.0,"timestamp":1607794424,"path_taken":["M","?","?","$","?","E","R","?","T","R","E","R","M","M","R","BOSS","M","?","$","?","$","E","?","?","T","M","R","M","R","M","R","BOSS","M","?","?","?","?","E","R","M","T","$","M","M","E"],"items_purchased_type":["Card","Relic","Card","Relic","Relic","Relic","Relic","Card"],"build_version":"2020-11-30","purchased_purges":0,"victory":false,"max_hp_per_floor":[80,80,80,80,80,80,80,87,87,87,97,97,97,97,97,97,97,97,97,97,97,97,97,97,97,97,97,97,97,97,97,97,97,103,103,109,109,121,121,121,121,121,121,121,127,127,127,127],"card_choices":[{"not_picked":["Anger","Iron Wave"],"picked":"Fire Breathing","floor":1},{"not_picked":["Searing Blow","Twin Strike"],"picked":"Rupture","floor":5},{"not_picked":["Flame Barrier","Intimidate"],"picked":"Headbutt","floor":6},{"not_picked":["Twin Strike","Dark Embrace","Heavy Blade"],"picked":"SKIP","floor":11},{"not_picked":["Body Slam","Twin Strike"],"picked":"Disarm","floor":13},{"not_picked":["Sword Boomerang","Flex"],"picked":"Demon Form","floor":14},{"not_picked":["Hemokinesis","Pommel Strike"],"picked":"Disarm","floor":18},{"not_picked":["Sever Soul+1","Blood for Blood"],"picked":"Warcry+1","floor":23},{"not_picked":["Feel No Pain","Second Wind"],"picked":"Shockwave+1","floor":25},{"not_picked":["Second Wind","Cleave"],"picked":"Metallicize+1","floor":27},{"not_picked":["Whirlwind","Iron Wave"],"picked":"Headbutt+1","floor":29},{"not_picked":["Perfected Strike","Heavy Blade"],"picked":"Shrug It Off+1","floor":31},{"not_picked":["Corruption","Reaper"],"picked":"Immolate","floor":33},{"not_picked":["Clothesline","Heavy Blade+1","Searing Blow"],"picked":"SKIP","floor":35},{"not_picked":["Demon Form","Heavy Blade"],"picked":"Metallicize","floor":40},{"not_picked":["Cleave","Rage"],"picked":"Warcry+1","floor":42},{"not_picked":["Pummel+1","Heavy Blade","Rampage"],"picked":"SKIP","floor":45},{"not_picked":["Perfected Strike","Armaments"],"picked":"Flame Barrier","floor":46}],"player_experience":179410,"relics_obtained":[{"floor":6,"key":"Bag of Marbles"},{"floor":8,"key":"Strawberry"},{"floor":9,"key":"Pen Nib"},{"floor":11,"key":"Pear"},{"floor":23,"key":"Calipers"},{"floor":25,"key":"Red Mask"},{"floor":26,"key":"Potion Belt"},{"floor":34,"key":"Art of War"},{"floor":34,"key":"Pantograph"},{"floor":34,"key":"Incense Burner"},{"floor":40,"key":"Gambling Chip"},{"floor":43,"key":"Regal Pillow"}],"event_choices":[{"damage_healed":0,"gold_gain":175,"player_choice":"AGREE","damage_taken":0,"max_hp_gain":0,"max_hp_loss":0,"event_name":"Liars Game","floor":2,"gold_loss":0,"cards_obtained":["Doubt"]},{"cards_removed":["Strike_R"],"damage_healed":0,"gold_gain":0,"player_choice":"Purged","damage_taken":0,"max_hp_gain":0,"max_hp_loss":0,"event_name":"Purifier","floor":3,"gold_loss":0},{"damage_healed":0,"gold_gain":0,"cards_transformed":["Strike_R","Defend_R"],"player_choice":"Became Test Subject","damage_taken":0,"max_hp_gain":0,"max_hp_loss":0,"event_name":"Drug Dealer","floor":19,"gold_loss":0,"cards_obtained":["Second Wind","Demon Form"]},{"damage_healed":0,"gold_gain":99,"player_choice":"Stole From Cult","damage_taken":0,"max_hp_gain":0,"max_hp_loss":0,"event_name":"Nest","floor":21,"gold_loss":0},{"cards_removed":["Demon Form"],"damage_healed":0,"gold_gain":0,"player_choice":"Elegance","damage_taken":0,"max_hp_gain":0,"max_hp_loss":0,"event_name":"Back to Basics","floor":24,"gold_loss":0},{"damage_healed":0,"gold_gain":0,"player_choice":"Fought Bandits","damage_taken":0,"max_hp_gain":0,"max_hp_loss":0,"event_name":"Masked Bandits","floor":25,"gold_loss":0},{"damage_healed":26,"gold_gain":0,"player_choice":"Writhe","damage_taken":0,"max_hp_gain":0,"max_hp_loss":0,"event_name":"Winding Halls","floor":36,"gold_loss":0,"cards_obtained":["Writhe"]},{"damage_healed":0,"gold_gain":222,"player_choice":"Wore Mask","damage_taken":0,"max_hp_gain":0,"max_hp_loss":0,"event_name":"Tomb of Lord Red Mask","floor":37,"gold_loss":0},{"damage_healed":0,"gold_gain":999,"player_choice":"Gold","damage_taken":0,"max_hp_gain":0,"max_hp_loss":0,"event_name":"MindBloom","floor":38,"gold_loss":0,"cards_obtained":["Normality","Normality"]},{"damage_healed":0,"gold_gain":0,"player_choice":"Bought 0 Potions","damage_taken":0,"max_hp_gain":0,"max_hp_loss":0,"event_name":"The Woman in Blue","floor":39,"gold_loss":0}],"is_beta":false,"boss_relics":[{"not_picked":["Pandora\u0027s Box","Fusion Hammer"],"picked":"Mark of Pain"},{"not_picked":["SacredBark","Tiny House"],"picked":"Calling Bell"}],"items_purged_floors":[],"is_endless":false,"potions_floor_spawned":[1,6,14,16,23,25,27,29,35,45,46],"killed_by":"Giant Head","ascension_level":1}}