{"host":"1c52r9kaxdyo25eq","time":1607775915,"event":{"mods":["AchievementEnabler","BaseMod","Minty Spire (QoL Compilation)","Rare Cards Sparkle","SuperFastMode","everything is the same but u backflip on backflip"],"gold_per_floor":[116,116,41,41,54,54,83,83,83,83,106,140,140,20,20,122,122,142,322,337,365,390,426,426,453,462,487,175,175,194,32,32,135,135,153,177,191,209,224,272,272,295,295,322,322,346,385,409,409,409,409,409,5,45,45,45],"floor_reached":55,"playtime":1830,"items_purged":["Strike_P","Strike_P","Decay","Strike_P"],"score":1538,"play_id":"cc3ee5f5-17db-4ed6-ab4b-8829fa4192d9","local_time":"20201212212515","is_ascension_mode":true,"campfire_choices":[{"data":"Eruption","floor":6.0,"key":"SMITH"},{"data":"ConjureBlade","floor":8.0,"key":"SMITH"},{"data":"CrushJoints","floor":10.0,"key":"SMITH"},{"data":"Prostrate","floor":15.0,"key":"SMITH"},{"data":"Scrawl","floor":24.0,"key":"SMITH"},{"data":"Ragnarok","floor":32.0,"key":"SMITH"},{"floor":41.0,"key":"REST"},{"floor":45.0,"key":"REST"},{"floor":49,"key":"RECALL"},{"floor":52,"key":"REST"}],"circlet_count":0,"master_deck":["AscendersBane","Defend_P","Defend_P","Defend_P","Eruption+1","Vigilance","CrushJoints+1","ConjureBlade+1","EmptyBody","Prostrate+1","Adaptation","Scrawl+1","Prostrate+1","Ragnarok+1","Vault","Evaluate+1","EmptyMind+1"],"relics":["PureWater","CeramicFish","Smiling Mask","Meat on the Bone","Golden Idol","Cursed Key","Lizard Tail","Singing Bowl","Fusion Hammer","Bottled Tornado","Pocketwatch","Sundial","Anchor"],"acts_visited":["Exordium","TheCity","TheBeyond","TheEnding"],"potions_floor_usage":[55,55],"damage_taken":[{"damage":7.0,"enemies":"2 Louse","floor":1.0,"turns":4.0},{"damage":0.0,"enemies":"Cultist","floor":5.0,"turns":2.0},{"damage":0.0,"enemies":"Gremlin Nob","floor":7.0,"turns":2.0},{"damage":0.0,"enemies":"Jaw Worm","floor":11.0,"turns":3.0},{"damage":0.0,"enemies":"Lagavulin","floor":12.0,"turns":2.0},{"damage":15.0,"enemies":"Hexaghost","floor":16.0,"turns":6.0},{"damage":21.0,"enemies":"Shell Parasite","floor":18.0,"turns":2.0},{"damage":10.0,"enemies":"2 Thieves","floor":20.0,"turns":4.0},{"damage":12.0,"enemies":"3 Cultists","floor":21.0,"turns":5.0},{"damage":10.0,"enemies":"Sentry and Sphere","floor":22.0,"turns":3.0},{"damage":15.0,"enemies":"Gremlin Leader","floor":23.0,"turns":3.0},{"damage":20.0,"enemies":"Snake Plant","floor":25.0,"turns":2.0},{"damage":25.0,"enemies":"Snecko","floor":27.0,"turns":5.0},{"damage":10.0,"enemies":"3 Cultists","floor":30.0,"turns":4.0},{"damage":54.0,"enemies":"Collector","floor":33.0,"turns":5.0},{"damage":18.0,"enemies":"3 Darklings","floor":35.0,"turns":4.0},{"damage":3.0,"enemies":"Orb Walker","floor":36.0,"turns":3.0},{"damage":22.0,"enemies":"Jaw Worm Horde","floor":37.0,"turns":3.0},{"damage":20.0,"enemies":"Sphere and 2 Shapes","floor":38.0,"turns":4.0},{"damage":9.0,"enemies":"3 Darklings","floor":39.0,"turns":4.0},{"damage":38.0,"enemies":"Nemesis","floor":40.0,"turns":4.0},{"damage":31.0,"enemies":"Spire Growth","floor":42.0,"turns":5.0},{"damage":0.0,"enemies":"Transient","floor":44.0,"turns":7.0},{"damage":25,"enemies":"Writhing Mass","floor":46,"turns":4},{"damage":13,"enemies":"Giant Head","floor":47,"turns":4},{"damage":10,"enemies":"4 Shapes","floor":48,"turns":6},{"damage":150,"enemies":"Donu and Deca","floor":50,"turns":11},{"damage":75,"enemies":"Shield and Spear","floor":54,"turns":7},{"damage":52,"enemies":"The Heart","floor":55,"turns":3}],"seed_played":"5157233615783089232","potions_obtained":[{"floor":1.0,"key":"LiquidMemories"},{"floor":5.0,"key":"FairyPotion"},{"floor":23.0,"key":"FairyPotion"},{"floor":25.0,"key":"Swift Potion"},{"floor":33.0,"key":"PowerPotion"},{"floor":40.0,"key":"Regen Potion"},{"floor":42.0,"key":"FearPotion"}],"is_trial":false,"path_per_floor":["M","?","$","$","M","R","E","R","T","R","M","E","?","$","R","B",null,"M","?","M","M","M","E","R","M","T","M","$","?","M","$","R","B",null,"M","M","M","M","M","E","R","M","T","M","R","M","E","M","R","B",null,"R","$","E","B"],"character_chosen":"WATCHER","items_purchased":["Adaptation","Singing Bowl","Ragnarok","Sundial","Ancient Potion"],"campfire_rested":3,"item_purchase_floors":[14,28,31,53,53],"current_hp_per_floor":[54,54,54,54,54,54,54,54,54,54,54,54,31,31,31,28,58,37,18,20,20,22,19,19,32,32,19,19,78,70,70,70,28,67,51,50,42,36,41,15,42,34,34,46,73,50,51,55,55,28,81,98,98,37,0,0],"gold":45,"neow_bonus":"REMOVE_CARD","is_daily":false,"chose_seed":false,"campfire_upgraded":6,"win_rate":0.0,"timestamp":1607775915,"path_taken":["M","?","?","$","M","R","E","R","T","R","M","E","?","$","R","BOSS","M","?","M","?","M","E","R","M","T","M","$","?","M","$","R","BOSS","M","?","?","M","M","E","R","?","T","M","R","M","E","M","R","BOSS","R","$","E","BOSS"],"items_purchased_type":["Card","Relic","Card","Relic","Potion"],"build_version":"2020-11-30","purchased_purges":4,"victory":false,"max_hp_per_floor":[68,68,68,68,68,68,68,68,68,68,68,68,68,68,68,68,68,68,68,68,68,68,68,68,68,68,68,68,78,80,80,80,80,80,82,84,86,88,90,90,90,92,92,92,92,94,96,98,98,98,98,98,98,100,100,100],"card_choices":[{"not_picked":["Sanctity","JustLucky"],"picked":"CrushJoints","floor":1.0},{"not_picked":["SashWhip","Evaluate"],"picked":"EmptyBody","floor":5.0},{"not_picked":["Evaluate","CarveReality","SashWhip"],"picked":"SKIP","floor":7.0},{"not_picked":["Alpha","ThirdEye"],"picked":"Prostrate","floor":11.0},{"not_picked":["Consecrate","FlyingSleeves","Indignation"],"picked":"SKIP","floor":12.0},{"not_picked":["Blasphemy","Vault"],"picked":"Scrawl","floor":16.0},{"not_picked":["EmptyBody","SignatureMove","FollowUp"],"picked":"SKIP","floor":18.0},{"not_picked":["JustLucky","Protect","Crescendo"],"picked":"SKIP","floor":20.0},{"not_picked":["SashWhip","ClearTheMind","Brilliance"],"picked":"SKIP","floor":21.0},{"not_picked":["SashWhip","ClearTheMind"],"picked":"Brilliance","floor":21.0},{"not_picked":["Wallop","ReachHeaven","CutThroughFate"],"picked":"SKIP","floor":22.0},{"not_picked":["Protect","Worship","CutThroughFate"],"picked":"SKIP","floor":23.0},{"not_picked":["Evaluate","Crescendo"],"picked":"Prostrate+1","floor":25.0},{"not_picked":["ThirdEye","Weave","BattleHymn"],"picked":"SKIP","floor":27.0},{"not_picked":["Consecrate","FollowUp","PathToVictory"],"picked":"Singing Bowl","floor":30.0},{"not_picked":["Blasphemy","Omniscience"],"picked":"Vault","floor":33.0},{"not_picked":["Wireheading","CrushJoints","Crescendo"],"picked":"Singing Bowl","floor":35.0},{"not_picked":["Crescendo+1","BattleHymn","SignatureMove"],"picked":"Singing Bowl","floor":36.0},{"not_picked":["SashWhip","Wallop+1","CrushJoints"],"picked":"Singing Bowl","floor":37.0},{"not_picked":["JustLucky","ClearTheMind","Halt"],"picked":"Singing Bowl","floor":38.0},{"not_picked":["FollowUp","EmptyBody+1","SandsOfTime"],"picked":"Singing Bowl","floor":39.0},{"not_picked":["Swivel","LikeWater"],"picked":"Evaluate+1","floor":40.0},{"not_picked":["BowlingBash","ClearTheMind","WindmillStrike"],"picked":"Singing Bowl","floor":42.0},{"not_picked":["ConjureBlade","Crescendo"],"picked":"EmptyMind+1","floor":44.0},{"not_picked":["Crescendo","Prostrate","FollowUp"],"picked":"Singing Bowl","floor":46},{"not_picked":["SashWhip","TalkToTheHand","PathToVictory"],"picked":"Singing Bowl","floor":47},{"not_picked":["ThirdEye+1","Prostrate+1","EmptyMind"],"picked":"Singing Bowl","floor":48},{"not_picked":["PathToVictory","SandsOfTime","FearNoEvil"],"picked":"Singing Bowl","floor":54}],"player_experience":464961,"relics_obtained":[{"floor":7.0,"key":"CeramicFish"},{"floor":9.0,"key":"Smiling Mask"},{"floor":12.0,"key":"Meat on the Bone"},{"floor":23.0,"key":"Lizard Tail"},{"floor":40.0,"key":"Bottled Tornado"},{"floor":47,"key":"Pocketwatch"},{"floor":54,"key":"Anchor"}],"event_choices":[{"damage_healed":0.0,"max_hp_gain":0.0,"max_hp_loss":0.0,"gold_gain":0.0,"cards_transformed":["Strike_P"],"event_name":"Transmorgrifier","player_choice":"Transformed","floor":2.0,"gold_loss":0.0,"damage_taken":0.0,"cards_obtained":["ConjureBlade"]},{"damage_healed":0.0,"max_hp_gain":0.0,"max_hp_loss":0.0,"gold_gain":0.0,"event_name":"Golden Idol","player_choice":"Take Damage","floor":13.0,"gold_loss":0.0,"damage_taken":23.0,"relics_obtained":["Golden Idol"]},{"damage_healed":0.0,"max_hp_gain":0.0,"max_hp_loss":0.0,"gold_gain":180.0,"event_name":"Knowing Skull","player_choice":"GOLD GOLD ","floor":19.0,"potions_obtained":[],"gold_loss":0.0,"damage_taken":19.0,"cards_obtained":[]},{"cards_removed":["Brilliance"],"damage_healed":49.0,"max_hp_gain":10.0,"max_hp_loss":0.0,"gold_gain":0.0,"event_name":"Bonfire Elementals","player_choice":"Offered Rare","floor":29.0,"gold_loss":0.0,"damage_taken":0.0}],"is_beta":false,"boss_relics":[{"not_picked":["Ectoplasm","Busted Crown"],"picked":"Cursed Key"},{"not_picked":["Calling Bell","Runic Dome"],"picked":"Fusion Hammer"}],"items_purged_floors":[3,14,28,53],"is_endless":false,"potions_floor_spawned":[1,5,12,20,23,25,33,38,40,42,44,46,48],"killed_by":"The Heart","ascension_level":19}}