{"host":"j0a1jfichhxu8b8p","time":1607736367,"event":{"mods":["BaseMod","Colored Map","DeckTracker","Keyboard Shortcuts","Minty Spire (QoL Compilation)","Permanent Neow","everything is the same but u backflip on backflip"],"gold_per_floor":[112,130,141,141,154,154,184,184,229,263,263,263,273,289,289,366,366,378,388,388,388,398,428,345,345,345,345,345],"floor_reached":27,"playtime":1027,"items_purged":[],"score":437,"play_id":"e36d00c2-c582-43f7-ac28-9872cdfe8ff3","local_time":"20201212102607","is_ascension_mode":true,"campfire_choices":[{"data":"Carnage","floor":6.0,"key":"SMITH"},{"data":"Demon Form","floor":8.0,"key":"SMITH"},{"floor":12.0,"key":"REST"},{"data":"Havoc","floor":15.0,"key":"SMITH"},{"data":"Perfected Strike","floor":25.0,"key":"SMITH"}],"circlet_count":0,"master_deck":["AscendersBane","Strike_R","Strike_R","Strike_R","Strike_R","Strike_R+1","Defend_R","Defend_R","Defend_R+1","Defend_R","Bash","Demon Form+1","Pommel Strike","Carnage+1","Havoc+1","Heavy Blade","Dark Embrace","Battle Trance","Warcry","Feed","Havoc","Evolve","Sword Boomerang","Perfected Strike+1"],"relics":["Burning Blood","Sundial","Pen Nib","Ancient Tea Set","Cursed Key","Bag of Preparation","Letter Opener"],"acts_visited":["Exordium","TheCity"],"potions_floor_usage":[],"damage_taken":[{"damage":1.0,"enemies":"Cultist","floor":1.0,"turns":4.0},{"damage":1.0,"enemies":"2 Louse","floor":2.0,"turns":2.0},{"damage":2.0,"enemies":"Jaw Worm","floor":3.0,"turns":3.0},{"damage":18.0,"enemies":"Exordium Wildlife","floor":5.0,"turns":6.0},{"damage":27.0,"enemies":"3 Sentries","floor":7.0,"turns":6.0},{"damage":16.0,"enemies":"Gremlin Nob","floor":10.0,"turns":3.0},{"damage":0.0,"enemies":"Blue Slaver","floor":13.0,"turns":1.0},{"damage":12.0,"enemies":"Large Slime","floor":14.0,"turns":5.0},{"damage":32.0,"enemies":"Hexaghost","floor":16.0,"turns":8.0},{"damage":6.0,"enemies":"Spheric Guardian","floor":18.0,"turns":3.0},{"damage":7.0,"enemies":"Chosen","floor":19.0,"turns":6.0},{"damage":8.0,"enemies":"Centurion and Healer","floor":22.0,"turns":6.0},{"damage":41.0,"enemies":"Book of Stabbing","floor":23.0,"turns":4.0},{"damage":12,"enemies":"Cultist and Chosen","floor":27,"turns":1}],"seed_played":"6752377229102941547","potions_obtained":[{"floor":1.0,"key":"AttackPotion"},{"floor":7.0,"key":"Swift Potion"},{"floor":13.0,"key":"ColorlessPotion"}],"is_trial":false,"path_per_floor":["M","M","M","?","M","R","E","R","T","E","?","R","M","M","R","B",null,"M","M","?","?","M","E","?","R","T","M"],"character_chosen":"IRONCLAD","items_purchased":[],"campfire_rested":1,"item_purchase_floors":[],"current_hp_per_floor":[73,75,75,52,40,40,19,19,19,9,14,38,44,38,38,12,63,63,65,41,41,42,10,10,10,10,0,0],"gold":345,"neow_bonus":"ONE_RANDOM_RARE_CARD","is_daily":false,"chose_seed":false,"campfire_upgraded":4,"win_rate":0.0,"timestamp":1607736367,"path_taken":["M","?","M","?","M","R","E","R","T","E","?","R","M","?","R","BOSS","M","M","?","?","M","E","?","R","T","?"],"items_purchased_type":[],"build_version":"2020-11-30","purchased_purges":0,"victory":false,"max_hp_per_floor":[75,75,75,75,75,75,75,75,75,75,80,80,80,80,80,80,80,80,83,88,88,91,94,94,94,94,94,94],"card_choices":[{"not_picked":["Rage","Iron Wave"],"picked":"Pommel Strike","floor":1.0},{"not_picked":["Iron Wave","Seeing Red"],"picked":"Carnage","floor":2.0},{"not_picked":["Whirlwind","Wild Strike"],"picked":"Havoc","floor":3.0},{"not_picked":["Pommel Strike","Reckless Charge"],"picked":"Heavy Blade","floor":5.0},{"not_picked":["True Grit","Iron Wave"],"picked":"Dark Embrace","floor":7.0},{"not_picked":["Pommel Strike","Brutality"],"picked":"Battle Trance","floor":10.0},{"not_picked":["Anger","Headbutt"],"picked":"Warcry","floor":13.0},{"not_picked":["Iron Wave","Thunderclap","Flex"],"picked":"SKIP","floor":14.0},{"not_picked":["Demon Form","Offering"],"picked":"Feed","floor":16.0},{"not_picked":["Sword Boomerang","Bloodletting+1","Body Slam"],"picked":"SKIP","floor":18.0},{"not_picked":["Battle Trance","Cleave"],"picked":"Havoc","floor":19.0},{"not_picked":["Sentinel","Wild Strike"],"picked":"Sword Boomerang","floor":22.0},{"not_picked":["Cleave","Pommel Strike"],"picked":"Perfected Strike","floor":23.0}],"player_experience":281743,"relics_obtained":[{"floor":7.0,"key":"Sundial"},{"floor":9.0,"key":"Pen Nib"},{"floor":10.0,"key":"Ancient Tea Set"},{"floor":23.0,"key":"Bag of Preparation"}],"event_choices":[{"damage_healed":0.0,"max_hp_gain":0.0,"max_hp_loss":0.0,"gold_gain":0.0,"event_name":"Shining Light","player_choice":"Entered Light","floor":4.0,"gold_loss":0.0,"damage_taken":23.0,"cards_upgraded":["Defend_R","Strike_R"]},{"damage_healed":0.0,"max_hp_gain":5.0,"max_hp_loss":0.0,"gold_gain":0.0,"event_name":"Big Fish","player_choice":"Donut","floor":11.0,"gold_loss":0.0,"damage_taken":0.0},{"damage_healed":0.0,"max_hp_gain":5.0,"max_hp_loss":0.0,"gold_gain":0.0,"event_name":"Forgotten Altar","player_choice":"Shed Blood","floor":20.0,"gold_loss":0.0,"damage_taken":29.0},{"damage_healed":0.0,"max_hp_gain":0.0,"max_hp_loss":0.0,"gold_gain":0.0,"event_name":"The Library","player_choice":"Read","floor":21.0,"gold_loss":0.0,"damage_taken":0.0,"cards_obtained":["Evolve"]},{"damage_healed":0.0,"max_hp_gain":0.0,"max_hp_loss":0.0,"gold_gain":0.0,"event_name":"WeMeetAgain","player_choice":"Paid Gold","floor":24.0,"gold_loss":83.0,"damage_taken":0.0,"relics_obtained":["Letter Opener"]}],"is_beta":false,"boss_relics":[{"not_picked":["Runic Cube","Busted Crown"],"picked":"Cursed Key"}],"items_purged_floors":[],"is_endless":false,"potions_floor_spawned":[1,7,10,13,16],"killed_by":"Cultist and Chosen","ascension_level":16}}