{"host":"vzkpoqyw8ea6g4k2","time":1607750803,"event":{"mods":["AchievementEnabler","BaseMod","BetterRewards","CapriCore","Colored Map","Colored Powertips","Minty Spire (QoL Compilation)","Permanent Neow","Quick Restart","StSLib","SuperFastMode","The Immortal"],"gold_per_floor":[112,37,53,69,83,113,131,144,212,212,312,312,323,80,80,182,182,201,62,76,76,76,90,121,202,202,202,202],"floor_reached":27,"playtime":921,"items_purged":["MokouMod:Strike","MokouMod:Strike"],"score":235,"play_id":"d6abf821-2b6b-4991-b41a-6d4f7fb4d7b7","local_time":"20201212142643","is_ascension_mode":false,"campfire_choices":[{"data":"MokouMod:FujiyamaVolcano","floor":10.0,"key":"SMITH"},{"data":"MokouMod:Overheat","floor":12.0,"key":"SMITH"},{"floor":15.0,"key":"REST"}],"circlet_count":0,"master_deck":["MokouMod:Strike","MokouMod:Strike","MokouMod:Defend","MokouMod:Defend","MokouMod:HeatSpark","MokouMod:Overheat+1","MokouMod:InfernalWave","MokouMod:ThermalPressure","MokouMod:FujiyamaVolcano+1","MokouMod:FlamingFireTalons","MokouMod:IcarusDive","MokouMod:Burn","MokouMod:ScorchingColumn","MokouMod:TemporalFireSeal","MokouMod:ResonatingAura","MokouMod:ScorchingColumn+1","MokouMod:Ventilation+1","MokouMod:BlazingComet+1","MokouMod:Singe","MokouMod:RisingSunBarrier+1"],"relics":["MokouMod:PhoenixFeather","Unceasing Top","InkBottle","Chemical X","Empty Cage","Potion Belt","Frozen Egg 2","Gambling Chip"],"acts_visited":["Exordium","TheCity"],"potions_floor_usage":[24],"damage_taken":[{"damage":0.0,"enemies":"2 Louse","floor":1.0,"turns":2.0},{"damage":2.0,"enemies":"Cultist","floor":3.0,"turns":4.0},{"damage":1.0,"enemies":"Jaw Worm","floor":4.0,"turns":4.0},{"damage":3.0,"enemies":"Red Slaver","floor":5.0,"turns":5.0},{"damage":13.0,"enemies":"3 Sentries","floor":6.0,"turns":5.0},{"damage":18.0,"enemies":"Exordium Thugs","floor":7.0,"turns":4.0},{"damage":9.0,"enemies":"Blue Slaver","floor":8.0,"turns":4.0},{"damage":4.0,"enemies":"Large Slime","floor":13.0,"turns":7.0},{"damage":11.0,"enemies":"Slime Boss","floor":16.0,"turns":5.0},{"damage":13.0,"enemies":"3 Byrds","floor":18.0,"turns":4.0},{"damage":20.0,"enemies":"Spheric Guardian","floor":20.0,"turns":4.0},{"damage":41.0,"enemies":"Snake Plant","floor":23.0,"turns":5.0},{"damage":37,"enemies":"Book of Stabbing","floor":24,"turns":5},{"damage":0,"enemies":"Gremlin Leader","floor":27,"turns":1}],"seed_played":"-7759650782538726029","potions_obtained":[{"floor":3.0,"key":"Explosive Potion"},{"floor":6.0,"key":"Strength Potion"},{"floor":8.0,"key":"Explosive Potion"},{"floor":16.0,"key":"Fire Potion"}],"is_trial":false,"path_per_floor":["M","$","M","M","M","E","M","M","T","R","?","R","M","$","R","B",null,"M","$","M","$","?","M","E","T","T","E"],"character_chosen":"MKU","items_purchased":["Chemical X","MokouMod:Ventilation"],"campfire_rested":1,"item_purchase_floors":[14,19],"current_hp_per_floor":[75,75,73,72,69,56,38,29,29,29,29,29,25,25,47,36,75,62,62,42,42,42,1,8,8,8,8,8],"gold":202,"neow_bonus":"TRANSFORM_CARD","is_daily":false,"chose_seed":false,"campfire_upgraded":2,"win_rate":0.0,"timestamp":1607750803,"path_taken":["M","$","M","M","M","E","M","M","T","R","?","R","?","$","R","BOSS","M","$","M","$","?","?","E","?","T","E"],"items_purchased_type":["Relic","Card"],"build_version":"2020-11-30","purchased_purges":2,"victory":false,"max_hp_per_floor":[75,75,75,75,75,75,75,75,75,75,75,75,75,75,75,75,75,75,75,75,75,75,75,75,75,75,75,75],"card_choices":[{"not_picked":["MokouMod:FlamingFireTalons","MokouMod:ResoluteFlare"],"picked":"MokouMod:InfernalWave","floor":1.0},{"not_picked":["MokouMod:BlazingComet","MokouMod:HeatFactory"],"picked":"MokouMod:ThermalPressure","floor":3.0},{"not_picked":["MokouMod:SearingShot","MokouMod:IndiscriminateIgnition"],"picked":"MokouMod:FujiyamaVolcano","floor":4.0},{"not_picked":["MokouMod:FlickeringFlame","MokouMod:InfernalWave"],"picked":"MokouMod:FlamingFireTalons","floor":5.0},{"not_picked":["MokouMod:EternalBurstReactor","MokouMod:HeatTransfer"],"picked":"MokouMod:IcarusDive","floor":6.0},{"not_picked":["MokouMod:Cataclysm","MokouMod:IcarusDive"],"picked":"MokouMod:Burn","floor":7.0},{"not_picked":["MokouMod:FlickeringFlame","MokouMod:Overheat"],"picked":"MokouMod:ScorchingColumn","floor":8.0},{"not_picked":["MokouMod:Singe","MokouMod:Ember"],"picked":"MokouMod:TemporalFireSeal","floor":13.0},{"not_picked":["MokouMod:ProfanedFlare","MokouMod:Rekindle"],"picked":"MokouMod:ResonatingAura","floor":16.0},{"not_picked":["MokouMod:TemporalFireSeal","MokouMod:FlareStarter"],"picked":"MokouMod:ScorchingColumn+1","floor":18.0},{"not_picked":["MokouMod:Wildfire","MokouMod:FujiyamaVolcano"],"picked":"MokouMod:BlazingComet+1","floor":20.0},{"not_picked":["MokouMod:BurningDraft","MokouMod:DanceofFlames"],"picked":"MokouMod:Singe","floor":23.0},{"not_picked":["MokouMod:UncontrollableSolarReaction+1","MokouMod:FujiyamaVolcano"],"picked":"MokouMod:RisingSunBarrier+1","floor":24}],"player_experience":16421,"relics_obtained":[{"floor":6.0,"key":"Unceasing Top"},{"floor":9.0,"key":"InkBottle"},{"floor":24,"key":"Potion Belt"},{"floor":25,"key":"Frozen Egg 2"},{"floor":26,"key":"Gambling Chip"}],"event_choices":[{"damage_healed":0.0,"max_hp_gain":0.0,"max_hp_loss":0.0,"gold_gain":100.0,"event_name":"Golden Shrine","player_choice":"Pray","floor":11.0,"gold_loss":0.0,"damage_taken":0.0},{"damage_healed":0.0,"max_hp_gain":0.0,"max_hp_loss":0.0,"gold_gain":0.0,"event_name":"Accursed Blacksmith","player_choice":"Forge","floor":22.0,"gold_loss":0.0,"damage_taken":0.0,"cards_upgraded":["MokouMod:Ventilation"]}],"is_beta":false,"boss_relics":[{"not_picked":["Sozu","Pandora\u0027s Box"],"picked":"Empty Cage"}],"items_purged_floors":[2,14],"is_endless":false,"potions_floor_spawned":[3,6,8,16,23],"killed_by":"Gremlin Leader","ascension_level":0}}