{"host":"f7mgfv1rcbv6ir5v","time":1607768690,"event":{"mods":["BaseMod","Bestiary","Colored Map","Colored Powertips","Highlight Path","Minty Spire (QoL Compilation)","Relic Stats","StSLib"],"gold_per_floor":[17,36,36,47,58,88,88,122,190,200,225,225,255,265,265,370,370,384,401,420,43,62,62,95,111,111,128,156,156,182,182,182,286,286,302,10,55,72,91,126,126,154,205,224,224,243,268,278,278,278,278,278,0,34,34],"floor_reached":56,"playtime":7673,"items_purged":["Anger","Strike_R"],"score":1658,"play_id":"8f8e44ef-dfdd-4dbb-84fd-8bd6738fb874","local_time":"20201212022450","is_ascension_mode":true,"campfire_choices":[{"data":"Uppercut","floor":7.0,"key":"SMITH"},{"floor":12.0,"key":"REST"},{"data":"Bash","floor":15.0,"key":"SMITH"},{"floor":23.0,"key":"REST"},{"floor":32.0,"key":"RECALL"},{"floor":45.0,"key":"REST"},{"floor":49.0,"key":"REST"},{"floor":52,"key":"REST"}],"circlet_count":0,"master_deck":["Strike_R","Defend_R","Defend_R","Defend_R","Defend_R","Bash+1","Mayhem","Uppercut+1","Flame Barrier","Wild Strike","Iron Wave","Inflame","Battle Trance","Impervious","Twin Strike+1","Feed+1","Bloodletting+1","Cleave+1","Juggernaut","Fire Breathing","Flame Barrier","True Grit+1","Battle Trance","Whirlwind+1","Ghostly","Ghostly","Ghostly","Ghostly","Ghostly","Dark Embrace+1","Corruption","Shockwave","Pommel Strike+1","Flame Barrier+1","Pommel Strike+1","Carnage+1","Seeing Red","Disarm+1","Burning Pact","Heavy Blade+1","Inflame","Sentinel+1"],"relics":["Burning Blood","Regal Pillow","Unceasing Top","Molten Egg 2","Art of War","Pantograph","Fusion Hammer","Question Card","FossilizedHelix","Kunai","Vajra","Red Mask","Snecko Eye","Orichalcum","TungstenRod","WingedGreaves","Pen Nib","Torii","Boot"],"acts_visited":["Exordium","TheCity","TheBeyond","TheEnding"],"potions_floor_usage":[55,55,55],"damage_taken":[{"damage":3.0,"enemies":"Jaw Worm","floor":1.0,"turns":4.0},{"damage":1.0,"enemies":"Small Slimes","floor":2.0,"turns":4.0},{"damage":11.0,"enemies":"2 Louse","floor":4.0,"turns":3.0},{"damage":1.0,"enemies":"2 Fungi Beasts","floor":5.0,"turns":4.0},{"damage":32.0,"enemies":"Lagavulin","floor":6.0,"turns":10.0},{"damage":40.0,"enemies":"3 Sentries","floor":8.0,"turns":10.0},{"damage":7.0,"enemies":"Red Slaver","floor":10.0,"turns":4.0},{"damage":9.0,"enemies":"Gremlin Nob","floor":11.0,"turns":4.0},{"damage":0.0,"enemies":"Lagavulin","floor":13.0,"turns":6.0},{"damage":4.0,"enemies":"Blue Slaver","floor":14.0,"turns":3.0},{"damage":28.0,"enemies":"The Guardian","floor":16.0,"turns":8.0},{"damage":12.0,"enemies":"Chosen","floor":18.0,"turns":3.0},{"damage":5.0,"enemies":"Shell Parasite","floor":19.0,"turns":5.0},{"damage":28.0,"enemies":"Centurion and Healer","floor":20.0,"turns":6.0},{"damage":26.0,"enemies":"Chosen and Byrds","floor":22.0,"turns":6.0},{"damage":35.0,"enemies":"Book of Stabbing","floor":24.0,"turns":5.0},{"damage":18.0,"enemies":"Sentry and Sphere","floor":25.0,"turns":5.0},{"damage":11.0,"enemies":"Snake Plant","floor":27.0,"turns":4.0},{"damage":26.0,"enemies":"Gremlin Leader","floor":28.0,"turns":7.0},{"damage":2.0,"enemies":"Masked Bandits","floor":30.0,"turns":5.0},{"damage":48.0,"enemies":"Champ","floor":33.0,"turns":9.0},{"damage":0.0,"enemies":"3 Shapes","floor":35.0,"turns":6.0},{"damage":0.0,"enemies":"2 Orb Walkers","floor":37.0,"turns":6.0},{"damage":0.0,"enemies":"Orb Walker","floor":38.0,"turns":3.0},{"damage":0.0,"enemies":"3 Darklings","floor":39.0,"turns":5.0},{"damage":33.0,"enemies":"Giant Head","floor":40.0,"turns":10.0},{"damage":0.0,"enemies":"Nemesis","floor":42.0,"turns":7.0},{"damage":0.0,"enemies":"4 Shapes","floor":44.0,"turns":3.0},{"damage":0.0,"enemies":"Maw","floor":46.0,"turns":6.0},{"damage":0.0,"enemies":"Giant Head","floor":47.0,"turns":7.0},{"damage":0.0,"enemies":"Spire Growth","floor":48.0,"turns":4.0},{"damage":23.0,"enemies":"Awakened One","floor":50.0,"turns":14.0},{"damage":21,"enemies":"Shield and Spear","floor":54,"turns":5},{"damage":30,"enemies":"The Heart","floor":55,"turns":8}],"seed_played":"1288782978390367961","potions_obtained":[{"floor":4.0,"key":"SteroidPotion"},{"floor":5.0,"key":"CultistPotion"},{"floor":6.0,"key":"Ancient Potion"},{"floor":8.0,"key":"Regen Potion"},{"floor":14.0,"key":"Block Potion"},{"floor":18.0,"key":"BloodPotion"},{"floor":19.0,"key":"Explosive Potion"},{"floor":22.0,"key":"Ancient Potion"},{"floor":30.0,"key":"Energy Potion"},{"floor":33.0,"key":"BloodPotion"},{"floor":35.0,"key":"Explosive Potion"},{"floor":40.0,"key":"BlessingOfTheForge"},{"floor":42.0,"key":"ColorlessPotion"},{"floor":44.0,"key":"Explosive Potion"}],"is_trial":false,"path_per_floor":["M","M","?","M","M","E","R","E","T","M","E","R","E","M","R","B",null,"M","M","M","$","M","R","E","M","T","M","E","?","?","?","R","B",null,"M","$","?","M","M","E","?","E","T","M","R","M","E","M","R","B",null,"R","$","E","B",null],"character_chosen":"IRONCLAD","items_purchased":["Juggernaut","Question Card","Shockwave","Orichalcum","Heavy Blade+1","Inflame","Strength Potion"],"campfire_rested":5,"item_purchase_floors":[21,21,36,36,53,53,53],"current_hp_per_floor":[80,80,73,68,73,47,47,13,13,24,21,60,66,68,68,58,75,73,74,72,72,56,92,63,51,51,46,26,26,34,34,34,8,40,50,50,58,62,66,39,39,45,45,55,70,74,74,78,78,65,78,82,82,67,74],"gold":34,"neow_bonus":"RANDOM_COLORLESS_2","is_daily":false,"chose_seed":false,"campfire_upgraded":2,"win_rate":0.0,"timestamp":1607768690,"path_taken":["M","M","?","M","M","E","R","E","T","M","E","R","E","M","R","BOSS","M","M","M","$","M","R","E","M","T","M","E","?","?","?","R","BOSS","M","$","?","M","M","E","?","E","T","M","R","M","E","M","R","BOSS","R","$","E","BOSS"],"items_purchased_type":["Card","Relic","Card","Relic","Card","Card","Potion"],"build_version":"2020-11-30","purchased_purges":2,"victory":true,"max_hp_per_floor":[80,80,80,80,80,80,80,80,80,80,80,80,80,80,80,80,80,84,84,88,88,92,92,92,92,92,92,92,46,50,50,50,50,50,54,54,58,62,66,66,66,66,66,70,70,74,74,78,78,82,82,82,82,82,82],"relic_stats":{"Regal Pillow":24,"Torii":11,"counters":[34,199],"Pen Nib":[9],"Orichalcum":[174],"Question Card":18,"Boot":[0],"Burning Blood":164,"Pantograph":43,"Snecko Eye":[179,171,184,197],"Art of War":[16],"Kunai":[34],"obtain_stats":[{"Regal Pillow":6,"Torii":47,"Vajra":28,"Pen Nib":42,"Orichalcum":36,"Question Card":21,"Boot":54,"Burning Blood":0,"Pantograph":13,"Snecko Eye":34,"Molten Egg 2":9,"Fusion Hammer":17,"WingedGreaves":40,"Art of War":11,"Red Mask":30,"Kunai":26,"Unceasing Top":8,"FossilizedHelix":24,"TungstenRod":37},{"Regal Pillow":5,"Torii":30,"Vajra":19,"Pen Nib":27,"Orichalcum":22,"Question Card":14,"Boot":33,"Burning Blood":0,"Pantograph":9,"Snecko Eye":21,"Molten Egg 2":6,"Fusion Hammer":11,"WingedGreaves":26,"Art of War":8,"Red Mask":20,"Kunai":17,"Unceasing Top":6,"FossilizedHelix":16,"TungstenRod":23},{"Regal Pillow":25,"Torii":168,"Vajra":101,"Pen Nib":152,"Orichalcum":121,"Question Card":74,"Boot":191,"Burning Blood":0,"Pantograph":49,"Snecko Eye":115,"Molten Egg 2":35,"Fusion Hammer":60,"WingedGreaves":145,"Art of War":43,"Red Mask":106,"Kunai":90,"Unceasing Top":35,"FossilizedHelix":85,"TungstenRod":127}],"Unceasing Top":[7],"TungstenRod":41},"card_choices":[{"not_picked":["Transmutation","Thinking Ahead"],"picked":"Mayhem","floor":0.0},{"not_picked":["Headbutt","Clothesline"],"picked":"Uppercut","floor":1.0},{"not_picked":["Blood for Blood","Evolve"],"picked":"Flame Barrier","floor":2.0},{"not_picked":["Body Slam","Fire Breathing"],"picked":"Wild Strike","floor":4.0},{"not_picked":["Sword Boomerang","Clothesline"],"picked":"Iron Wave","floor":5.0},{"not_picked":["Warcry","Berserk"],"picked":"Inflame","floor":6.0},{"not_picked":["Uppercut","Heavy Blade"],"picked":"Anger","floor":8.0},{"not_picked":["Intimidate","Cleave+1"],"picked":"Battle Trance","floor":10.0},{"not_picked":["Clothesline+1","Burning Pact","Body Slam+1"],"picked":"SKIP","floor":11.0},{"not_picked":["Seeing Red","Anger+1"],"picked":"Impervious","floor":13.0},{"not_picked":["Battle Trance","Headbutt+1"],"picked":"Twin Strike+1","floor":14.0},{"not_picked":["Demon Form","Juggernaut"],"picked":"Feed+1","floor":16.0},{"not_picked":["Flame Barrier","Headbutt+1"],"picked":"Bloodletting+1","floor":18.0},{"not_picked":["Wild Strike+1","Uppercut+1"],"picked":"Cleave+1","floor":19.0},{"not_picked":["Wild Strike+1","Flex","Body Slam+1"],"picked":"SKIP","floor":20.0},{"not_picked":["Blood for Blood+1","Feel No Pain+1","Clash+1"],"picked":"Fire Breathing","floor":22.0},{"not_picked":["Rampage+1","Warcry","Infernal Blade+1"],"picked":"Flame Barrier","floor":24.0},{"not_picked":["Inflame","Cleave+1","Perfected Strike+1"],"picked":"True Grit+1","floor":25.0},{"not_picked":["Perfected Strike+1","Sword Boomerang+1","Shrug It Off"],"picked":"Battle Trance","floor":27.0},{"not_picked":["Flex+1","Spot Weakness","Headbutt+1"],"picked":"Whirlwind+1","floor":28.0},{"not_picked":["Armaments","Blood for Blood+1","Burning Pact"],"picked":"Dark Embrace+1","floor":30.0},{"not_picked":["Double Tap","Fiend Fire+1","Bludgeon+1"],"picked":"Corruption","floor":33.0},{"not_picked":["Searing Blow+1","Sever Soul+1","Fire Breathing+1","Iron Wave+1"],"picked":"SKIP","floor":35.0},{"not_picked":["Thunderclap+1","Clothesline+1","Twin Strike+1"],"picked":"Pommel Strike+1","floor":37.0},{"not_picked":["Heavy Blade+1","Warcry+1","Infernal Blade","Pummel+1"],"picked":"SKIP","floor":38.0},{"not_picked":["Feel No Pain","Shockwave","Dual Wield+1"],"picked":"Flame Barrier+1","floor":39.0},{"not_picked":["Berserk","Perfected Strike+1","Clash+1"],"picked":"Pommel Strike+1","floor":40.0},{"not_picked":["Clash+1","Shrug It Off","Thunderclap+1"],"picked":"Carnage+1","floor":42.0},{"not_picked":["Anger+1","Cleave+1","Bloodletting"],"picked":"Seeing Red","floor":44.0},{"not_picked":["Heavy Blade+1","Headbutt+1","Second Wind+1"],"picked":"Disarm+1","floor":46.0},{"not_picked":["Bloodletting","Wild Strike+1","Limit Break"],"picked":"Burning Pact","floor":47.0},{"not_picked":["Pommel Strike+1","Combust","True Grit","Clash+1"],"picked":"SKIP","floor":48.0},{"not_picked":["Perfected Strike+1","Thunderclap+1","Flex"],"picked":"Sentinel+1","floor":54}],"player_experience":309767,"relics_obtained":[{"floor":6.0,"key":"Regal Pillow"},{"floor":8.0,"key":"Unceasing Top"},{"floor":9.0,"key":"Molten Egg 2"},{"floor":11.0,"key":"Art of War"},{"floor":13.0,"key":"Pantograph"},{"floor":24.0,"key":"FossilizedHelix"},{"floor":26.0,"key":"Kunai"},{"floor":28.0,"key":"Vajra"},{"floor":30.0,"key":"Red Mask"},{"floor":37.0,"key":"TungstenRod"},{"floor":40.0,"key":"WingedGreaves"},{"floor":42.0,"key":"Pen Nib"},{"floor":47.0,"key":"Torii"},{"floor":54,"key":"Boot"}],"event_choices":[{"cards_removed":["Strike_R"],"damage_healed":0.0,"max_hp_gain":0.0,"max_hp_loss":0.0,"gold_gain":0.0,"event_name":"Golden Wing","player_choice":"Card Removal","floor":3.0,"gold_loss":0.0,"damage_taken":7.0},{"damage_healed":0.0,"max_hp_gain":0.0,"max_hp_loss":46.0,"gold_gain":0.0,"event_name":"Ghosts","player_choice":"Became a Ghost","floor":29.0,"gold_loss":0.0,"damage_taken":0.0,"cards_obtained":["Ghostly","Ghostly","Ghostly","Ghostly","Ghostly"]},{"damage_healed":0.0,"max_hp_gain":0.0,"max_hp_loss":0.0,"gold_gain":0.0,"event_name":"Masked Bandits","player_choice":"Fought Bandits","floor":30.0,"gold_loss":0.0,"damage_taken":0.0},{"cards_removed":["Strike_R"],"damage_healed":0.0,"max_hp_gain":0.0,"max_hp_loss":0.0,"gold_gain":0.0,"event_name":"Purifier","player_choice":"Purged","floor":31.0,"gold_loss":0.0,"damage_taken":0.0},{"damage_healed":0.0,"max_hp_gain":0.0,"max_hp_loss":0.0,"gold_gain":0.0,"event_name":"Mysterious Sphere","player_choice":"Fight","floor":37.0,"gold_loss":0.0,"damage_taken":0.0},{"cards_removed":["Strike_R"],"damage_healed":0.0,"max_hp_gain":0.0,"max_hp_loss":0.0,"gold_gain":0.0,"event_name":"Falling","player_choice":"Removed Attack","floor":41.0,"gold_loss":0.0,"damage_taken":0.0}],"is_beta":false,"boss_relics":[{"not_picked":["Pandora\u0027s Box","Black Star"],"picked":"Fusion Hammer"},{"not_picked":["Philosopher\u0027s Stone","Runic Pyramid"],"picked":"Snecko Eye"}],"items_purged_floors":[36,53],"is_endless":false,"potions_floor_spawned":[4,5,6,8,14,18,19,22,30,33,35,40,42,44],"ascension_level":5}}