{"host":"w4b7hmige5bnqipq","time":1607739449,"event":{"mods":["BaseMod","Minty Spire (QoL Compilation)","Rare Cards Sparkle","SuperFastMode","everything is the same but u backflip on backflip","slay the spire mod where everything is the same but ironclad has a cowboy hat"],"gold_per_floor":[115,115,130,130,147,147,175,175,175,175,15,15,50,69,69,143,143,154,154,186,214,226,264,276,313,349,90,104,104,116,126,126,204,204,215,227,247,259,45,45,70,70,96,96,129,141,159,185,185,185,185,185,185,25,53,53],"floor_reached":57,"playtime":2269,"items_purged":["Writhe","Strike_G+1"],"score":3034,"play_id":"dc8f0ff5-9e72-4984-a6d6-a94f5346b4f3","local_time":"20201212111729","is_ascension_mode":true,"campfire_choices":[{"data":"Deadly Poison","floor":6.0,"key":"SMITH"},{"data":"Corpse Explosion","floor":8.0,"key":"SMITH"},{"floor":15.0,"key":"REST"},{"floor":24.0,"key":"REST"},{"floor":29.0,"key":"REST"},{"floor":32.0,"key":"RECALL"},{"floor":40.0,"key":"REST"},{"floor":42.0,"key":"REST"},{"floor":49.0,"key":"REST"},{"floor":53.0,"key":"REST"}],"circlet_count":0,"master_deck":["AscendersBane","Strike_G+1","Strike_G+1","Defend_G+1","Defend_G+1","Defend_G+1","Defend_G+1","Defend_G+1","Survivor","Neutralize","Tactician","Deadly Poison+1","Cloak And Dagger+1","Corpse Explosion+1","Noxious Fumes","Footwork","Adrenaline+1","Calculated Gamble","Leg Sweep+1","Acrobatics+1","Backflip+1","Night Terror+1","Distraction+1","Tactician+1","Acrobatics+1","Blur+1","Well Laid Plans","Escape Plan+1"],"relics":["Ring of the Snake","NeowsBlessing","WarpedTongs","Mummified Hand","Letter Opener","TwistedFunnel","Centennial Puzzle","Matryoshka","Fusion Hammer","MawBank","Toxic Egg 2","Regal Pillow","Toy Ornithopter","Smiling Mask","Oddly Smooth Stone","SacredBark","War Paint","Anchor","Sundial","MealTicket","Gremlin Horn","Bag of Preparation"],"acts_visited":["Exordium","TheCity","TheBeyond","TheEnding"],"potions_floor_usage":[56],"damage_taken":[{"damage":0.0,"enemies":"2 Louse","floor":1.0,"turns":1.0},{"damage":1.0,"enemies":"Cultist","floor":3.0,"turns":1.0},{"damage":0.0,"enemies":"Small Slimes","floor":5.0,"turns":1.0},{"damage":14.0,"enemies":"Lagavulin","floor":7.0,"turns":9.0},{"damage":4.0,"enemies":"3 Sentries","floor":13.0,"turns":3.0},{"damage":0.0,"enemies":"3 Louse","floor":14.0,"turns":1.0},{"damage":38.0,"enemies":"Slime Boss","floor":16.0,"turns":6.0},{"damage":4.0,"enemies":"Shell Parasite","floor":18.0,"turns":4.0},{"damage":23.0,"enemies":"Chosen","floor":20.0,"turns":4.0},{"damage":12.0,"enemies":"Snake Plant","floor":21.0,"turns":4.0},{"damage":2.0,"enemies":"Slavers","floor":23.0,"turns":2.0},{"damage":3.0,"enemies":"Book of Stabbing","floor":25.0,"turns":5.0},{"damage":0.0,"enemies":"Centurion and Healer","floor":28.0,"turns":3.0},{"damage":0.0,"enemies":"Cultist and Chosen","floor":30.0,"turns":3.0},{"damage":0.0,"enemies":"Snake Plant","floor":31.0,"turns":4.0},{"damage":4.0,"enemies":"Collector","floor":33.0,"turns":8.0},{"damage":0.0,"enemies":"Orb Walker","floor":35.0,"turns":3.0},{"damage":0.0,"enemies":"3 Shapes","floor":36.0,"turns":2.0},{"damage":6.0,"enemies":"Jaw Worm Horde","floor":37.0,"turns":2.0},{"damage":0.0,"enemies":"Sphere and 2 Shapes","floor":38.0,"turns":4.0},{"damage":0.0,"enemies":"Giant Head","floor":41.0,"turns":8.0},{"damage":10.0,"enemies":"Nemesis","floor":45.0,"turns":9.0},{"damage":0.0,"enemies":"Transient","floor":46.0,"turns":6.0},{"damage":0.0,"enemies":"4 Shapes","floor":47.0,"turns":1.0},{"damage":0.0,"enemies":"Reptomancer","floor":48.0,"turns":5.0},{"damage":0.0,"enemies":"Donu and Deca","floor":50.0,"turns":7.0},{"damage":37.0,"enemies":"Time Eater","floor":51.0,"turns":16.0},{"damage":6.0,"enemies":"Shield and Spear","floor":55.0,"turns":5.0},{"damage":52,"enemies":"The Heart","floor":56,"turns":10}],"seed_played":"1490460351575957627","potions_obtained":[{"floor":5.0,"key":"ColorlessPotion"},{"floor":13.0,"key":"FearPotion"},{"floor":16.0,"key":"SkillPotion"},{"floor":18.0,"key":"SkillPotion"},{"floor":23.0,"key":"AttackPotion"},{"floor":25.0,"key":"FearPotion"},{"floor":33.0,"key":"Weak Potion"},{"floor":37.0,"key":"Swift Potion"},{"floor":38.0,"key":"Regen Potion"},{"floor":41.0,"key":"SkillPotion"}],"is_trial":false,"path_per_floor":["M","?","M","?","M","R","E","R","T","?","$","?","E","M","R","B",null,"M","?","M","M","?","E","R","E","T","$","M","R","M","M","R","B",null,"M","M","M","M","$","R","E","R","T","?","E","M","M","E","R","B","B",null,"R","$","E","B",null],"character_chosen":"THE_SILENT","items_purchased":["TwistedFunnel","Acrobatics+1","Oddly Smooth Stone","War Paint","Acrobatics+1","Dexterity Potion","Block Potion"],"campfire_rested":7,"item_purchase_floors":[11,27,27,39,39,54,54],"current_hp_per_floor":[59,59,58,58,58,58,44,44,44,37,37,26,22,22,41,3,50,46,46,23,11,11,9,28,25,25,25,25,59,59,59,59,60,65,65,65,60,60,60,66,66,66,66,66,56,56,56,61,66,66,60,65,66,66,60,13],"gold":53,"neow_bonus":"THREE_ENEMY_KILL","is_daily":false,"chose_seed":false,"campfire_upgraded":2,"win_rate":0.0,"timestamp":1607739449,"path_taken":["M","?","?","?","M","R","E","R","T","?","$","?","E","M","R","BOSS","M","?","M","M","?","E","R","E","T","$","M","R","M","M","R","BOSS","M","M","M","M","$","R","E","R","T","?","E","M","M","E","R","BOSS","BOSS","R","$","E","BOSS"],"items_purchased_type":["Relic","Card","Relic","Relic","Card","Potion","Potion"],"build_version":"2020-11-30","purchased_purges":2,"victory":true,"max_hp_per_floor":[66,66,66,66,66,66,66,66,66,66,66,66,66,66,66,66,66,66,66,66,66,66,66,66,66,66,66,66,66,66,66,66,66,66,66,66,66,66,66,66,66,66,66,66,66,66,66,66,66,66,66,66,66,66,66,66],"card_choices":[{"not_picked":["Dagger Throw","Sucker Punch"],"picked":"Tactician","floor":1.0},{"not_picked":["Crippling Poison","Outmaneuver"],"picked":"Deadly Poison","floor":3.0},{"not_picked":["Eviscerate","Slice"],"picked":"Cloak And Dagger","floor":5.0},{"not_picked":["Blade Dance","Tactician"],"picked":"Corpse Explosion","floor":7.0},{"not_picked":["Deflect","Dagger Spray"],"picked":"Noxious Fumes","floor":13.0},{"not_picked":["Deadly Poison","All Out Attack"],"picked":"Footwork","floor":14.0},{"not_picked":["Tools of the Trade","Doppelganger"],"picked":"Adrenaline","floor":16.0},{"not_picked":["Blade Dance","Distraction"],"picked":"Calculated Gamble","floor":18.0},{"not_picked":["Masterful Stab","Blade Dance","Quick Slash"],"picked":"SKIP","floor":20.0},{"not_picked":["Choke","Tactician","Prepared"],"picked":"SKIP","floor":21.0},{"not_picked":["PiercingWail+1","Cloak And Dagger+1"],"picked":"Leg Sweep+1","floor":23.0},{"not_picked":["Predator","Unload","Dagger Throw"],"picked":"SKIP","floor":25.0},{"not_picked":["Masterful Stab","Infinite Blades"],"picked":"Backflip+1","floor":28.0},{"not_picked":["Underhanded Strike","Poisoned Stab","Quick Slash"],"picked":"SKIP","floor":30.0},{"not_picked":["Poisoned Stab","Riddle With Holes","All Out Attack"],"picked":"SKIP","floor":31.0},{"not_picked":["Corpse Explosion+1","Envenom"],"picked":"Night Terror+1","floor":33.0},{"not_picked":["Cloak And Dagger+1","Poisoned Stab","Blade Dance+1"],"picked":"SKIP","floor":35.0},{"not_picked":["Flying Knee","Poisoned Stab+1"],"picked":"Distraction+1","floor":36.0},{"not_picked":["Dodge and Roll+1","Concentrate+1","Dagger Throw"],"picked":"SKIP","floor":37.0},{"not_picked":["Prepared+1","Underhanded Strike"],"picked":"Tactician+1","floor":38.0},{"not_picked":["Bane","Backstab"],"picked":"Blur+1","floor":41.0},{"not_picked":["Night Terror+1","Deflect+1"],"picked":"Well Laid Plans","floor":45.0},{"not_picked":["Backflip+1","Underhanded Strike+1","Flechettes"],"picked":"SKIP","floor":46.0},{"not_picked":["PiercingWail+1","Dodge and Roll+1"],"picked":"Escape Plan+1","floor":47.0},{"not_picked":["Crippling Poison+1","Cloak And Dagger+1","Dagger Spray+1"],"picked":"SKIP","floor":48.0},{"not_picked":["Poisoned Stab","PiercingWail+1","Bullet Time+1"],"picked":"SKIP","floor":55.0}],"player_experience":381052,"relics_obtained":[{"floor":7.0,"key":"Mummified Hand"},{"floor":9.0,"key":"Letter Opener"},{"floor":13.0,"key":"Matryoshka"},{"floor":23.0,"key":"Toxic Egg 2"},{"floor":25.0,"key":"Regal Pillow"},{"floor":26.0,"key":"Toy Ornithopter"},{"floor":26.0,"key":"Smiling Mask"},{"floor":41.0,"key":"Anchor"},{"floor":43.0,"key":"Sundial"},{"floor":45.0,"key":"MealTicket"},{"floor":48.0,"key":"Gremlin Horn"},{"floor":55.0,"key":"Bag of Preparation"}],"event_choices":[{"damage_healed":0.0,"max_hp_gain":0.0,"max_hp_loss":0.0,"gold_gain":0.0,"event_name":"Accursed Blacksmith","player_choice":"Rummage","floor":2.0,"gold_loss":0.0,"damage_taken":0.0,"relics_obtained":["WarpedTongs"],"cards_obtained":["Pain"]},{"cards_removed":["Pain"],"damage_healed":0.0,"max_hp_gain":0.0,"max_hp_loss":0.0,"gold_gain":0.0,"event_name":"Living Wall","player_choice":"Forget","floor":4.0,"gold_loss":0.0,"damage_taken":0.0},{"cards_removed":["Strike_G"],"damage_healed":0.0,"max_hp_gain":0.0,"max_hp_loss":0.0,"gold_gain":0.0,"event_name":"Golden Wing","player_choice":"Card Removal","floor":10.0,"gold_loss":0.0,"damage_taken":7.0},{"damage_healed":0.0,"max_hp_gain":0.0,"max_hp_loss":0.0,"gold_gain":0.0,"event_name":"Scrap Ooze","player_choice":"Success","floor":12.0,"gold_loss":0.0,"damage_taken":11.0,"relics_obtained":["Centennial Puzzle"]},{"damage_healed":0.0,"max_hp_gain":0.0,"max_hp_loss":0.0,"gold_gain":0.0,"event_name":"The Mausoleum","player_choice":"Opened","floor":19.0,"gold_loss":0.0,"damage_taken":0.0,"relics_obtained":["MawBank"],"cards_obtained":["Writhe"]},{"damage_healed":0.0,"max_hp_gain":0.0,"max_hp_loss":0.0,"gold_gain":0.0,"event_name":"Back to Basics","player_choice":"Simplicity","floor":22.0,"gold_loss":0.0,"damage_taken":0.0,"cards_upgraded":["Strike_G","Strike_G","Strike_G","Strike_G","Defend_G","Defend_G","Defend_G","Defend_G","Defend_G"]},{"cards_removed":["Strike_G"],"damage_healed":0.0,"max_hp_gain":0.0,"max_hp_loss":0.0,"gold_gain":0.0,"event_name":"Falling","player_choice":"Removed Attack","floor":44.0,"gold_loss":0.0,"damage_taken":0.0}],"is_beta":false,"boss_relics":[{"not_picked":["Busted Crown","SlaversCollar"],"picked":"Fusion Hammer"},{"not_picked":["Snecko Eye","Coffee Dripper"],"picked":"SacredBark"}],"items_purged_floors":[27,54],"is_endless":false,"potions_floor_spawned":[5,13,16,18,23,25,33,37,38,41,45,46],"ascension_level":20}}