{"host":"o5or1zybx7au40zl","time":1607731641,"event":{"mods":["2.2 Compatiblity","Act Like it!","BaseMod","Better Third Choice","Conspire","Dota2Spire","GifTheSpireLib","Hubris","Infinite Spire","Minty Spire (QoL Compilation)","Replay The Spire","StSLib","The Bug Knight"],"gold_per_floor":[112,34,49,60,70,99,99,114,114,114,127,127,59,70,70,168,168,108,108,108,108,108,108,108,108,108,108,108,108,108,108,108,108,108,108,108,108,108,27,27,27,27,27,27,27,27,27,27,27,27,27,27,27,27,27],"floor_reached":56,"playtime":2105,"items_purged":[],"score":1359,"play_id":"ee95926c-e2a1-44cd-9d78-1ebf2d8c3953","local_time":"20201212010721","is_ascension_mode":false,"campfire_choices":[{"floor":7,"key":"RECALL"},{"floor":15,"key":"REST"},{"floor":24,"key":"REST"},{"floor":28,"key":"REST"},{"floor":32,"key":"REST"},{"floor":46,"key":"REST"},{"data":"Malaise","floor":49,"key":"SMITH"},{"data":"Accuracy","floor":52,"key":"SMITH"}],"circlet_count":0,"master_deck":["Strike_G","Strike_G","Strike_G","Strike_G","Strike_G","Defend_G","Defend_G","Defend_G","Defend_G","Defend_G","Survivor","Neutralize","Blade Dance","Hidden Blade","Masterful Stab","Skewer","Accuracy+1","Wraith Form v2","Choke","Leg Sweep","Distraction","Malaise+1","PiercingWail+1","ReplayTheSpireMod:Splinters","Dagger Spray","Finisher","Blade Dance+1","Adrenaline","After Image","Die Die Die","Choke","hubris:Fate","Adrenaline","Flying Knee+1","Dagger Spray","Cloak And Dagger","Unload","hubris:Counter+1","Flying Knee+1","Flying Knee+1","Backstab+1","Flying Knee+1"],"relics":["Ring of the Snake","Calipers","PreservedInsect","Dota2Spire:Vanguard","Ectoplasm","Dota2Spire:LotusOrb","infinitespire:Bottled Soul","infinitespire:Joker Card","Replay:WaspNest","HollowMod:QueensCombRelic","Juzu Bracelet","MutagenicStrength","conspire:SpecialSausage","Ring of Hypnosis","infinitespire:Midas Blood","Regal Pillow","Smiling Mask","Dota2Spire:Butterfly","Incense Burner","StoneCalendar","Dota2Spire:BladeMail"],"acts_visited":["Exordium","TheCity","TheBeyond","TheEnding"],"potions_floor_usage":[16,25,33,40,44,50,55,55],"damage_taken":[{"damage":1,"enemies":"2 Louse","floor":1,"turns":3},{"damage":1,"enemies":"Cultist","floor":3,"turns":3},{"damage":1,"enemies":"Jaw Worm","floor":4,"turns":3},{"damage":10,"enemies":"Large Slime","floor":5,"turns":6},{"damage":22,"enemies":"Replay:BlueRogue","floor":6,"turns":6},{"damage":10,"enemies":"2 Fungi Beasts","floor":8,"turns":3},{"damage":1,"enemies":"Exordium Wildlife","floor":11,"turns":3},{"damage":30,"enemies":"HollowMod:MossKnight","floor":13,"turns":8},{"damage":0,"enemies":"Gremlin Gang","floor":14,"turns":6},{"damage":37,"enemies":"The Guardian","floor":16,"turns":11},{"damage":21,"enemies":"2 Thieves","floor":18,"turns":5},{"damage":15,"enemies":"Snecko","floor":21,"turns":8},{"damage":18,"enemies":"Shelled Parasite and Fungi","floor":22,"turns":6},{"damage":14,"enemies":"Replay:Snechameleon","floor":23,"turns":6},{"damage":10,"enemies":"conspire:SneckoGhost","floor":25,"turns":8},{"damage":2,"enemies":"Replay:Snechameleon","floor":27,"turns":6},{"damage":0,"enemies":"3 Cultists","floor":29,"turns":5},{"damage":42,"enemies":"conspire:MysteriousRune","floor":33,"turns":6},{"damage":2,"enemies":"3 Darklings","floor":35,"turns":2},{"damage":0,"enemies":"Orb Walker","floor":36,"turns":3},{"damage":5,"enemies":"Maw","floor":38,"turns":9},{"damage":0,"enemies":"HollowMod:StalkingDevout","floor":40,"turns":4},{"damage":3,"enemies":"Transient","floor":41,"turns":5},{"damage":0,"enemies":"3 Darklings","floor":42,"turns":3},{"damage":9,"enemies":"Giant Head","floor":44,"turns":6},{"damage":8,"enemies":"Jaw Worm Horde","floor":45,"turns":2},{"damage":2,"enemies":"Reptomancer","floor":47,"turns":4},{"damage":0,"enemies":"Mind Bloom Boss Battle","floor":48,"turns":3},{"damage":13,"enemies":"hubris:GrandSnecko","floor":50,"turns":10},{"damage":14,"enemies":"Shield and Spear","floor":54,"turns":4},{"damage":71,"enemies":"The Heart","floor":55,"turns":9}],"seed_played":"9047894813878187246","potions_obtained":[{"floor":4,"key":"Energy Potion"},{"floor":11,"key":"Fire Potion"},{"floor":13,"key":"SpeedPotion"},{"floor":16,"key":"Languid Potion"},{"floor":19,"key":"Strength Potion"},{"floor":25,"key":"FairyPotion"},{"floor":33,"key":"Languid Potion"},{"floor":41,"key":"Weak Potion"},{"floor":47,"key":"Reflective Coating"},{"floor":48,"key":"CunningPotion"},{"floor":54,"key":"DistilledChaos"}],"is_trial":false,"path_per_floor":["M","$","M","M","M","E","R","M","T","?","M","?","E","M","R","B",null,"M","?","?","M","M","E","R","E","T","E","R","M","AVR","?","R","B",null,"M","M","?","M","?","E","M","M","T","E","M","R","E","?","R","B",null,"R","$","E","B",null],"character_chosen":"THE_SILENT","items_purchased":["Blade Dance","Hidden Blade"],"campfire_rested":5,"item_purchase_floors":[2,2],"current_hp_per_floor":[69,69,68,67,57,35,35,25,25,25,24,47,17,17,38,1,70,49,49,49,34,16,2,23,13,13,11,24,44,44,44,46,4,46,44,46,46,41,41,46,43,46,46,37,33,46,44,46,46,33,46,46,46,32,13],"gold":27,"neow_bonus":"ONE_RARE_RELIC","is_daily":false,"chose_seed":false,"campfire_upgraded":2,"win_rate":0.0,"timestamp":1607731641,"path_taken":["M","$","M","M","M","E","R","M","T","?","?","?","E","M","R","BOSS","M","?","?","M","M","E","R","E","T","E","R","M","AVR","?","R","BOSS","M","M","?","M","?","E","M","M","T","E","M","R","E","?","R","BOSS","R","$","E","BOSS"],"items_purchased_type":["Card","Card"],"build_version":"2020-11-30","purchased_purges":0,"victory":true,"max_hp_per_floor":[70,70,70,70,70,70,70,70,70,70,70,70,70,70,70,70,70,70,70,70,70,70,70,70,70,70,46,46,46,46,46,46,46,46,46,46,46,46,46,46,46,46,46,46,46,46,46,46,46,46,46,46,46,46,46],"card_choices":[{"not_picked":["Slice","Prepared","Acrobatics"],"picked":"SKIP","floor":1},{"not_picked":["Hidden Blade","Cloak And Dagger"],"picked":"Masterful Stab","floor":3},{"not_picked":["Acrobatics","Underhanded Strike"],"picked":"Skewer","floor":4},{"not_picked":["Prepared","Quick Slash"],"picked":"Accuracy","floor":5},{"not_picked":["Dodge and Roll","PiercingWail"],"picked":"Wraith Form v2","floor":6},{"not_picked":["All Out Attack","Outmaneuver"],"picked":"Choke","floor":8},{"not_picked":["Underhanded Strike","Catalyst"],"picked":"Leg Sweep","floor":11},{"not_picked":["Reflex","Poisoned Stab","PiercingWail"],"picked":"SKIP","floor":13},{"not_picked":["Deflect","Deadly Poison"],"picked":"Distraction","floor":14},{"not_picked":["Adrenaline","Tools of the Trade"],"picked":"Malaise","floor":16},{"not_picked":["Toxin Wave","Endless Agony"],"picked":"PiercingWail+1","floor":18},{"not_picked":["Sucker Punch","Acrobatics+1"],"picked":"Dagger Spray","floor":19},{"not_picked":["hubris:SlightOfHand","Slice"],"picked":"Finisher","floor":19},{"not_picked":["Deadly Poison+1","Noxious Fumes+1"],"picked":"Blade Dance+1","floor":21},{"not_picked":["Poisoned Stab+1","Bane+1"],"picked":"Adrenaline","floor":22},{"not_picked":["Catalyst","Bane"],"picked":"After Image","floor":23},{"not_picked":["Dagger Throw","Prepared+1"],"picked":"Die Die Die","floor":25},{"not_picked":["Underhanded Strike","PiercingWail+1"],"picked":"Choke","floor":27},{"not_picked":["Distraction","Outmaneuver","hubris:SlightOfHand"],"picked":"SKIP","floor":29},{"not_picked":["Phantasmal Killer","Glass Knife"],"picked":"Adrenaline","floor":33},{"not_picked":["Deadly Poison","hubris:SlightOfHand","Outmaneuver"],"picked":"SKIP","floor":35},{"not_picked":["Hidden Blade","Well Laid Plans"],"picked":"Flying Knee+1","floor":36},{"not_picked":["Cloak And Dagger","Poisoned Stab"],"picked":"Dagger Spray","floor":38},{"not_picked":["Quick Slash","Tactician+1"],"picked":"Cloak And Dagger","floor":40},{"not_picked":["Leg Sweep","Dagger Throw"],"picked":"Unload","floor":41},{"not_picked":["Endless Agony","Skewer+1"],"picked":"hubris:Counter+1","floor":42},{"not_picked":["hubris:SlightOfHand","Prepared+1"],"picked":"Flying Knee+1","floor":44},{"not_picked":["hubris:SlightOfHand+1","Deflect+1","Tactician"],"picked":"SKIP","floor":45},{"not_picked":["Prepared","Deflect+1"],"picked":"Flying Knee+1","floor":47},{"not_picked":["Acrobatics","Dagger Spray+1"],"picked":"Backstab+1","floor":48},{"not_picked":["Catalyst","Outmaneuver"],"picked":"Flying Knee+1","floor":54}],"player_experience":960335,"relics_obtained":[{"floor":6,"key":"PreservedInsect"},{"floor":13,"key":"Dota2Spire:Vanguard"},{"floor":19,"key":"Dota2Spire:LotusOrb"},{"floor":23,"key":"infinitespire:Bottled Soul"},{"floor":25,"key":"infinitespire:Joker Card"},{"floor":26,"key":"Replay:WaspNest"},{"floor":27,"key":"HollowMod:QueensCombRelic"},{"floor":37,"key":"Ring of Hypnosis"},{"floor":40,"key":"Regal Pillow"},{"floor":43,"key":"Smiling Mask"},{"floor":44,"key":"Dota2Spire:Butterfly"},{"floor":47,"key":"Incense Burner"},{"floor":48,"key":"StoneCalendar"},{"floor":54,"key":"Dota2Spire:BladeMail"}],"event_choices":[{"damage_healed":0,"gold_gain":0,"player_choice":"Bought 0 Potions","damage_taken":0,"max_hp_gain":0,"max_hp_loss":0,"event_name":"The Woman in Blue","floor":10,"gold_loss":0},{"damage_healed":23,"gold_gain":0,"player_choice":"Banana","damage_taken":0,"max_hp_gain":0,"max_hp_loss":0,"event_name":"Big Fish","floor":12,"gold_loss":0},{"damage_healed":0,"gold_gain":99,"player_choice":"Steal","damage_taken":0,"max_hp_gain":0,"max_hp_loss":0,"event_name":"betterThird:BetterNest","floor":20,"gold_loss":0},{"damage_healed":0,"gold_gain":0,"player_choice":"Inject Mutagens","damage_taken":0,"relics_obtained":["MutagenicStrength"],"max_hp_gain":0,"max_hp_loss":0,"event_name":"Drug Dealer","floor":31,"gold_loss":0},{"damage_healed":0,"gold_gain":0,"player_choice":"Paid Gold","damage_taken":0,"relics_obtained":["infinitespire:Midas Blood"],"max_hp_gain":0,"max_hp_loss":0,"event_name":"WeMeetAgain","floor":39,"gold_loss":81},{"damage_healed":0,"gold_gain":0,"player_choice":"Fight","damage_taken":0,"max_hp_gain":0,"max_hp_loss":0,"event_name":"MindBloom","floor":48,"gold_loss":0}],"is_beta":false,"boss_relics":[{"not_picked":["SlaversCollar","ChewingGum"],"picked":"Ectoplasm"},{"not_picked":["hubris:Backtick","hubris:ScarierMask"],"picked":"conspire:SpecialSausage"}],"items_purged_floors":[],"is_endless":false,"potions_floor_spawned":[4,11,13,16,18,25,27,33,36,41,42,47,48,54],"ascension_level":0}}