{"host":"vufxz1jdl6xr1o6x","time":1607775363,"event":{"mods":["AchievementEnabler","Act Like it!","Aspiration","Bard","BaseMod","Beaked The Cultist","Better Altar","Better Match","Better Note","Better Sensory Stone","Better Skull","Better Third Choice","Better Vampires","BetterRewards","CCEM","CapriCore","Clawfect","Colored Map","Conspire","Downfall","GifTheSpireLib","Halation","Hallownest","Hermit","Highlight Path","Hubris","Infinite Spire","Jedi Mod","Jorbs\u0027s Wanderer Trilogy","Mad Scientist","Mimic Mod","Minty Spire (QoL Compilation)","Permanent Neow","Replay The Spire","Reworked Bosses","Shade Mod","Shop Mod","Spicy Shops","StSLib","Stuff the Spire","The Administrix","The Blackbeard","The Bug Knight","The Construct","The Cursed","The Disciple","The Gatherer","The Hierophant","The Immortal","The IronCluck","The Jungle","The Mystic","The Necromancer","The Problem Sleuth","The Runesmith","The Servant 0.9.4","The Spell Scribe","The Witch","Unceasing Turn Reminder","everything is the same but u backflip on backflip","slay the spire mod where everything is the same but ironclad has a cowboy hat"],"gold_per_floor":[109,109,109,119,136,167,167,182,217,231,231,231,44,60,60,178,178,195,195,220,220,237,274,199,221,221,255,281,381,413,439,439,561,561,600,600,600,227,250,250,279,279,348,418,12,44,90,90,90,234,234,305,365,435,518,589,589,38,85,116,116,116,187,187,287,287,470,470,619,619,766,766,920,913,913],"floor_reached":74,"playtime":6203,"items_purged":["mysticmod:Strike_Mystic","sneckomod:Bewildered","stsjorbsmod:Procrastination","mysticmod:Strike_Mystic","mysticmod:Momentum"],"score":1607,"play_id":"f5bff65b-5248-47be-8096-e474ac2d5b73","local_time":"20201212131603","is_ascension_mode":false,"campfire_choices":[{"data":"infinitespire:Punishment","floor":7.0,"key":"SMITH"},{"floor":11.0,"key":"REST"},{"floor":15.0,"key":"DIG"},{"floor":32.0,"key":"REST"},{"data":"ReplayTheSpireMod:Brewmster","floor":32.0,"key":"SMITH"},{"floor":40.0,"key":"REST"},{"data":"hubris:InfiniteBlow","floor":40.0,"key":"SMITH"},{"floor":42.0,"key":"REST"},{"data":"mysticmod:MysticalShield","floor":42.0,"key":"SMITH"},{"floor":49.0,"key":"REST"},{"data":"hubris:InfiniteBlow+1","floor":49.0,"key":"SMITH"},{"data":"hubris:InfiniteBlow+2","floor":57.0,"key":"SMITH"},{"data":"hubris:InfiniteBlow+3","floor":61.0,"key":"SMITH"},{"data":"hubris:InfiniteBlow+4","floor":66.0,"key":"SMITH"}],"circlet_count":0,"master_deck":["mysticmod:Strike_Mystic","mysticmod:Strike_Mystic","mysticmod:Defend_Mystic+1","mysticmod:Defend_Mystic+1","mysticmod:Defend_Mystic+1","mysticmod:Defend_Mystic+1","mysticmod:ArcaneDodge+1","mysticmod:ShockingGrasp","mysticmod:Snowball","infinitespire:Punishment+1","mysticmod:FiveFootStep","mysticmod:BulkUp+1","mysticmod:Haste+1","mysticmod:Probe","ReplayTheSpireMod:Brewmster+1","mysticmod:MysticalShield+1","mysticmod:ComboCaster+1","hubris:InfiniteBlow+10","mysticmod:CureLightWounds","mysticmod:FiveFootStep","mysticmod:Lunge","hubris:Greed","mysticmod:Sideswipe+1","hubris:Greed","mysticmod:CureLightWounds+1","mysticmod:Stoneskin","hubris:Greed","hubris:Greed","hubris:Greed","hubris:Greed","hubris:Greed","hubris:Greed","mysticmod:CureLightWounds","mysticmod:Spellstrike","hubris:Greed","hubris:Greed","hubris:Greed","hubris:Greed","hubris:Greed","hubris:Greed","hubris:Greed","hubris:Greed","hubris:Greed","hubris:Greed","hubris:Greed","hubris:Greed","hubris:Greed","mysticmod:GreaterInvisibility","hubris:Greed","hubris:Greed","hubris:Greed","hubris:Greed"],"relics":["halation:SimulatedSpire","halation:PinkSoulGem","halation:IllGainedPizza","jedi:crownofsimplicity","Runic Pyramid","StuffTheSpire:Barrel","Chameleon Ring","infinitespire:Magic Flask","Gremlin Food","CCEMRelics:GrindingGear","Replay:Ancient Bell","halation:KoshaPiece","infinitespire:Broken Mirror","Bird Faced Urn","halation:PapillonHeart","halation:Sosunser","hubris:SphereOfDissonance","infinitespire:WardingShard","conspire:Flyswatter","infinitespire:Beetle Shell","infinitespire:EvilPickle","infinitespire:Joker Card","Painkiller Herb","jedi:hotpepper","Onion Ring","hubris:BottledRain","CCEMRelics:Barrel","Black Star"],"acts_visited":["Exordium","TheCity","TheBeyond","Hallownest:Greenpath","Hallownest:CityofTears"],"potions_floor_usage":[],"damage_taken":[{"damage":2.0,"enemies":"2 Louse","floor":1.0,"turns":3.0},{"damage":1.0,"enemies":"Jaw Worm","floor":4.0,"turns":2.0},{"damage":0.0,"enemies":"Cultist","floor":5.0,"turns":2.0},{"damage":22.0,"enemies":"Replay:BlueRogue","floor":6.0,"turns":5.0},{"damage":0.0,"enemies":"2 Fungi Beasts","floor":8.0,"turns":2.0},{"damage":4.0,"enemies":"Exordium Wildlife","floor":9.0,"turns":6.0},{"damage":2.0,"enemies":"Exordium Wildlife","floor":10.0,"turns":3.0},{"damage":5.0,"enemies":"conspire:2 RoseBushes","floor":14.0,"turns":4.0},{"damage":10.0,"enemies":"Hexaghost","floor":16.0,"turns":9.0},{"damage":4.0,"enemies":"2 Thieves","floor":18.0,"turns":4.0},{"damage":10.0,"enemies":"Spheric Guardian","floor":20.0,"turns":6.0},{"damage":16.0,"enemies":"conspire:HollyBat","floor":22.0,"turns":8.0},{"damage":8.0,"enemies":"Gremlin Leader","floor":23.0,"turns":6.0},{"damage":1.0,"enemies":"Sentry and Sphere","floor":25.0,"turns":4.0},{"damage":16.0,"enemies":"Nightmare","floor":27.0,"turns":8.0},{"damage":0.0,"enemies":"Centurion and Healer","floor":28.0,"turns":6.0},{"damage":12.0,"enemies":"conspire:SneckoGhost","floor":30.0,"turns":9.0},{"damage":10.0,"enemies":"Cultist and Chosen","floor":31.0,"turns":7.0},{"damage":26.0,"enemies":"Pondfish","floor":33.0,"turns":11.0},{"damage":58.0,"enemies":"3 Darklings","floor":35.0,"turns":7.0},{"damage":20.0,"enemies":"Orb Walker","floor":39.0,"turns":4.0},{"damage":14.0,"enemies":"3 Darklings","floor":41.0,"turns":6.0},{"damage":13.0,"enemies":"Jaw Worm Horde","floor":46.0,"turns":6.0},{"damage":22.0,"enemies":"Giant Head","floor":47.0,"turns":9.0},{"damage":22.0,"enemies":"bossMod:newShapes","floor":50.0,"turns":10.0},{"damage":14.0,"enemies":"Hallownest:2_Tiktiks_and_1_Crawlid","floor":52.0,"turns":2.0},{"damage":0.0,"enemies":"Hallownest:2_MossCreeps","floor":53.0,"turns":5.0},{"damage":0.0,"enemies":"Hallownest:monsterHuskWarrior","floor":54.0,"turns":1.0},{"damage":0.0,"enemies":"Hallownest:monsterFoolEater","floor":55.0,"turns":1.0},{"damage":30.0,"enemies":"Hallownest:2_Tiktiks_1_Baldur_1_Crawlid","floor":56.0,"turns":6.0},{"damage":17.0,"enemies":"Hallownest:eliteMossKnight","floor":59.0,"turns":6.0},{"damage":18.0,"enemies":"Hallownest:1_Baldur_1_Crawlid_1_Warrior","floor":60.0,"turns":11.0},{"damage":31.0,"enemies":"Hallownest:1_Baldur_1_Crawlid_1_Warrior","floor":63.0,"turns":4.0},{"damage":0.0,"enemies":"Hallownest:monsterAspidMother","floor":64.0,"turns":3.0},{"damage":0.0,"enemies":"Hallownest:monsterMossCharger","floor":65.0,"turns":1.0},{"damage":109.0,"enemies":"Hallownest:BossHornet","floor":67.0,"turns":10.0},{"damage":7.0,"enemies":"Hallownest:2_Mistakes","floor":69.0,"turns":5.0},{"damage":46.0,"enemies":"Hallownest:Flukemon_and_Top","floor":71.0,"turns":6.0},{"damage":2.0,"enemies":"Hallownest:Master_and_Novice","floor":73.0,"turns":6.0}],"seed_played":"-7129782619590121643","potions_obtained":[{"floor":4.0,"key":"PowerPotion"},{"floor":5.0,"key":"Flashbang"},{"floor":6.0,"key":"conspire:TimeTravelPotion"},{"floor":22.0,"key":"ColorlessPotion"},{"floor":23.0,"key":"jedi:wingpotion"},{"floor":30.0,"key":"Toxic Potion"},{"floor":47.0,"key":"Strength Potion"},{"floor":52.0,"key":"LifebloodPotion"},{"floor":63.0,"key":"FairyPotion"},{"floor":67.0,"key":"LifebloodPotion"},{"floor":71.0,"key":"LiquidMemories"}],"is_trial":false,"path_per_floor":["M","?","?","M","M","E","R","M","MIM","M","R","?","$","M","R_BF","B",null,"M","?","M","AVR","M","E","$","M","T","NM","M","?","E","M","R","B",null,"M","?","?","$","M","R","M","R","T","T","$","M","E","AVR","T","B",null,"?","?","?","?","?","T","T","E","MIM","T","T","?","?","?","T","B",null,"?","?","?","AVR","?","E"],"character_chosen":"MYSTIC_CLASS","items_purchased":["ReplayTheSpireMod:Brewmster","halation:Sosunser","conspire:Flyswatter","Onion Ring","hubris:BottledRain"],"campfire_rested":5,"item_purchase_floors":[13,38,45,58,58],"current_hp_per_floor":[75,57,57,56,56,34,34,34,30,28,51,51,51,46,46,36,77,73,73,73,73,57,49,49,48,48,35,38,38,29,22,45,22,77,24,24,17,17,5,26,23,44,44,44,44,52,59,59,73,73,54,43,54,54,54,54,54,54,45,54,54,54,25,28,28,28,11,54,47,47,19,19,54,54,54],"gold":913,"neow_bonus":"SIMULATED_SPIRE","is_daily":false,"chose_seed":false,"campfire_upgraded":8,"win_rate":0.0,"timestamp":1607775363,"path_taken":["M","?","?","?","?","E","R","M","MIM","M","R","?","$","M","R_BF","BOSS","M","?","M","AVR","?","E","$","M","T","NM","M","?","E","?","R","BOSS","M","?","?","$","?","R","M","R","T","?","$","M","E","AVR","T","BOSS","?","?","?","?","?","T","T","E","MIM","T","?","?","?","?","T","BOSS","?","?","?","AVR","?","E"],"items_purchased_type":["Card","Relic","Relic","Relic","Relic"],"build_version":"2020-11-30","purchased_purges":5,"victory":false,"max_hp_per_floor":[77,77,77,77,77,77,77,77,77,77,77,77,77,77,77,77,77,77,77,77,77,77,77,77,77,77,77,77,77,77,77,77,77,77,77,73,73,73,73,73,73,73,73,73,73,73,73,73,73,73,54,54,54,54,54,54,54,54,54,54,54,54,54,54,54,54,54,54,54,54,54,54,54,54,54],"card_choices":[{"not_picked":["mysticmod:SuddenClarity","mysticmod:KeenEdge"],"picked":"mysticmod:Snowball","floor":1.0},{"not_picked":["infinitespire:Execution","hubris:Rewind"],"picked":"infinitespire:Punishment","floor":2.0},{"not_picked":["mysticmod:IllusionOfCalm","mysticmod:Stoneskin"],"picked":"mysticmod:FiveFootStep","floor":4.0},{"not_picked":["mysticmod:Sideswipe","mysticmod:AllIn"],"picked":"mysticmod:BulkUp","floor":5.0},{"not_picked":["mysticmod:EbbAndFlow","mysticmod:PureInstinct"],"picked":"mysticmod:Momentum","floor":6.0},{"not_picked":["mysticmod:PureInstinct","mysticmod:Riposte","mysticmod:BulkUp"],"picked":"SKIP","floor":8.0},{"not_picked":["mysticmod:Riposte","mysticmod:Shield","mysticmod:Disengage"],"picked":"SKIP","floor":8.0},{"not_picked":["mysticmod:PureInstinct","mysticmod:PowerSlash"],"picked":"mysticmod:Haste","floor":9.0},{"not_picked":["mysticmod:PowerAttack","mysticmod:IllusionOfCalm"],"picked":"mysticmod:Probe","floor":10.0},{"not_picked":["mysticmod:Riposte","mysticmod:IllusionOfCalm","mysticmod:SuddenClarity"],"picked":"SKIP","floor":14.0},{"not_picked":["mysticmod:Flourish","mysticmod:TomeOfSpells","mysticmod:EarthenWall"],"picked":"SKIP","floor":14.0},{"not_picked":["mysticmod:MirrorEntity","mysticmod:Momentum"],"picked":"mysticmod:MysticalShield","floor":16.0},{"not_picked":["mysticmod:ComponentsPouch","mysticmod:Riposte+1","mysticmod:BladeMaster"],"picked":"SKIP","floor":18.0},{"not_picked":["mysticmod:Riposte","mysticmod:Daze","mysticmod:ArcaneAccuracy"],"picked":"SKIP","floor":18.0},{"not_picked":["mysticmod:DiviningBlow+1","mysticmod:GreaterInvisibility"],"picked":"mysticmod:ComboCaster+1","floor":20.0},{"not_picked":["mysticmod:Sideswipe+1","mysticmod:MirrorStrike","mysticmod:EnergizedRift"],"picked":"SKIP","floor":20.0},{"not_picked":["mysticmod:PureInstinct","mysticmod:MagicWeapon","mysticmod:Disengage"],"picked":"SKIP","floor":22.0},{"not_picked":["mysticmod:Snowball","mysticmod:Feint","mysticmod:ChargedParry+1"],"picked":"SKIP","floor":22.0},{"not_picked":["mysticmod:TomeOfSpells","mysticmod:Dedication"],"picked":"mysticmod:CureLightWounds","floor":23.0},{"not_picked":["mysticmod:CorrosiveTouch+1","mysticmod:PunishingArmor","mysticmod:Doublecast"],"picked":"SKIP","floor":23.0},{"not_picked":["mysticmod:CorrosiveTouch+1","mysticmod:PunishingArmor","mysticmod:Doublecast"],"picked":"SKIP","floor":23.0},{"not_picked":["mysticmod:CorrosiveTouch+1","mysticmod:PunishingArmor","mysticmod:Doublecast"],"picked":"SKIP","floor":23.0},{"not_picked":["mysticmod:ComponentsPouch","mysticmod:LightningBolt","mysticmod:Daze"],"picked":"SKIP","floor":25.0},{"not_picked":["mysticmod:MagicMissile","mysticmod:HeavyStrike","mysticmod:PowerSlash"],"picked":"SKIP","floor":25.0},{"not_picked":["mysticmod:CorrosiveTouch","mysticmod:AllIn"],"picked":"mysticmod:FiveFootStep","floor":27.0},{"not_picked":["mysticmod:PureInstinct","mysticmod:SuddenClarity","mysticmod:Alacrity+1"],"picked":"SKIP","floor":27.0},{"not_picked":["mysticmod:Disengage+1","mysticmod:SpellRecall","mysticmod:Sideswipe"],"picked":"SKIP","floor":28.0},{"not_picked":["mysticmod:EbbAndFlow+1","mysticmod:ComponentsPouch","mysticmod:SpellCombat"],"picked":"SKIP","floor":28.0},{"not_picked":["mysticmod:PureInstinct+1","mysticmod:Fireball","mysticmod:ChargedParry"],"picked":"SKIP","floor":30.0},{"not_picked":["mysticmod:SpellCombat","mysticmod:Disintegrate","mysticmod:LightningBolt"],"picked":"SKIP","floor":30.0},{"not_picked":["mysticmod:ComponentsPouch","mysticmod:FiveFootStep+1","mysticmod:RapidCaster"],"picked":"SKIP","floor":31.0},{"not_picked":["mysticmod:SuddenClarity","mysticmod:Shield","mysticmod:CorrosiveTouch"],"picked":"SKIP","floor":31.0},{"not_picked":["mysticmod:EnchantedMoulinet","mysticmod:Disintegrate"],"picked":"mysticmod:Lunge","floor":33.0},{"not_picked":["hubris:Disease","Normality"],"picked":"sneckomod:Bewildered","floor":34.0},{"not_picked":["Looming Evil","hubris:Despair"],"picked":"hubris:Greed","floor":34.0},{"not_picked":["Replay:Hysterical Blindness","sneckomod:Bewildered"],"picked":"stsjorbsmod:Procrastination","floor":34.0},{"not_picked":["mysticmod:TomeOfSpells+1","mysticmod:Probe"],"picked":"mysticmod:Sideswipe+1","floor":35.0},{"not_picked":["mysticmod:LightningBolt","mysticmod:Grapple","mysticmod:ChargedParry"],"picked":"SKIP","floor":35.0},{"not_picked":["mysticmod:MirrorStrike","mysticmod:KeenEdge+1","mysticmod:PureInstinct+1"],"picked":"SKIP","floor":39.0},{"not_picked":["mysticmod:Probe","mysticmod:ArcaneAccuracy+1","mysticmod:Snowball+1"],"picked":"SKIP","floor":39.0},{"not_picked":["mysticmod:MysticalShield","mysticmod:Daze","mysticmod:Riposte"],"picked":"SKIP","floor":41.0},{"not_picked":["mysticmod:ArcaneAccuracy+1","mysticmod:Riposte","mysticmod:LightningBolt+1"],"picked":"SKIP","floor":41.0},{"not_picked":["mysticmod:CorrosiveTouch+1","mysticmod:Snowball+1"],"picked":"mysticmod:CureLightWounds+1","floor":46.0},{"not_picked":["mysticmod:SuddenClarity+1","mysticmod:PowerSlash+1","mysticmod:PureInstinct+1"],"picked":"SKIP","floor":46.0},{"not_picked":["mysticmod:Momentum","mysticmod:VorpalThrust+1"],"picked":"mysticmod:Stoneskin","floor":47.0},{"not_picked":["mysticmod:Daze+1","mysticmod:MagicMissile+1","mysticmod:Fireball+1"],"picked":"SKIP","floor":47.0},{"not_picked":["mysticmod:Daze+1","mysticmod:MagicMissile+1","mysticmod:Fireball+1"],"picked":"SKIP","floor":47.0},{"not_picked":["mysticmod:PureInstinct","mysticmod:PowerAttack","mysticmod:PowerSlash"],"picked":"SKIP","floor":52.0},{"not_picked":["mysticmod:Stoneskin","mysticmod:PunishingArmor","mysticmod:StyleChange"],"picked":"SKIP","floor":52.0},{"not_picked":["mysticmod:FiveFootStep","mysticmod:IllusionOfCalm"],"picked":"mysticmod:CureLightWounds","floor":53.0},{"not_picked":["mysticmod:PreparedCaster","mysticmod:TomeOfSpells","mysticmod:HunkerDown"],"picked":"SKIP","floor":53.0},{"not_picked":["mysticmod:Sideswipe","mysticmod:Disintegrate","mysticmod:MagicMissile"],"picked":"SKIP","floor":54.0},{"not_picked":["mysticmod:Daze","mysticmod:DiviningBlow","mysticmod:MagicWeapon"],"picked":"SKIP","floor":54.0},{"not_picked":["mysticmod:DiviningBlow","mysticmod:Stoneskin","mysticmod:HunkerDown"],"picked":"SKIP","floor":55.0},{"not_picked":["mysticmod:ComboCaster","mysticmod:Daze","mysticmod:Shield"],"picked":"SKIP","floor":55.0},{"not_picked":["mysticmod:TomeOfSpells","mysticmod:DiviningBlow"],"picked":"mysticmod:Spellstrike","floor":56.0},{"not_picked":["mysticmod:ComboCaster","mysticmod:HeavyStrike","mysticmod:SuddenClarity"],"picked":"SKIP","floor":56.0},{"not_picked":["mysticmod:DiviningBlow","mysticmod:LightningBolt","mysticmod:ComponentsPouch"],"picked":"SKIP","floor":59.0},{"not_picked":["mysticmod:EarthenWall","mysticmod:Momentum","mysticmod:BulkUp"],"picked":"SKIP","floor":59.0},{"not_picked":["mysticmod:Daze","mysticmod:PunishingArmor","mysticmod:CorrosiveTouch"],"picked":"SKIP","floor":63.0},{"not_picked":["mysticmod:Sideswipe","mysticmod:ChargedParry","mysticmod:PureInstinct"],"picked":"SKIP","floor":63.0},{"not_picked":["mysticmod:MirrorStrike","mysticmod:Daze","mysticmod:Probe"],"picked":"SKIP","floor":64.0},{"not_picked":["mysticmod:PureInstinct","mysticmod:SuddenClarity","mysticmod:GreaterInvisibility"],"picked":"SKIP","floor":64.0},{"not_picked":["mysticmod:PowerSlash","mysticmod:TomeOfSpells","mysticmod:BladeMaster"],"picked":"SKIP","floor":65.0},{"not_picked":["mysticmod:Riposte","mysticmod:BulkUp","mysticmod:PureInstinct"],"picked":"SKIP","floor":65.0},{"not_picked":["mysticmod:ObscuringMist","mysticmod:Doublecast"],"picked":"mysticmod:GreaterInvisibility","floor":67.0},{"not_picked":["mysticmod:Shield+1","mysticmod:LightningBolt","mysticmod:TomeOfSpells"],"picked":"SKIP","floor":69.0},{"not_picked":["mysticmod:ComponentsPouch","mysticmod:DiviningBlow","mysticmod:EbbAndFlow"],"picked":"SKIP","floor":69.0},{"not_picked":["mysticmod:BulkUp","mysticmod:Disengage","mysticmod:ComboCaster"],"picked":"SKIP","floor":71.0},{"not_picked":["mysticmod:MagicWeapon","mysticmod:PowerSlash+1","mysticmod:Haste"],"picked":"SKIP","floor":71.0},{"not_picked":["mysticmod:ComponentsPouch+1","mysticmod:BulkUp","mysticmod:Alacrity"],"picked":"SKIP","floor":73.0},{"not_picked":["mysticmod:ComponentsPouch+1","mysticmod:CureLightWounds+1","mysticmod:MagicMissile"],"picked":"SKIP","floor":73.0}],"player_experience":86219,"relics_obtained":[{"floor":6.0,"key":"Replay:Mystery Machine"},{"floor":9.0,"key":"halation:IllGainedPizza"},{"floor":15.0,"key":"jedi:crownofsimplicity"},{"floor":23.0,"key":"Chameleon Ring"},{"floor":26.0,"key":"infinitespire:Magic Flask"},{"floor":27.0,"key":"Gremlin Food"},{"floor":30.0,"key":"CCEMRelics:GrindingGear"},{"floor":43.0,"key":"hubris:SphereOfDissonance"},{"floor":44.0,"key":"infinitespire:WardingShard"},{"floor":47.0,"key":"infinitespire:Beetle Shell"},{"floor":59.0,"key":"CCEMRelics:Barrel"}],"event_choices":[{"cards_removed":["infinitespire:Punishment"],"damage_healed":0.0,"max_hp_gain":0.0,"max_hp_loss":0.0,"gold_gain":0.0,"event_name":"betterNote:BetterNote","player_choice":"Give","floor":19.0,"gold_loss":0.0,"damage_taken":0.0,"cards_obtained":["TheCursedMod:CircleOfAbyss"]},{"damage_healed":0.0,"max_hp_gain":0.0,"max_hp_loss":0.0,"gold_gain":100.0,"event_name":"Golden Shrine","player_choice":"Pray","floor":29.0,"gold_loss":0.0,"damage_taken":0.0},{"damage_healed":0.0,"max_hp_gain":0.0,"max_hp_loss":0.0,"gold_gain":0.0,"event_name":"Wheel of Change","player_choice":"Damaged","floor":37.0,"gold_loss":0.0,"damage_taken":7.0}],"is_beta":false,"boss_relics":[{"not_picked":["Calling Bell","halation:HeavySnake"],"picked":"Runic Pyramid"},{"not_picked":["SlaversCollar","conspire:SeveredTorchhead"],"picked":"Replay:Ancient Bell"},{"not_picked":["Orichalcum","Anchor"],"picked":"halation:KoshaPiece"},{"not_picked":["aspiration:FrozenJewel","halation:TwoAmDonut"],"picked":"infinitespire:Broken Mirror"},{"not_picked":["StoneCalendar","conspire:GlowingRock"],"picked":"Bird Faced Urn"},{"not_picked":["halation:Risk","StuffTheSpire:Kangaroo"],"picked":"jedi:hotpepper"},{"not_picked":["halation:CatFaceCupcake","conspire:SpecialSausage"],"picked":"Black Star"}],"items_purged_floors":[24,38,38,45,58],"is_endless":true,"potions_floor_spawned":[4,5,6,22,23,28,30,33,35,47,50,52,56,59,63,67,71],"killed_by":"Hallownest:Nosk","ascension_level":0}}