{"host":"d0379l13u4uktr5h","time":1607760183,"event":{"mods":["Act Like it!","BaseMod","Colored Map","Colored Powertips","Conspire","Downfall","Gensokyo","Marisa（F雨　魔理沙）","Minty Spire (QoL Compilation)","Pale of the Ancients","Prisma Mod","Quick Restart","Replay The Spire","RumiaBox-露米娅的神秘盒子","Shop Mod","Spicy Shops","StSLib","Waifu the Spire","noobMod"],"gold_per_floor":[110,110,128,128,142,170,188,214,292,292,309,341,341,370,370,465,465,482,462,476,493,511,538,538,573,573,573,573,45,72,22,22,127,127,145,160,213,230,248,278,278,23,23,67,95,122,122,175,175,175,175,175,24,59,59],"floor_reached":56,"playtime":2902,"items_purged":["Strike_MRS","GalacticHalo"],"score":1967,"play_id":"a2de40ff-8b83-4704-93fe-6435719d3e87","local_time":"20201212160303","is_ascension_mode":true,"campfire_choices":[{"floor":10,"key":"RECALL"},{"data":"UnstableBomb","floor":15,"key":"SMITH"},{"floor":24,"key":"DIG"},{"data":"MysteriousBeam","floor":27,"key":"SMITH"},{"data":"LuminesStrike","floor":32,"key":"SMITH"},{"data":"ManaRampage","floor":47,"key":"SMITH"},{"floor":49,"key":"DIG"}],"circlet_count":0,"master_deck":["MasterSpark","UpSweep","MysteriousBeam+1","Acceleration","LuminesStrike+1","UnstableBomb+1","SuperPerseids","NonDirectionalLaser","6A","JA","JA","MysteriousBeam","PowerUp+1","GrandCross+1","DoubleSpark","MysteriousBeam+1","WitchLeyline","ManaRampage+1","OpenUniverse","UnstableBomb","DeepEcoloBomb","WitchOfGreed","GasGiant","Acceleration+1","LuminesStrike","EventHorizon+1","UnstableBomb+1"],"relics":["MiniHakkero","ice","Blood Vial","Replay:Multitool","conspire:TopHat","Replay:Baseball","Oddly Smooth Stone","Coffee Dripper","Replay:Kaleidoscope","Kunai","ChaoDraw","Quantum Egg","Lee\u0027s Waffle","Ice Cream","Iron Hammer","Replay:Grab Bag","SlaversCollar","Busted Crown","Pandora\u0027s Box","Ring of Chaos","Bag of Marbles","Bird Faced Urn","Frozen Egg 2","Pocketwatch","Anchor","ReplayTheSpireMod:Lightbulb","Turnip","Pen Nib","conspire:Dentures"],"acts_visited":["Exordium","TheCity","TheBeyond","TheEnding"],"potions_floor_usage":[6,6,11,16,16,20,20,33,33,39,44,44,44,45,55,55,55],"damage_taken":[{"damage":0,"enemies":"Cultist","floor":1,"turns":3},{"damage":2,"enemies":"Jaw Worm","floor":3,"turns":3},{"damage":6,"enemies":"2 Louse","floor":5,"turns":2},{"damage":22,"enemies":"Lagavulin","floor":6,"turns":3},{"damage":5,"enemies":"Blue Slaver","floor":7,"turns":2},{"damage":40,"enemies":"3 Sentries","floor":8,"turns":5},{"damage":0,"enemies":"Gremlin Gang","floor":11,"turns":3},{"damage":0,"enemies":"Gremlin Nob","floor":12,"turns":2},{"damage":35,"enemies":"Replay:BlueRogue","floor":14,"turns":4},{"damage":12,"enemies":"Hexaghost","floor":16,"turns":6},{"damage":2,"enemies":"conspire:FuzzyDice","floor":18,"turns":3},{"damage":9,"enemies":"3 Byrds","floor":20,"turns":3},{"damage":4,"enemies":"Snecko","floor":21,"turns":3},{"damage":17,"enemies":"Centurion and Healer","floor":22,"turns":3},{"damage":19,"enemies":"Gremlin Leader","floor":23,"turns":4},{"damage":26,"enemies":"conspire:Head Lice","floor":25,"turns":3},{"damage":20,"enemies":"Gremlin Leader","floor":30,"turns":2},{"damage":40,"enemies":"Champ","floor":33,"turns":5},{"damage":12,"enemies":"3 Shapes","floor":35,"turns":2},{"damage":0,"enemies":"Orb Walker","floor":36,"turns":2},{"damage":35,"enemies":"Sphere and 2 Shapes","floor":38,"turns":3},{"damage":3,"enemies":"Maw","floor":39,"turns":5},{"damage":14,"enemies":"R_Hoarder","floor":40,"turns":3},{"damage":0,"enemies":"conspire:MimicChest","floor":44,"turns":4},{"damage":86,"enemies":"Transient","floor":45,"turns":7},{"damage":0,"enemies":"Nemesis","floor":46,"turns":1},{"damage":0,"enemies":"R_Hoarder","floor":48,"turns":2},{"damage":25,"enemies":"Time Eater","floor":50,"turns":4},{"damage":0,"enemies":"Shield and Spear","floor":54,"turns":2},{"damage":8,"enemies":"The Heart","floor":55,"turns":3}],"seed_played":"-2057980288188413434","potions_obtained":[{"floor":3,"key":"AttackPotion"},{"floor":5,"key":"Adrenaline Potion"},{"floor":8,"key":"conspire:TimeTravelPotion"},{"floor":12,"key":"Guardian:BlockOnCardUsePotion"},{"floor":14,"key":"Swift Potion"},{"floor":16,"key":"Ancient Potion"},{"floor":18,"key":"FairyPotion"},{"floor":19,"key":"ShroomBrew"},{"floor":22,"key":"Swift Potion"},{"floor":33,"key":"Guardian:BlockOnCardUsePotion"},{"floor":37,"key":"ShroomBrew"},{"floor":37,"key":"Dexterity Potion"},{"floor":38,"key":"Fire Potion"},{"floor":39,"key":"Block Potion"},{"floor":44,"key":"Toxic Potion"},{"floor":45,"key":"Explosive Potion"},{"floor":46,"key":"Guardian:BlockOnCardUsePotion"},{"floor":48,"key":"Energy Potion"},{"floor":48,"key":"Weak Potion"}],"is_trial":false,"path_per_floor":["M","?","M","?","M","E","M","E","T","R","M","E","?","E","R","B",null,"M","?","M","M","M","E","R","E","T","R","?","$","E","$","R","B",null,"M","M","?","M","M","E","?","$","T","?","M","E","R","E","R","B",null,"R","$","E","B",null],"character_chosen":"MARISA","items_purchased":["Lee\u0027s Waffle","Ice Cream","Explosive Potion","Bird Faced Urn","Pen Nib"],"campfire_rested":0,"item_purchase_floors":[29,29,31,42,53],"current_hp_per_floor":[75,75,73,73,67,45,42,4,4,4,82,82,70,37,37,27,78,78,78,71,69,54,37,37,13,13,13,13,125,105,105,105,67,115,105,107,54,21,20,8,8,8,8,14,69,73,73,81,81,62,135,159,159,159,153],"gold":59,"neow_bonus":"TEN_PERCENT_HP_BONUS","is_daily":false,"chose_seed":false,"campfire_upgraded":4,"win_rate":0.0,"timestamp":1607760183,"path_taken":["M","?","M","?","?","E","M","E","T","R","M","E","?","E","R","BOSS","M","?","M","?","M","E","R","E","T","R","?","?","E","$","R","BOSS","M","M","?","M","?","E","?","$","T","?","M","E","R","E","R","BOSS","R","$","E","BOSS"],"items_purchased_type":["Relic","Relic","Potion","Relic","Relic"],"build_version":"2020-11-30","purchased_purges":2,"victory":true,"max_hp_per_floor":[82,82,82,82,82,82,82,82,82,82,82,82,82,85,85,95,95,95,95,107,108,110,115,115,118,118,118,118,125,128,128,128,131,131,133,134,134,143,145,147,147,147,147,151,156,156,156,156,156,159,159,159,159,159,189],"card_choices":[{"not_picked":["WitchOfGreed","EnergyFlow","FairyDestructionRay"],"picked":"SKIP","floor":1},{"not_picked":["WitchLeyline","GalacticHalo"],"picked":"MysteriousBeam","floor":3},{"not_picked":["ChargeUpSpray","DC"],"picked":"Acceleration","floor":5},{"not_picked":["AsteroidBelt","MachineGunSpark"],"picked":"LuminesStrike","floor":6},{"not_picked":["OortCloud","MilkyWay"],"picked":"UnstableBomb","floor":7},{"not_picked":["SatelliteIllusion","DarkMatter"],"picked":"SuperPerseids","floor":8},{"not_picked":["IllusionStar","MachineGunSpark"],"picked":"NonDirectionalLaser","floor":11},{"not_picked":["ShootTheMoon","AsteroidBelt"],"picked":"6A","floor":12},{"not_picked":["AsteroidBelt","NonDirectionalLaser"],"picked":"JA","floor":14},{"not_picked":["StarDustReverie","CasketOfStar"],"picked":"JA","floor":16},{"not_picked":["OneTimeOff","GrandCross"],"picked":"MysteriousBeam","floor":18},{"not_picked":["Occultation","OortCloud"],"picked":"PowerUp","floor":20},{"not_picked":["DC","WitchLeyline"],"picked":"GrandCross+1","floor":21},{"not_picked":["ChargingUp","IllusionStar+1"],"picked":"DoubleSpark","floor":22},{"not_picked":["ShootingEcho","MillisecondPulsars","MilkyWay"],"picked":"SKIP","floor":23},{"not_picked":["DragonMeteor","GalacticHalo","IllusionStar"],"picked":"SKIP","floor":25},{"not_picked":["DC+1","GalacticHalo+1"],"picked":"WitchLeyline","floor":30},{"not_picked":["SatelliteIllusion","CollectingQuirk"],"picked":"ManaRampage","floor":33},{"not_picked":[],"picked":"Acceleration+1","floor":35},{"not_picked":["ManaConvection"],"picked":"SKIP","floor":36},{"not_picked":[],"picked":"LuminesStrike","floor":37},{"not_picked":["GasGiant"],"picked":"SKIP","floor":38},{"not_picked":["AsteroidBelt"],"picked":"SKIP","floor":39},{"not_picked":[],"picked":"EventHorizon+1","floor":40},{"not_picked":["ChargeUpSpray+1"],"picked":"SKIP","floor":45},{"not_picked":[],"picked":"UnstableBomb+1","floor":46},{"not_picked":["DoubleSpark+1"],"picked":"SKIP","floor":48},{"not_picked":["OneTimeOff"],"picked":"SKIP","floor":54}],"player_experience":49575,"relics_obtained":[{"floor":6,"key":"Blood Vial"},{"floor":8,"key":"Replay:Multitool"},{"floor":12,"key":"conspire:TopHat"},{"floor":14,"key":"Oddly Smooth Stone"},{"floor":23,"key":"Replay:Kaleidoscope"},{"floor":24,"key":"Kunai"},{"floor":25,"key":"ChaoDraw"},{"floor":26,"key":"Quantum Egg"},{"floor":30,"key":"Iron Hammer"},{"floor":40,"key":"Bag of Marbles"},{"floor":43,"key":"Frozen Egg 2"},{"floor":44,"key":"Pocketwatch"},{"floor":46,"key":"Anchor"},{"floor":48,"key":"ReplayTheSpireMod:Lightbulb"},{"floor":49,"key":"Turnip"},{"floor":54,"key":"conspire:Dentures"}],"event_choices":[{"damage_healed":0,"gold_gain":0,"player_choice":"Ignored","damage_taken":0,"max_hp_gain":0,"max_hp_loss":0,"event_name":"Liars Game","floor":2,"gold_loss":0},{"cards_removed":["Defend_MRS"],"damage_healed":0,"gold_gain":0,"player_choice":"Offered Basic","damage_taken":0,"max_hp_gain":0,"max_hp_loss":0,"event_name":"Bonfire Elementals","floor":4,"gold_loss":0},{"damage_healed":0,"gold_gain":0,"player_choice":"Success","damage_taken":12,"relics_obtained":["Replay:Baseball"],"max_hp_gain":0,"max_hp_loss":0,"event_name":"Scrap Ooze","floor":13,"gold_loss":0},{"damage_healed":0,"gold_gain":0,"player_choice":"Bought 1 Potion","damage_taken":0,"max_hp_gain":0,"max_hp_loss":0,"event_name":"The Woman in Blue","floor":19,"gold_loss":0},{"damage_healed":0,"gold_gain":0,"player_choice":"Copied","damage_taken":0,"max_hp_gain":0,"max_hp_loss":0,"event_name":"Duplicator","floor":28,"gold_loss":0,"cards_obtained":["MysteriousBeam"]},{"damage_healed":0,"gold_gain":0,"player_choice":"Memory 1","damage_taken":0,"max_hp_gain":0,"max_hp_loss":0,"event_name":"SensoryStone","floor":41,"gold_loss":0}],"is_beta":false,"boss_relics":[{"not_picked":["Abe\u0027s Treasure","conspire:SlowCooker"],"picked":"Coffee Dripper"},{"not_picked":["ReplayTheSpireMod:DimensionalGlitch","SoulBox"],"picked":"Replay:Grab Bag"},{"not_picked":["Cursed Key","Philosopher\u0027s Stone"],"picked":"SlaversCollar"},{"not_picked":["ChewingGum","Sozu"],"picked":"Busted Crown"},{"not_picked":["SacredBark","Tiny House"],"picked":"Pandora\u0027s Box"},{"not_picked":["Kintsugi","Runic Pyramid"],"picked":"Ring of Chaos"}],"items_purged_floors":[29,42],"is_endless":false,"potions_floor_spawned":[3,5,8,12,14,16,18,22,33,38,39,40,46,48,54],"ascension_level":9}}