{"host":"styl5xb5ufv3jls2","time":1607732363,"event":{"mods":["AchievementEnabler","BaseMod","Colored Map","Colored Powertips","DeckTracker","Highlight Path","Minty Spire (QoL Compilation)","Relic Sorter","Relic Stats","StSLib","Synergy Search"],"gold_per_floor":[112,60,25,36,47,47,81,81,105,120,120,120,146,146,146,249,249,249,249],"floor_reached":18,"playtime":1375,"items_purged":[],"score":170,"play_id":"5da4da83-9e04-46f5-bc59-d42dbc61c00a","local_time":"20201211171923","is_ascension_mode":false,"campfire_choices":[{"floor":6.0,"key":"RECALL"},{"data":"Eruption","floor":8.0,"key":"SMITH"},{"data":"Vigilance","floor":11.0,"key":"SMITH"},{"floor":15.0,"key":"REST"}],"circlet_count":0,"master_deck":["Strike_P","Strike_P+1","Strike_P","Strike_P","Defend_P","Defend_P","Defend_P","Defend_P","Eruption+1","Vigilance+1","Indignation","SashWhip","EmptyBody","SashWhip","FollowUp","Protect","LessonLearned","Judgement"],"relics":["PureWater","Pen Nib","Mummified Hand","Sozu"],"acts_visited":["Exordium","TheCity"],"potions_floor_usage":[],"damage_taken":[{"damage":14.0,"enemies":"2 Louse","floor":1.0,"turns":3.0},{"damage":2.0,"enemies":"Small Slimes","floor":4.0,"turns":4.0},{"damage":0.0,"enemies":"Jaw Worm","floor":5.0,"turns":3.0},{"damage":9.0,"enemies":"Gremlin Nob","floor":7.0,"turns":3.0},{"damage":3.0,"enemies":"Looter","floor":10.0,"turns":3.0},{"damage":37.0,"enemies":"Lagavulin","floor":13.0,"turns":7.0},{"damage":14.0,"enemies":"Exordium Thugs","floor":14.0,"turns":7.0},{"damage":41.0,"enemies":"Hexaghost","floor":16.0,"turns":12.0},{"damage":3,"enemies":"Chosen","floor":18,"turns":4}],"seed_played":"-5004019467644156665","potions_obtained":[{"floor":7.0,"key":"Ancient Potion"},{"floor":10.0,"key":"BlessingOfTheForge"},{"floor":13.0,"key":"Swift Potion"}],"is_trial":false,"path_per_floor":["M","$","?","M","M","R","E","R","T","M","R","?","E","M","R","B",null,"M"],"character_chosen":"WATCHER","items_purchased":["SashWhip"],"campfire_rested":1,"item_purchase_floors":[2],"current_hp_per_floor":[65,65,79,77,77,77,68,68,68,65,65,70,33,19,44,3,84,81,81],"gold":249,"neow_bonus":"TEN_PERCENT_HP_BONUS","is_daily":false,"chose_seed":false,"campfire_upgraded":2,"win_rate":0.0,"timestamp":1607732363,"path_taken":["M","$","?","M","M","R","E","R","T","M","R","?","E","M","R","BOSS","M"],"items_purchased_type":["Card"],"build_version":"2020-11-30","purchased_purges":0,"victory":false,"max_hp_per_floor":[79,79,79,79,79,79,79,79,79,79,79,84,84,84,84,84,84,84,84],"relic_stats":{"Sozu":0,"counters":[9,46],"Mummified Hand":[0],"Pen Nib":[5],"obtain_stats":[{"Sozu":17,"Mummified Hand":13,"Pen Nib":7,"PureWater":0},{"Sozu":8,"Mummified Hand":6,"Pen Nib":4,"PureWater":0},{"Sozu":42,"Mummified Hand":23,"Pen Nib":13,"PureWater":0}]},"card_choices":[{"not_picked":["Evaluate","CutThroughFate"],"picked":"Indignation","floor":1.0},{"not_picked":["Indignation","Meditate"],"picked":"EmptyBody","floor":4.0},{"not_picked":["FlyingSleeves","Evaluate"],"picked":"SashWhip","floor":5.0},{"not_picked":["Halt","CutThroughFate"],"picked":"FollowUp","floor":7.0},{"not_picked":["Consecrate","Conclude"],"picked":"Protect","floor":10.0},{"not_picked":["SashWhip","FollowUp"],"picked":"LessonLearned","floor":13.0},{"not_picked":["Study","LikeWater","JustLucky"],"picked":"SKIP","floor":14.0},{"not_picked":["Vault","Omniscience"],"picked":"Judgement","floor":16.0}],"player_experience":180804,"relics_obtained":[{"floor":7.0,"key":"Pen Nib"},{"floor":13.0,"key":"Mummified Hand"}],"event_choices":[{"damage_healed":19.0,"max_hp_gain":0.0,"max_hp_loss":0.0,"gold_gain":0.0,"event_name":"The Cleric","player_choice":"Healed","floor":3.0,"gold_loss":35.0,"damage_taken":0.0},{"damage_healed":0.0,"max_hp_gain":5.0,"max_hp_loss":0.0,"gold_gain":0.0,"event_name":"Big Fish","player_choice":"Donut","floor":12.0,"gold_loss":0.0,"damage_taken":0.0}],"is_beta":false,"boss_relics":[{"not_picked":["Runic Dome","Astrolabe"],"picked":"Sozu"}],"items_purged_floors":[],"is_endless":false,"potions_floor_spawned":[7,10,13],"killed_by":"Chosen","ascension_level":0}}