{"host":"d8hh7rr4yzitjeuj","time":1607757211,"event":{"mods":["2.2 Compatiblity","AchievementEnabler","BaseMod","CapriCore","Colored Map","Colored Powertips","Highlight Path","Keyboard Shortcuts","Minty Spire (QoL Compilation)","Permanent Neow","Quick Restart","StSLib","SuperFastMode"],"gold_per_floor":[114,129,148,165,165,165,175,195,195,195,227,239,239,239],"floor_reached":13,"playtime":216,"items_purged":[],"score":178,"play_id":"3967e7ed-7ff6-4e78-ae67-a290678b5b2a","local_time":"20201212161331","is_ascension_mode":true,"campfire_choices":[{"data":"Zap","floor":6,"key":"SMITH"},{"data":"Recycle","floor":10,"key":"SMITH"}],"circlet_count":0,"master_deck":["AscendersBane","Strike_B","Strike_B","Strike_B","Defend_B","Defend_B","Defend_B","Defend_B","Zap+1","Dualcast","Doom and Gloom","Chill","Go for the Eyes","All For One","Recycle+1","Sweeping Beam","Turbo","Rainbow"],"relics":["Velvet Choker","Orichalcum","Molten Egg 2"],"acts_visited":["Exordium"],"potions_floor_usage":[],"damage_taken":[{"damage":6,"enemies":"Cultist","floor":1,"turns":4},{"damage":0,"enemies":"Small Slimes","floor":2,"turns":2},{"damage":7,"enemies":"Jaw Worm","floor":3,"turns":4},{"damage":1,"enemies":"2 Fungi Beasts","floor":4,"turns":3},{"damage":5,"enemies":"Looter","floor":7,"turns":3},{"damage":9,"enemies":"Red Slaver","floor":8,"turns":3},{"damage":26,"enemies":"Lagavulin","floor":11,"turns":5},{"damage":1,"enemies":"Blue Slaver","floor":12,"turns":2},{"damage":16,"enemies":"Gremlin Nob","floor":13,"turns":3}],"seed_played":"7603937109204503991","potions_obtained":[{"floor":1,"key":"Swift Potion"},{"floor":3,"key":"DuplicationPotion"}],"is_trial":false,"path_per_floor":["M","M","M","M","?","R","M","M","T","R","E","M","E"],"character_chosen":"DEFECT","items_purchased":[],"campfire_rested":0,"item_purchase_floors":[],"current_hp_per_floor":[58,58,51,50,50,50,45,36,36,36,10,9,0,0],"gold":239,"neow_bonus":"BOSS_RELIC","is_daily":false,"chose_seed":false,"campfire_upgraded":2,"win_rate":0.0,"timestamp":1607757211,"path_taken":["M","M","?","M","?","R","M","?","T","R","E","M","E"],"items_purchased_type":[],"build_version":"2020-11-30","purchased_purges":0,"victory":false,"max_hp_per_floor":[71,71,71,71,71,71,71,71,71,71,71,71,71,71],"card_choices":[{"not_picked":["Rip and Tear","Rebound"],"picked":"Doom and Gloom","floor":1},{"not_picked":["Steam","Blizzard"],"picked":"Chill","floor":2},{"not_picked":["Storm","Skim"],"picked":"Go for the Eyes","floor":3},{"not_picked":["Leap","Ball Lightning"],"picked":"All For One","floor":4},{"not_picked":["Streamline","Skim"],"picked":"Recycle","floor":7},{"not_picked":["Conserve Battery","Cold Snap"],"picked":"Sweeping Beam","floor":8},{"not_picked":["Scrape+1","Coolheaded"],"picked":"Turbo","floor":11},{"not_picked":["BootSequence","Streamline+1"],"picked":"Rainbow","floor":12}],"player_experience":1325453,"relics_obtained":[{"floor":9,"key":"Orichalcum"},{"floor":11,"key":"Molten Egg 2"}],"event_choices":[{"cards_removed":["Strike_B"],"damage_healed":0,"gold_gain":0,"player_choice":"Offered Basic","damage_taken":0,"max_hp_gain":0,"max_hp_loss":0,"event_name":"Bonfire Elementals","floor":5,"gold_loss":0}],"is_beta":false,"boss_relics":[],"items_purged_floors":[],"is_endless":false,"potions_floor_spawned":[1,3,7,11],"killed_by":"Gremlin Nob","ascension_level":20}}