{"host":"7pe9xwx78c6nlay8","time":1607798659,"event":{"mods":["BaseMod","Minty Spire (QoL Compilation)"],"gold_per_floor":[119,294,244,244,257,298,298,331,331,23,98,98,111,152,152,278,278,302,302,323,323,422,451,72,72,99,99,128,128,141,41,41,144,144,164,175,175,0,20,55,42,71,132,191,22,52,113,125,125,125],"floor_reached":51,"playtime":2776,"items_purged":["Defend_P","Shame","Regret"],"score":1209,"play_id":"29cc9cf6-18cb-48c9-84c2-ac73a2bb8a34","local_time":"20201213024419","is_ascension_mode":true,"campfire_choices":[{"data":"Eruption","floor":7.0,"key":"SMITH"},{"data":"Weave","floor":12.0,"key":"SMITH"},{"floor":15.0,"key":"REST"},{"data":"Study","floor":27.0,"key":"SMITH"},{"data":"MentalFortress","floor":29.0,"key":"SMITH"},{"data":"CutThroughFate","floor":32.0,"key":"SMITH"},{"data":"Mayhem","floor":49,"key":"SMITH"}],"circlet_count":0,"master_deck":["Strike_P+1","Strike_P+1","Defend_P+1","Defend_P","Defend_P+1","Eruption+1","Vigilance","CutThroughFate","Weave+1","CutThroughFate+1","ThirdEye+1","ThirdEye+1","Judgement+1","MentalFortress+1","Study+1","Flash of Steel+1","Mayhem+1","Flash of Steel","Cloak And Dagger+1","Prostrate+1","Melter+1","JustLucky","Writhe"],"relics":["PureWater","NeowsBlessing","Bloody Idol","Shuriken","White Beast Statue","Mummified Hand","Toxic Egg 2","Lantern","Cursed Key","Meat on the Bone","PrismaticShard","Whetstone","Blood Vial","Art of War","Pear","Empty Cage","Red Mask","CeramicFish","Bag of Preparation","War Paint","Gambling Chip","The Courier","PreservedInsect"],"acts_visited":["Exordium","TheCity","TheBeyond"],"potions_floor_usage":[35,35,40,42,44,44,50,50,50],"damage_taken":[{"damage":0.0,"enemies":"Small Slimes","floor":1.0,"turns":1.0},{"damage":0.0,"enemies":"2 Louse","floor":5.0,"turns":1.0},{"damage":0.0,"enemies":"3 Sentries","floor":6.0,"turns":2.0},{"damage":0.0,"enemies":"Gremlin Nob","floor":8.0,"turns":2.0},{"damage":0.0,"enemies":"Cultist","floor":13.0,"turns":2.0},{"damage":12.0,"enemies":"3 Sentries","floor":14.0,"turns":3.0},{"damage":16.0,"enemies":"Hexaghost","floor":16.0,"turns":6.0},{"damage":3.0,"enemies":"2 Thieves","floor":18.0,"turns":3.0},{"damage":0.0,"enemies":"Spheric Guardian","floor":20.0,"turns":1.0},{"damage":1.0,"enemies":"Slavers","floor":23.0,"turns":4.0},{"damage":16.0,"enemies":"Book of Stabbing","floor":28.0,"turns":4.0},{"damage":0.0,"enemies":"Snecko","floor":30.0,"turns":3.0},{"damage":41,"enemies":"Collector","floor":33,"turns":6},{"damage":11,"enemies":"3 Shapes","floor":35,"turns":5},{"damage":12,"enemies":"Orb Walker","floor":36,"turns":4},{"damage":0,"enemies":"Jaw Worm Horde","floor":39,"turns":3},{"damage":13,"enemies":"Giant Head","floor":40,"turns":6},{"damage":22,"enemies":"Nemesis","floor":42,"turns":5},{"damage":12,"enemies":"Mind Bloom Boss Battle","floor":44,"turns":6},{"damage":0,"enemies":"Giant Head","floor":46,"turns":4},{"damage":0,"enemies":"Transient","floor":48,"turns":5},{"damage":58,"enemies":"Awakened One","floor":50,"turns":7}],"seed_played":"7728480977285174021","potions_obtained":[{"floor":1.0,"key":"Strength Potion"},{"floor":13.0,"key":"AttackPotion"},{"floor":14.0,"key":"LiquidMemories"},{"floor":16.0,"key":"Energy Potion"},{"floor":18.0,"key":"SkillPotion"},{"floor":20.0,"key":"DistilledChaos"},{"floor":23.0,"key":"Energy Potion"},{"floor":28.0,"key":"Weak Potion"},{"floor":30.0,"key":"SneckoOil"},{"floor":33,"key":"AttackPotion"},{"floor":35,"key":"Strength Potion"},{"floor":36,"key":"SpeedPotion"},{"floor":39,"key":"Swift Potion"},{"floor":40,"key":"EssenceOfSteel"},{"floor":42,"key":"BlessingOfTheForge"},{"floor":44,"key":"Swift Potion"},{"floor":46,"key":"AttackPotion"}],"is_trial":false,"path_per_floor":["M","?","?","?","M","E","R","E","T","$","?","R","M","E","R","B",null,"M","?","M","?","?","E","$","?","T","R","E","R","M","$","R","B",null,"M","M","?","?","M","E","$","E","T","?","$","E","T","M","R","B",null],"character_chosen":"WATCHER","items_purchased":["Toxic Egg 2","ThirdEye+1","PrismaticShard","Whetstone","Prostrate+1","JustLucky"],"campfire_rested":1,"item_purchase_floors":[10,10,24,24,41,45],"current_hp_per_floor":[65,65,65,47,47,47,47,47,47,47,36,36,36,24,45,29,61,58,58,58,58,63,67,67,67,72,72,71,71,78,78,78,56,76,72,67,67,67,74,68,73,58,68,68,73,80,82,82,82,36],"gold":125,"neow_bonus":"THREE_ENEMY_KILL","is_daily":false,"chose_seed":false,"campfire_upgraded":6,"win_rate":0.0,"timestamp":1607798659,"path_taken":["M","?","?","?","M","E","R","E","T","$","?","R","M","E","R","BOSS","M","?","?","?","?","E","?","?","T","R","E","R","M","$","R","BOSS","M","M","?","?","M","E","?","E","T","?","$","E","?","M","R","BOSS"],"items_purchased_type":["Relic","Card","Relic","Relic","Card","Card"],"build_version":"2020-11-30","purchased_purges":3,"victory":true,"max_hp_per_floor":[72,72,72,72,72,72,72,72,72,72,72,72,72,72,72,72,72,72,72,72,72,72,72,72,72,72,72,82,82,82,82,82,82,82,82,82,82,82,82,82,82,82,82,82,82,82,82,82,82,82],"card_choices":[{"not_picked":["Prostrate","CarveReality"],"picked":"CutThroughFate","floor":1.0},{"not_picked":["PathToVictory","Protect"],"picked":"Weave","floor":5.0},{"not_picked":["WindmillStrike","Perseverance"],"picked":"CutThroughFate","floor":6.0},{"not_picked":["Protect","Crescendo","Swivel"],"picked":"SKIP","floor":8.0},{"not_picked":["CrushJoints","Crescendo+1","Omniscience+1"],"picked":"SKIP","floor":13.0},{"not_picked":["BowlingBash","Perseverance+1"],"picked":"ThirdEye+1","floor":14.0},{"not_picked":["Omniscience+1","SpiritShield+1"],"picked":"Judgement+1","floor":16.0},{"not_picked":["Vengeance+1","WheelKick","EmptyFist"],"picked":"SKIP","floor":18.0},{"not_picked":["Collect+1","Halt+1"],"picked":"MentalFortress","floor":20.0},{"not_picked":["WaveOfTheHand+1","CrushJoints"],"picked":"Study","floor":23.0},{"not_picked":["Loop","Iron Wave"],"picked":"Flash of Steel+1","floor":28.0},{"not_picked":["PiercingWail+1","Worship+1","Go for the Eyes+1"],"picked":"SKIP","floor":30.0},{"not_picked":["Alpha+1","Metamorphosis+1"],"picked":"Mayhem","floor":33},{"not_picked":["Power Through+1","Hologram+1","Dark Shackles+1"],"picked":"SKIP","floor":35},{"not_picked":["Bane","Iron Wave+1","True Grit+1"],"picked":"SKIP","floor":36},{"not_picked":["Magnetism","Impatience+1"],"picked":"Flash of Steel","floor":37},{"not_picked":["Heavy Blade+1","Distraction+1"],"picked":"Cloak And Dagger+1","floor":39},{"not_picked":["Tactician+1","Protect+1","SashWhip+1"],"picked":"SKIP","floor":40},{"not_picked":["Eviscerate+1","Barrage","Leg Sweep+1"],"picked":"SKIP","floor":42},{"not_picked":["Glass Knife","Skewer"],"picked":"Melter+1","floor":44},{"not_picked":["Noxious Fumes","Pray+1","Prepared+1"],"picked":"SKIP","floor":46},{"not_picked":["Beam Cell+1","Crescendo+1","Hello World+1"],"picked":"SKIP","floor":48}],"player_experience":1507465,"relics_obtained":[{"floor":6.0,"key":"Shuriken"},{"floor":8.0,"key":"White Beast Statue"},{"floor":9.0,"key":"Mummified Hand"},{"floor":14.0,"key":"Lantern"},{"floor":23.0,"key":"Meat on the Bone"},{"floor":26.0,"key":"Art of War"},{"floor":28.0,"key":"Pear"},{"floor":40,"key":"CeramicFish"},{"floor":42,"key":"Bag of Preparation"},{"floor":43,"key":"War Paint"},{"floor":44,"key":"Gambling Chip"},{"floor":46,"key":"The Courier"},{"floor":47,"key":"PreservedInsect"}],"event_choices":[{"damage_healed":0.0,"max_hp_gain":0.0,"max_hp_loss":0.0,"gold_gain":175.0,"event_name":"Liars Game","player_choice":"AGREE","floor":2.0,"gold_loss":0.0,"damage_taken":0.0,"cards_obtained":["Doubt"]},{"cards_removed":["Doubt"],"damage_healed":0.0,"max_hp_gain":0.0,"max_hp_loss":0.0,"gold_gain":0.0,"event_name":"The Cleric","player_choice":"Card Removal","floor":3.0,"gold_loss":50.0,"damage_taken":0.0},{"damage_healed":0.0,"max_hp_gain":0.0,"max_hp_loss":0.0,"gold_gain":0.0,"event_name":"Golden Idol","player_choice":"Take Damage","floor":4.0,"gold_loss":0.0,"damage_taken":18.0,"relics_obtained":["Golden Idol"]},{"damage_healed":0.0,"max_hp_gain":0.0,"max_hp_loss":0.0,"gold_gain":75.0,"event_name":"World of Goop","player_choice":"Gather Gold","floor":11.0,"gold_loss":0.0,"damage_taken":11.0},{"cards_removed":["Strike_P"],"damage_healed":0.0,"max_hp_gain":0.0,"max_hp_loss":0.0,"gold_gain":0.0,"event_name":"Bonfire Elementals","player_choice":"Offered Basic","floor":19.0,"gold_loss":0.0,"damage_taken":0.0},{"damage_healed":0.0,"max_hp_gain":0.0,"max_hp_loss":0.0,"gold_gain":0.0,"event_name":"Forgotten Altar","player_choice":"Gave Idol","floor":21.0,"relics_lost":["Golden Idol"],"gold_loss":0.0,"damage_taken":0.0,"relics_obtained":["Bloody Idol"]},{"damage_healed":0.0,"max_hp_gain":0.0,"max_hp_loss":0.0,"gold_gain":99.0,"event_name":"Nest","player_choice":"Stole From Cult","floor":22.0,"gold_loss":0.0,"damage_taken":0.0},{"damage_healed":0.0,"max_hp_gain":0.0,"max_hp_loss":0.0,"gold_gain":0.0,"event_name":"Addict","player_choice":"Stole Relic","floor":25.0,"gold_loss":0.0,"damage_taken":0.0,"relics_obtained":["Blood Vial"],"cards_obtained":["Shame"]},{"damage_healed":0,"gold_gain":0,"player_choice":"Memory 1","damage_taken":0,"max_hp_gain":0,"max_hp_loss":0,"event_name":"SensoryStone","floor":37,"gold_loss":0},{"damage_healed":0,"gold_gain":0,"player_choice":"Paid","damage_taken":0,"relics_obtained":["Red Mask"],"max_hp_gain":0,"max_hp_loss":0,"event_name":"Tomb of Lord Red Mask","floor":38,"gold_loss":175},{"damage_healed":0,"gold_gain":0,"player_choice":"Fight","damage_taken":0,"max_hp_gain":0,"max_hp_loss":0,"event_name":"MindBloom","floor":44,"gold_loss":0}],"is_beta":false,"boss_relics":[{"not_picked":["Pandora\u0027s Box","Fusion Hammer"],"picked":"Cursed Key"},{"not_picked":["SacredBark","Busted Crown"],"picked":"Empty Cage"}],"items_purged_floors":[24,31,45],"is_endless":false,"potions_floor_spawned":[1,13,14,16,18,20,23,28,30,33,35,36,39,40,42,44,46,48],"ascension_level":8}}