{"host":"36mulxq349byzoa2","time":1607779416,"event":{"mods":["AchievementEnabler","BaseMod","Better Match","Block Reminder","Colored Map","Colored Powertips","Minty Spire (QoL Compilation)","Rare Cards Sparkle","StSLib","SuperFastMode"],"gold_per_floor":[117,133,83,98,98,130,141,141,221,287,287,321,371,390,390,519,519,534,584,604,404,423,423,423],"floor_reached":23,"playtime":710,"items_purged":["Strike_R"],"score":203,"play_id":"0a1e6098-b55f-420d-89d4-af9122a5c69d","local_time":"20201212082336","is_ascension_mode":false,"campfire_choices":[{"data":"Wild Strike","floor":8,"key":"SMITH"},{"data":"Evolve","floor":11,"key":"SMITH"},{"floor":15,"key":"REST"}],"circlet_count":0,"master_deck":["Strike_R","Strike_R","Strike_R","Defend_R","Defend_R","Defend_R","Defend_R","Bash","Wild Strike+1","Thunderclap","Shrug It Off","Second Wind","Cleave","Evolve+1","Feed","Body Slam","Barricade+1","Dark Embrace","Armaments","Flame Barrier"],"relics":["Burning Blood","NeowsBlessing","SsserpentHead","Torii","Dream Catcher","Golden Idol","Sozu"],"acts_visited":["Exordium","TheCity"],"potions_floor_usage":[7,12,16,22],"damage_taken":[{"damage":0,"enemies":"Jaw Worm","floor":1,"turns":1},{"damage":0,"enemies":"Cultist","floor":2,"turns":1},{"damage":0,"enemies":"Small Slimes","floor":4,"turns":1},{"damage":27,"enemies":"Gremlin Nob","floor":6,"turns":5},{"damage":11,"enemies":"Blue Slaver","floor":7,"turns":4},{"damage":1,"enemies":"Gremlin Gang","floor":10,"turns":3},{"damage":24,"enemies":"Lagavulin","floor":12,"turns":6},{"damage":5,"enemies":"Lots of Slimes","floor":14,"turns":3},{"damage":45,"enemies":"Slime Boss","floor":16,"turns":11},{"damage":23,"enemies":"3 Byrds","floor":18,"turns":7},{"damage":1,"enemies":"Chosen","floor":20,"turns":5},{"damage":48,"enemies":"Shelled Parasite and Fungi","floor":22,"turns":8},{"damage":32,"enemies":"Gremlin Leader","floor":23,"turns":5}],"seed_played":"-5140317951025496638","potions_obtained":[{"floor":1,"key":"EssenceOfSteel"},{"floor":4,"key":"Ancient Potion"},{"floor":6,"key":"SkillPotion"},{"floor":10,"key":"Block Potion"},{"floor":16,"key":"ColorlessPotion"}],"is_trial":false,"path_per_floor":["M","M","?","M","?","E","M","R","T","M","R","E","?","M","R","B",null,"M","?","M","$","M","E"],"character_chosen":"IRONCLAD","items_purchased":["Armaments","Flame Barrier"],"campfire_rested":1,"item_purchase_floors":[21,21],"current_hp_per_floor":[80,80,80,80,80,59,54,54,54,59,59,41,21,22,46,7,80,66,66,71,71,32,0,0],"gold":423,"neow_bonus":"THREE_ENEMY_KILL","is_daily":false,"chose_seed":false,"campfire_upgraded":2,"win_rate":0.0,"timestamp":1607779416,"path_taken":["M","M","?","M","?","E","M","R","T","?","R","E","?","M","R","BOSS","M","?","M","$","M","E"],"items_purchased_type":["Card","Card"],"build_version":"2020-11-30","purchased_purges":1,"victory":false,"max_hp_per_floor":[80,80,80,80,80,80,80,80,80,80,80,80,80,80,80,80,80,83,83,83,83,86,86,86],"card_choices":[{"not_picked":["Disarm","Shockwave"],"picked":"Wild Strike","floor":1},{"not_picked":["Combust","Rupture"],"picked":"Thunderclap","floor":2},{"not_picked":["Dark Embrace","Clash"],"picked":"Shrug It Off","floor":4},{"not_picked":["Rage","Warcry"],"picked":"Second Wind","floor":6},{"not_picked":["Headbutt","Intimidate"],"picked":"Cleave","floor":7},{"not_picked":["Havoc","Clothesline"],"picked":"Evolve","floor":10},{"not_picked":["Bloodletting","Havoc","Evolve"],"picked":"SKIP","floor":12},{"not_picked":["Heavy Blade","Uppercut"],"picked":"Feed","floor":14},{"not_picked":["Shrug It Off","Heavy Blade"],"picked":"Body Slam","floor":15},{"not_picked":["Exhume","Impervious"],"picked":"Barricade","floor":16},{"not_picked":["Clash","Flex","Uppercut"],"picked":"SKIP","floor":18},{"not_picked":["Iron Wave","Body Slam"],"picked":"Dark Embrace","floor":20},{"not_picked":["Blood for Blood+1","Hemokinesis","Havoc"],"picked":"SKIP","floor":22}],"player_experience":971901,"relics_obtained":[{"floor":6,"key":"Torii"},{"floor":12,"key":"Dream Catcher"}],"event_choices":[{"cards_removed":["Strike_R"],"damage_healed":0,"gold_gain":0,"player_choice":"Card Removal","damage_taken":0,"max_hp_gain":0,"max_hp_loss":0,"event_name":"The Cleric","floor":3,"gold_loss":50},{"damage_healed":0,"gold_gain":0,"player_choice":"Trade","damage_taken":0,"relics_obtained":["SsserpentHead"],"max_hp_gain":0,"max_hp_loss":0,"event_name":"FaceTrader","floor":5,"gold_loss":0},{"damage_healed":0,"gold_gain":0,"player_choice":"Take Damage","damage_taken":20,"relics_obtained":["Golden Idol"],"max_hp_gain":0,"max_hp_loss":0,"event_name":"Golden Idol","floor":13,"gold_loss":0},{"damage_healed":0,"gold_gain":0,"player_choice":"Forge","damage_taken":0,"max_hp_gain":0,"max_hp_loss":0,"event_name":"Accursed Blacksmith","floor":19,"gold_loss":0,"cards_upgraded":["Barricade"]}],"is_beta":false,"boss_relics":[{"not_picked":["Runic Cube","Philosopher\u0027s Stone"],"picked":"Sozu"}],"items_purged_floors":[21],"is_endless":false,"potions_floor_spawned":[1,4,6,10,16,18,20,22],"killed_by":"Gremlin Leader","ascension_level":0}}