{"host":"utqe55yv0jihe4d6","time":1607745701,"event":{"mods":["2.2 Compatiblity","AchievementEnabler","BaseMod","Block Reminder","Colored Map","Colored Powertips","Minty Spire (QoL Compilation)","Quick Restart","Rare Cards Sparkle","Relic Stats","SuperFastMode"],"gold_per_floor":[18,18,37,54,54,54,72,99,99,111,123,100,144,156,168,180,180],"floor_reached":16,"playtime":531,"items_purged":[],"score":216,"play_id":"6af99237-0659-4b93-9655-7371af0889a0","local_time":"20201211230141","is_ascension_mode":true,"campfire_choices":[{"data":"Neutralize","floor":6,"key":"SMITH"},{"floor":11,"key":"REST"},{"data":"Predator","floor":15,"key":"SMITH"}],"circlet_count":0,"master_deck":["AscendersBane","Strike_G","Strike_G","Strike_G","Strike_G","Strike_G","Defend_G","Defend_G","Defend_G","Defend_G","Defend_G","Survivor","Neutralize+1","Tools of the Trade","Underhanded Strike","Flying Knee","Deadly Poison","Dagger Throw","Predator+1","Infinite Blades"],"relics":["Ring of the Snake","Toy Ornithopter","MawBank","Blue Candle"],"acts_visited":["Exordium"],"potions_floor_usage":[13,16,16],"damage_taken":[{"damage":0,"enemies":"2 Louse","floor":1,"turns":4},{"damage":7,"enemies":"Small Slimes","floor":3,"turns":4},{"damage":5,"enemies":"Cultist","floor":4,"turns":5},{"damage":6,"enemies":"2 Fungi Beasts","floor":7,"turns":5},{"damage":39,"enemies":"3 Sentries","floor":8,"turns":10},{"damage":22,"enemies":"Lagavulin","floor":13,"turns":5},{"damage":37,"enemies":"Slime Boss","floor":16,"turns":7}],"seed_played":"1893739596209600655","potions_obtained":[{"floor":1,"key":"Fire Potion"},{"floor":3,"key":"SpeedPotion"},{"floor":13,"key":"SteroidPotion"}],"is_trial":false,"path_per_floor":["M","$","M","M","?","R","M","E","T","$","R","?","E","$","R","B"],"character_chosen":"THE_SILENT","items_purchased":[],"campfire_rested":1,"item_purchase_floors":[],"current_hp_per_floor":[59,59,52,47,47,47,41,2,2,2,21,37,20,20,20,0,0],"gold":180,"neow_bonus":"THREE_RARE_CARDS","is_daily":false,"chose_seed":false,"campfire_upgraded":2,"win_rate":0.0,"timestamp":1607745701,"path_taken":["M","$","M","M","?","R","M","E","T","$","R","?","E","$","R","BOSS"],"items_purchased_type":[],"build_version":"2020-11-30","purchased_purges":0,"victory":false,"max_hp_per_floor":[66,66,66,66,66,66,66,66,66,66,66,66,66,66,66,66,66],"relic_stats":{"counters":[7,40],"Blue Candle":[0],"MawBank":84,"obtain_stats":[{"Blue Candle":13,"MawBank":9,"Toy Ornithopter":8,"Ring of the Snake":0},{"Blue Candle":6,"MawBank":5,"Toy Ornithopter":5,"Ring of the Snake":0},{"Blue Candle":33,"MawBank":28,"Toy Ornithopter":28,"Ring of the Snake":0}],"Toy Ornithopter":15,"Ring of the Snake":[14]},"card_choices":[{"not_picked":["Wraith Form v2","Malaise"],"picked":"Tools of the Trade","floor":0},{"not_picked":["All Out Attack","Leg Sweep"],"picked":"Underhanded Strike","floor":1},{"not_picked":["Outmaneuver","Blade Dance"],"picked":"Flying Knee","floor":3},{"not_picked":["Backflip","Dash"],"picked":"Deadly Poison","floor":4},{"not_picked":["Tools of the Trade","Prepared"],"picked":"Dagger Throw","floor":7},{"not_picked":["Dagger Throw","Dagger Spray"],"picked":"Predator","floor":8},{"not_picked":["Prepared","Setup"],"picked":"Infinite Blades","floor":13}],"player_experience":2740459,"relics_obtained":[{"floor":8,"key":"Toy Ornithopter"},{"floor":9,"key":"MawBank"},{"floor":13,"key":"Blue Candle"}],"event_choices":[{"damage_healed":0,"gold_gain":0,"player_choice":"Ignored","damage_taken":0,"max_hp_gain":0,"max_hp_loss":0,"event_name":"Liars Game","floor":5,"gold_loss":0},{"damage_healed":16,"gold_gain":0,"player_choice":"Healed","damage_taken":0,"max_hp_gain":0,"max_hp_loss":0,"event_name":"The Cleric","floor":12,"gold_loss":35}],"is_beta":false,"boss_relics":[],"items_purged_floors":[],"is_endless":false,"potions_floor_spawned":[1,3,13],"killed_by":"Slime Boss","ascension_level":20}}