{"host":"l2821e3dgmq4sghh","time":1607802001,"event":{"mods":["BaseMod","Colored Powertips","Minty Spire (QoL Compilation)","StSLib"],"gold_per_floor":[113,129,129,0,75,104,104,130,156,156,156],"floor_reached":10,"playtime":1301,"items_purged":["Defend_G"],"score":188,"play_id":"906bac2d-dd18-4491-92ad-296cfb900492","local_time":"20201212204001","is_ascension_mode":true,"campfire_choices":[{"data":"Bullet Time","floor":7.0,"key":"SMITH"}],"circlet_count":0,"master_deck":["AscendersBane","Strike_G","Strike_G","Strike_G","Strike_G","Strike_G","Defend_G","Defend_G","Defend_G","Defend_G","Survivor","Neutralize","Backflip","Quick Slash","Bullet Time+1","Dodge and Roll"],"relics":["Ring of the Snake","NeowsBlessing","MealTicket","Vajra","Pen Nib"],"acts_visited":["Exordium"],"potions_floor_usage":[8],"damage_taken":[{"damage":0.0,"enemies":"Jaw Worm","floor":1.0,"turns":1.0},{"damage":0.0,"enemies":"2 Louse","floor":2.0,"turns":1.0},{"damage":0.0,"enemies":"Gremlin Nob","floor":6.0,"turns":1.0},{"damage":24,"enemies":"3 Sentries","floor":8,"turns":12},{"damage":37,"enemies":"Lagavulin","floor":10,"turns":8}],"seed_played":"6245228453929950220","potions_obtained":[{"floor":2.0,"key":"AttackPotion"}],"is_trial":false,"path_per_floor":["M","M","?","$","?","E","R","E","T","E"],"character_chosen":"THE_SILENT","items_purchased":["Quick Slash"],"campfire_rested":0,"item_purchase_floors":[4],"current_hp_per_floor":[59,59,64,64,53,53,53,29,29,0,0],"gold":156,"neow_bonus":"THREE_ENEMY_KILL","is_daily":false,"chose_seed":false,"campfire_upgraded":1,"win_rate":0.0,"timestamp":1607802001,"path_taken":["M","M","?","$","?","E","R","E","T","E"],"items_purchased_type":["Card"],"build_version":"2020-11-30","purchased_purges":1,"victory":false,"max_hp_per_floor":[66,66,71,71,71,71,71,71,71,71,71],"card_choices":[{"not_picked":["Bane","Underhanded Strike","Outmaneuver"],"picked":"SKIP","floor":1.0},{"not_picked":["Distraction","Deflect"],"picked":"Backflip","floor":2.0},{"not_picked":["Deflect","Setup"],"picked":"Bullet Time","floor":6.0},{"not_picked":["Quick Slash","Prepared"],"picked":"Dodge and Roll","floor":8}],"player_experience":5288716,"relics_obtained":[{"floor":6.0,"key":"MealTicket"},{"floor":8,"key":"Vajra"},{"floor":9,"key":"Pen Nib"}],"event_choices":[{"damage_healed":0.0,"max_hp_gain":5.0,"max_hp_loss":0.0,"gold_gain":0.0,"event_name":"Big Fish","player_choice":"Donut","floor":3.0,"gold_loss":0.0,"damage_taken":0.0},{"damage_healed":0.0,"max_hp_gain":0.0,"max_hp_loss":0.0,"gold_gain":75.0,"event_name":"World of Goop","player_choice":"Gather Gold","floor":5.0,"gold_loss":0.0,"damage_taken":11.0}],"is_beta":false,"boss_relics":[],"items_purged_floors":[4],"is_endless":false,"potions_floor_spawned":[2],"killed_by":"Lagavulin","ascension_level":18}}