{"host":"ok3pmhc1fiz31noj","time":1607793625,"event":{"mods":["AchievementEnabler","BaseMod","Colored Map","Minty Spire (QoL Compilation)","Quick Restart","Replay The Spire","StSLib"],"gold_per_floor":[113,113,125,137,161,205,217,249,312,324,324],"floor_reached":10,"playtime":167,"items_purged":[],"score":91,"play_id":"7ef057b8-5200-4c8e-8b7a-04d9324b03a9","local_time":"20201213012025","is_ascension_mode":false,"campfire_choices":[{"data":"Bouncing Flask","floor":7,"key":"SMITH"}],"circlet_count":0,"master_deck":["Strike_G","Strike_G","Strike_G","Strike_G","Strike_G","Defend_G","Defend_G","Defend_G","Defend_G","Defend_G","Survivor","Bouncing Flask+1","Adrenaline"],"relics":["NeowsBlessing","MawBank","Sizzling Blood","White Beast Statue","Omamori"],"acts_visited":["Exordium"],"potions_floor_usage":[10],"damage_taken":[{"damage":0,"enemies":"Small Slimes","floor":1,"turns":1},{"damage":0,"enemies":"2 Louse","floor":5,"turns":1},{"damage":0,"enemies":"Lagavulin","floor":6,"turns":1},{"damage":5,"enemies":"Jaw Worm","floor":8,"turns":3},{"damage":49,"enemies":"Gremlin Nob","floor":10,"turns":5}],"seed_played":"-1459889775576660565","potions_obtained":[{"floor":1,"key":"ColorlessPotion"},{"floor":5,"key":"Elixir"},{"floor":8,"key":"LiquidBronze"}],"is_trial":false,"path_per_floor":["M","?","?","?","M","E","R","M","T","E"],"character_chosen":"THE_SILENT","items_purchased":[],"campfire_rested":0,"item_purchase_floors":[],"current_hp_per_floor":[70,63,67,67,71,74,74,73,73,24,24],"gold":324,"neow_bonus":"THREE_ENEMY_KILL","is_daily":false,"chose_seed":false,"campfire_upgraded":1,"win_rate":0.0,"timestamp":1607793625,"path_taken":["M","?","?","?","?","E","R","M","T","E"],"items_purchased_type":[],"build_version":"2020-11-30","purchased_purges":0,"victory":false,"max_hp_per_floor":[70,70,74,74,74,74,74,74,74,74,74],"card_choices":[{"not_picked":["Draining Mist","Footwork","Flying Knee"],"picked":"SKIP","floor":1},{"not_picked":["Sucker Punch","Hidden Blade","Blade Dance"],"picked":"SKIP","floor":5},{"not_picked":["Replay:Poison Smokescreen","Cloak And Dagger"],"picked":"Bouncing Flask","floor":6},{"not_picked":["Outmaneuver","Acrobatics"],"picked":"Adrenaline","floor":8}],"player_experience":179852,"relics_obtained":[{"floor":6,"key":"White Beast Statue"},{"floor":9,"key":"Omamori"}],"event_choices":[{"damage_healed":0,"gold_gain":0,"player_choice":"Success","damage_taken":7,"relics_obtained":["MawBank"],"max_hp_gain":0,"max_hp_loss":0,"event_name":"Scrap Ooze","floor":2,"gold_loss":0},{"cards_removed":["Neutralize"],"damage_healed":0,"gold_gain":0,"player_choice":"Forget","damage_taken":0,"max_hp_gain":0,"max_hp_loss":0,"event_name":"Living Wall","floor":4,"gold_loss":0}],"is_beta":false,"boss_relics":[],"items_purged_floors":[],"is_endless":false,"potions_floor_spawned":[1,5,8],"killed_by":"Gremlin Nob","ascension_level":0}}