{"host":"apvnte8t1esriuig","time":1607804285,"event":{"mods":["2.2 Compatiblity","AchievementEnabler","BaseMod","Infinite Spire","Minty Spire (QoL Compilation)","Rare Cards Sparkle","StSLib"],"gold_per_floor":[135,135,171,213,213,213,213,291,291,375,405,81,141,216,216,444,444,489,414,468,618,651,651,738,738,738,298,373,475,44,77,77,299,299,329,329,383,205,256,256,331,385,410,410,197,197,197,290,290,306,306],"floor_reached":50,"playtime":2212,"items_purged":["Wraith Form v2","Stack+1"],"score":1282,"play_id":"8d91e79a-1f7f-4702-a292-8ef52084c885","local_time":"20201212211805","daily_mods":["Draft","Vintage","Colorless Cards","Heirloom","Time Dilation","Flight","Midas"],"is_ascension_mode":true,"campfire_choices":[{"floor":6,"key":"REST"},{"floor":7,"key":"REST"},{"floor":15,"key":"REST"},{"floor":23,"key":"REST"},{"floor":25,"key":"REST"},{"floor":32,"key":"REST"},{"floor":40,"key":"REST"},{"floor":44,"key":"REST"},{"floor":46,"key":"REST"},{"floor":49,"key":"REST"}],"circlet_count":0,"master_deck":["Demon Form","Echo Form+1","DevaForm+1","AscendersBane","Defragment","Sweeping Beam+1","Dramatic Entrance","Compile Driver+1","White Noise+1","Leap","Conserve Battery","Conserve Battery","Ball Lightning","Coolheaded","Lockon","BootSequence","infinitespire:NeuralNetwork","Panacea","Echo Form","White Noise+1","Loop","Buffer","Hello World","Static Discharge","Conserve Battery","Capacitor","Defragment","Dramatic Entrance"],"relics":["Cracked Core","Incense Burner","infinitespire:WardingShard","Pen Nib","Bottled Lightning","Mango","Bottled Flame","infinitespire:Bottled Soul","CaptainsWheel","Whetstone","Happy Flower","Philosopher\u0027s Stone","Blood Vial","White Beast Statue","Frozen Eye","Tiny House","Turnip","MealTicket","Cables","Peace Pipe","Kunai","infinitespire:EmpoweringShard","War Paint","Shuriken","Bag of Marbles","Inserter","Potion Belt","Anchor","Ancient Tea Set","Omamori","Nunchaku","Bronze Scales","infinitespire:Midas Blood"],"acts_visited":["Exordium","TheCity","TheBeyond"],"potions_floor_usage":[28,29,41,41,42,50,50,50],"damage_taken":[{"damage":2,"enemies":"Jaw Worm","floor":1,"turns":2},{"damage":0,"enemies":"Small Slimes","floor":3,"turns":3},{"damage":17,"enemies":"Cultist","floor":4,"turns":5},{"damage":0,"enemies":"Lagavulin","floor":8,"turns":6},{"damage":2,"enemies":"3 Sentries","floor":10,"turns":3},{"damage":22,"enemies":"2 Fungi Beasts","floor":11,"turns":4},{"damage":6,"enemies":"Exordium Wildlife","floor":13,"turns":3},{"damage":20,"enemies":"Hexaghost","floor":16,"turns":7},{"damage":6,"enemies":"Shell Parasite","floor":18,"turns":5},{"damage":0,"enemies":"Chosen","floor":20,"turns":5},{"damage":21,"enemies":"Shelled Parasite and Fungi","floor":22,"turns":5},{"damage":33,"enemies":"Book of Stabbing","floor":24,"turns":5},{"damage":26,"enemies":"Slavers","floor":28,"turns":6},{"damage":16,"enemies":"Nightmare","floor":29,"turns":6},{"damage":12,"enemies":"Centurion and Healer","floor":31,"turns":5},{"damage":10,"enemies":"Collector","floor":33,"turns":7},{"damage":9,"enemies":"Orb Walker","floor":35,"turns":3},{"damage":1,"enemies":"3 Darklings","floor":37,"turns":5},{"damage":41,"enemies":"Jaw Worm Horde","floor":39,"turns":4},{"damage":44,"enemies":"Reptomancer","floor":41,"turns":5},{"damage":24,"enemies":"Transient","floor":42,"turns":6},{"damage":29,"enemies":"Nightmare","floor":48,"turns":8},{"damage":122,"enemies":"Time Eater","floor":50,"turns":9}],"seed_played":"362937633587665878","potions_obtained":[{"floor":10,"key":"LiquidMemories"},{"floor":11,"key":"Ancient Potion"},{"floor":20,"key":"DistilledChaos"},{"floor":31,"key":"CultistPotion"},{"floor":33,"key":"Regen Potion"},{"floor":37,"key":"Fire Potion"},{"floor":41,"key":"GamblersBrew"},{"floor":42,"key":"Explosive Potion"},{"floor":48,"key":"LiquidMemories"}],"is_trial":true,"path_per_floor":["M","?","M","M","?","R","R","E","T","E","M","$","M","?","R","B",null,"M","?","M","AVR","M","R","E","R","T","$","E","NM","$","M","R","B",null,"M","?","M","$","M","R","E","M","T","R","$","R","?","NM","R","B"],"character_chosen":"DEFECT","items_purchased":["Whetstone","Loop","Peace Pipe","Static Discharge","Conserve Battery","War Paint","Shuriken","Capacitor","Bronze Scales","Defragment"],"campfire_rested":10,"item_purchase_floors":[12,12,27,27,27,30,30,38,45,45],"current_hp_per_floor":[62,45,45,28,28,49,70,84,84,82,60,60,54,43,68,48,76,70,70,72,77,58,85,54,81,81,90,64,50,65,55,82,74,86,79,79,80,90,49,76,39,17,17,44,59,86,86,59,86,0,0],"gold":306,"neow_bonus":"","is_daily":false,"chose_seed":false,"campfire_upgraded":0,"win_rate":0.0,"timestamp":1607804285,"path_taken":["M","?","M","M","?","R","R","E","T","E","M","$","?","?","R","BOSS","M","?","M","AVR","M","R","E","R","T","$","E","NM","$","M","R","BOSS","M","?","?","$","M","R","E","M","T","R","?","R","?","NM","R","BOSS"],"items_purchased_type":["Relic","Card","Relic","Card","Card","Relic","Relic","Card","Relic","Card"],"build_version":"2020-11-30","purchased_purges":2,"victory":false,"max_hp_per_floor":[71,71,71,71,71,71,71,85,85,85,85,85,85,85,85,85,85,85,85,85,90,90,90,90,90,90,90,90,90,90,90,90,90,90,90,90,90,90,90,90,90,90,90,90,90,90,90,90,90,90,90],"card_choices":[{"not_picked":["Rebound","Streamline"],"picked":"Skim","floor":0},{"not_picked":["Recycle","Turbo"],"picked":"Defragment","floor":0},{"not_picked":["Swift Strike","Rebound"],"picked":"Sweeping Beam","floor":0},{"not_picked":["Barrage","Coolheaded"],"picked":"Dramatic Entrance","floor":0},{"not_picked":["Mind Blast","Rebound"],"picked":"Deep Breath","floor":0},{"not_picked":["Melter","Force Field"],"picked":"Stack","floor":0},{"not_picked":["Consume","Redo"],"picked":"Compile Driver","floor":0},{"not_picked":["Bandage Up","Coolheaded"],"picked":"White Noise","floor":0},{"not_picked":["Reinforced Body","Streamline"],"picked":"Leap","floor":0},{"not_picked":["Rebound","Turbo"],"picked":"Conserve Battery","floor":0},{"not_picked":["BootSequence","Leap"],"picked":"Conserve Battery","floor":0},{"not_picked":["Redo","Turbo"],"picked":"Ball Lightning","floor":0},{"not_picked":["Rebound","BootSequence"],"picked":"Coolheaded","floor":0},{"not_picked":["Blizzard","Hologram"],"picked":"Lockon","floor":0},{"not_picked":["Rip and Tear","Consume"],"picked":"BootSequence","floor":0},{"not_picked":["infinitespire:TheBestDefense","infinitespire:Collect"],"picked":"infinitespire:NeuralNetwork","floor":2},{"not_picked":["Doom and Gloom","Hologram"],"picked":"Echo Form","floor":8},{"not_picked":["Sunder","Streamline"],"picked":"White Noise","floor":10},{"not_picked":["Metamorphosis","Secret Technique"],"picked":"Buffer","floor":16},{"not_picked":["Steam","Leap"],"picked":"Hello World","floor":21},{"not_picked":["Streamline","Rebound","Melter"],"picked":"SKIP","floor":24},{"not_picked":["Chrysalis","Lockon","Streamline"],"picked":"SKIP","floor":28},{"not_picked":["Streamline","Stack","Trip"],"picked":"SKIP","floor":29},{"not_picked":["Streamline","Stack","Trip"],"picked":"SKIP","floor":29},{"not_picked":["FTL+1","Blizzard","Go for the Eyes"],"picked":"SKIP","floor":41},{"not_picked":["Compile Driver+1","Rebound+1"],"picked":"Dramatic Entrance","floor":48}],"player_experience":302197,"relics_obtained":[{"floor":1,"key":"infinitespire:WardingShard"},{"floor":3,"key":"Pen Nib"},{"floor":4,"key":"Bottled Lightning"},{"floor":8,"key":"Mango"},{"floor":9,"key":"Bottled Flame"},{"floor":10,"key":"infinitespire:Bottled Soul"},{"floor":11,"key":"CaptainsWheel"},{"floor":13,"key":"Happy Flower"},{"floor":18,"key":"Blood Vial"},{"floor":20,"key":"White Beast Statue"},{"floor":22,"key":"Turnip"},{"floor":24,"key":"MealTicket"},{"floor":26,"key":"Cables"},{"floor":28,"key":"Kunai"},{"floor":29,"key":"infinitespire:EmpoweringShard"},{"floor":31,"key":"Bag of Marbles"},{"floor":37,"key":"Potion Belt"},{"floor":39,"key":"Anchor"},{"floor":41,"key":"Ancient Tea Set"},{"floor":42,"key":"Omamori"},{"floor":43,"key":"Nunchaku"},{"floor":48,"key":"infinitespire:Midas Blood"}],"event_choices":[{"damage_healed":0,"gold_gain":0,"cards_transformed":["Deep Breath"],"player_choice":"Transformed","damage_taken":0,"max_hp_gain":0,"max_hp_loss":0,"event_name":"Transmorgrifier","floor":5,"gold_loss":0,"cards_obtained":["Panacea"]},{"damage_healed":0,"gold_gain":75,"player_choice":"Gather Gold","damage_taken":11,"max_hp_gain":0,"max_hp_loss":0,"event_name":"World of Goop","floor":14,"gold_loss":0},{"cards_removed":["Skim"],"damage_healed":0,"gold_gain":0,"player_choice":"Gave Gold","damage_taken":0,"max_hp_gain":0,"max_hp_loss":0,"event_name":"Beggar","floor":19,"gold_loss":75},{"damage_healed":0,"gold_gain":0,"player_choice":"Forge","damage_taken":0,"max_hp_gain":0,"max_hp_loss":0,"event_name":"Accursed Blacksmith","floor":36,"gold_loss":0,"cards_upgraded":["Echo Form"]},{"damage_healed":0,"gold_gain":0,"player_choice":"Upgraded","damage_taken":0,"max_hp_gain":0,"max_hp_loss":0,"event_name":"Upgrade Shrine","floor":47,"gold_loss":0,"cards_upgraded":["White Noise"]}],"is_beta":false,"boss_relics":[{"not_picked":["Velvet Choker","Snecko Eye"],"picked":"Philosopher\u0027s Stone"},{"not_picked":["Cursed Key","Runic Pyramid"],"picked":"Inserter"}],"items_purged_floors":[12,38],"is_endless":true,"potions_floor_spawned":[4,10,11,13,18,20,22,24,28,29,31,33,35,37,39,41,42,48],"killed_by":"Time Eater","ascension_level":20}}