{"host":"wrp3mzqnpgxvyzn2","time":1607763960,"event":{"mods":["BaseMod","Minty Spire (QoL Compilation)"],"gold_per_floor":[111,61,71,71,82,82,102,102,129,129,129,129,139,156,156,260,260,241,253,253,29,43,43,43,43,95,112,112,26,26,68,68,171,171,184,184,202,202,202],"floor_reached":38,"playtime":2278,"items_purged":[],"score":416,"play_id":"d91a8afd-d499-478b-8e03-253d66cc09fb","local_time":"20201212040600","is_ascension_mode":false,"campfire_choices":[{"data":"WaveOfTheHand","floor":6,"key":"SMITH"},{"data":"FollowUp","floor":8,"key":"SMITH"},{"data":"Consecrate","floor":10,"key":"SMITH"},{"data":"Consecrate","floor":15,"key":"SMITH"},{"data":"SashWhip","floor":23,"key":"SMITH"},{"floor":25,"key":"REST"},{"data":"Enlightenment","floor":32,"key":"SMITH"}],"circlet_count":0,"master_deck":["Strike_P+1","Strike_P+1","Strike_P+1","Defend_P+1","Defend_P+1","Defend_P+1","Eruption+1","Vigilance","WaveOfTheHand+1","Consecrate+1","FollowUp+1","Consecrate+1","Wish+1","Conclude+1","FollowUp","SashWhip+1","Wireheading","Enlightenment+1","Wireheading","Wish","Study+1"],"relics":["PureWater","Omamori","Pen Nib","Black Star","Bag of Marbles","Art of War","SacredBark"],"acts_visited":["Exordium","TheCity","TheBeyond"],"potions_floor_usage":[16,16,22,33,33,37,37],"damage_taken":[{"damage":0,"enemies":"Cultist","floor":1,"turns":2},{"damage":0,"enemies":"2 Louse","floor":3,"turns":1},{"damage":0,"enemies":"Small Slimes","floor":5,"turns":2},{"damage":0,"enemies":"Blue Slaver","floor":7,"turns":5},{"damage":0,"enemies":"2 Fungi Beasts","floor":13,"turns":1},{"damage":3,"enemies":"Gremlin Gang","floor":14,"turns":3},{"damage":43,"enemies":"Hexaghost","floor":16,"turns":10},{"damage":17,"enemies":"2 Thieves","floor":18,"turns":4},{"damage":13,"enemies":"Chosen","floor":19,"turns":5},{"damage":12,"enemies":"Snecko","floor":22,"turns":6},{"damage":16,"enemies":"Chosen and Byrds","floor":27,"turns":6},{"damage":12,"enemies":"3 Cultists","floor":31,"turns":3},{"damage":0,"enemies":"Champ","floor":33,"turns":13},{"damage":16,"enemies":"3 Darklings","floor":35,"turns":5},{"damage":15,"enemies":"Orb Walker","floor":37,"turns":5},{"damage":53,"enemies":"2 Orb Walkers","floor":38,"turns":4}],"seed_played":"8499971902920308181","potions_obtained":[{"floor":1,"key":"Swift Potion"},{"floor":14,"key":"SpeedPotion"},{"floor":18,"key":"Block Potion"},{"floor":27,"key":"AttackPotion"},{"floor":33,"key":"CultistPotion"},{"floor":35,"key":"SteroidPotion"}],"is_trial":false,"path_per_floor":["M","?","M","?","M","R","M","R","T","R","$","?","M","M","R","B",null,"M","M","?","$","M","R","$","R","T","M","?","$","?","M","R","B",null,"M","?","M","?"],"character_chosen":"WATCHER","items_purchased":["Bag of Marbles","Ancient Potion","Enlightenment"],"campfire_rested":1,"item_purchase_floors":[21,21,29],"current_hp_per_floor":[72,72,72,72,72,72,72,72,72,72,72,72,72,69,69,26,72,55,42,42,42,30,30,30,51,51,35,59,59,59,47,47,47,72,56,56,41,0,0],"gold":202,"neow_bonus":"RANDOM_COMMON_RELIC","is_daily":false,"chose_seed":false,"campfire_upgraded":6,"win_rate":0.0,"timestamp":1607763960,"path_taken":["M","?","M","?","?","R","M","R","T","R","$","?","M","M","R","BOSS","M","M","?","$","M","R","?","R","T","M","?","$","?","M","R","BOSS","M","?","M","?"],"items_purchased_type":["Relic","Potion","Card"],"build_version":"2020-11-30","purchased_purges":0,"victory":false,"max_hp_per_floor":[72,72,72,72,72,72,72,72,72,72,72,72,72,72,72,72,72,72,72,72,72,72,72,72,72,72,72,72,72,72,72,72,72,72,72,72,72,72,72],"card_choices":[{"not_picked":["Vengeance","Sanctity","Worship"],"picked":"SKIP","floor":1},{"not_picked":["SignatureMove","WindmillStrike"],"picked":"WaveOfTheHand","floor":3},{"not_picked":["JustLucky","SandsOfTime"],"picked":"Consecrate","floor":5},{"not_picked":["ClearTheMind","PathToVictory"],"picked":"FollowUp","floor":7},{"not_picked":["SignatureMove","ClearTheMind","MentalFortress"],"picked":"SKIP","floor":13},{"not_picked":["Crescendo","MentalFortress"],"picked":"Consecrate","floor":14},{"not_picked":["Judgement","Establishment"],"picked":"Wish","floor":16},{"not_picked":["Evaluate","FollowUp"],"picked":"Conclude+1","floor":18},{"not_picked":["CutThroughFate+1","ClearTheMind"],"picked":"FollowUp","floor":19},{"not_picked":["EmptyBody+1","Consecrate"],"picked":"SashWhip","floor":22},{"not_picked":["ForeignInfluence","ConjureBlade"],"picked":"Wireheading","floor":27},{"not_picked":["Perseverance","Meditate"],"picked":"Wireheading","floor":31},{"not_picked":["Ragnarok","Scrawl"],"picked":"Wish","floor":33},{"not_picked":["JustLucky","Consecrate+1","FollowUp+1"],"picked":"SKIP","floor":35},{"not_picked":["PathToVictory","Fasting2"],"picked":"Study+1","floor":37}],"player_experience":134276,"relics_obtained":[{"floor":9,"key":"Pen Nib"},{"floor":26,"key":"Art of War"}],"event_choices":[{"cards_removed":["Defend_P"],"damage_healed":0,"gold_gain":0,"player_choice":"Card Removal","damage_taken":0,"max_hp_gain":0,"max_hp_loss":0,"event_name":"The Cleric","floor":2,"gold_loss":50},{"damage_healed":0,"gold_gain":0,"player_choice":"Upgraded","damage_taken":0,"max_hp_gain":0,"max_hp_loss":0,"event_name":"Upgrade Shrine","floor":4,"gold_loss":0,"cards_upgraded":["Eruption"]},{"cards_removed":["Strike_P"],"damage_healed":0,"gold_gain":0,"player_choice":"Offered Basic","damage_taken":0,"max_hp_gain":0,"max_hp_loss":0,"event_name":"Bonfire Elementals","floor":12,"gold_loss":0},{"damage_healed":0,"gold_gain":0,"player_choice":"Upgraded","damage_taken":0,"max_hp_gain":0,"max_hp_loss":0,"event_name":"Upgrade Shrine","floor":20,"gold_loss":0,"cards_upgraded":["Wish"]},{"damage_healed":24,"gold_gain":0,"player_choice":"Heal","damage_taken":0,"max_hp_gain":0,"max_hp_loss":0,"event_name":"The Library","floor":28,"gold_loss":0},{"damage_healed":0,"gold_gain":0,"player_choice":"Simplicity","damage_taken":0,"max_hp_gain":0,"max_hp_loss":0,"event_name":"Back to Basics","floor":30,"gold_loss":0,"cards_upgraded":["Strike_P","Strike_P","Strike_P","Defend_P","Defend_P","Defend_P"]},{"damage_healed":0,"gold_gain":0,"player_choice":"Ignored","damage_taken":0,"max_hp_gain":0,"max_hp_loss":0,"event_name":"Tomb of Lord Red Mask","floor":36,"gold_loss":0},{"damage_healed":0,"gold_gain":0,"player_choice":"Fight","damage_taken":0,"max_hp_gain":0,"max_hp_loss":0,"event_name":"Mysterious Sphere","floor":38,"gold_loss":0}],"is_beta":false,"boss_relics":[{"not_picked":["Philosopher\u0027s Stone","Pandora\u0027s Box"],"picked":"Black Star"},{"not_picked":["Busted Crown","Coffee Dripper"],"picked":"SacredBark"}],"items_purged_floors":[],"is_endless":false,"potions_floor_spawned":[1,14,18,27,33,35],"killed_by":"2 Orb Walkers","ascension_level":0}}