{"host":"4par9lyhj7bf4dsa","time":1607759767,"event":{"mods":["AchievementEnabler","BaseMod","Colored Map","Minty Spire (QoL Compilation)","Relic Stats","StSLib"],"gold_per_floor":[110,121,12,12,12,28,28,41,41,41,59,85,85,115,115,213,213,233,233,251,251,27,54,54,79,103,133,34,34,34,69,69,170,170,181,81,41,53,65,99,99,111,135,187,187,218,218,243,243,243,243,243,34,69,69,69],"floor_reached":55,"playtime":29321,"items_purged":["Neutralize","Dagger Throw"],"score":1297,"play_id":"d7e40c68-a35f-4911-b88e-0031821c2d6e","local_time":"20201212185607","is_ascension_mode":true,"campfire_choices":[{"floor":7.0,"key":"REST"},{"floor":10.0,"key":"RECALL"},{"floor":13.0,"key":"REST"},{"floor":15.0,"key":"REST"},{"floor":24.0,"key":"REST"},{"floor":29.0,"key":"REST"},{"floor":32.0,"key":"REST"},{"floor":41,"key":"REST"},{"floor":45,"key":"REST"},{"floor":49,"key":"REST"},{"floor":52,"key":"REST"}],"circlet_count":0,"master_deck":["AscendersBane","Survivor","Dagger Throw","Crippling Poison","Leg Sweep+1","Well Laid Plans","Dagger Spray","Acrobatics+1","Glass Knife+1","Cloak And Dagger","Phantasmal Killer","Backstab","Flechettes","Calculated Gamble","Caltrops","Dodge and Roll","Malaise","Bouncing Flask+1","Well Laid Plans+1","Predator","Dodge and Roll+1","Blade Dance","Corpse Explosion","PiercingWail+1","Parasite","Blade Dance","PiercingWail+1"],"relics":["Fusion Hammer","Pear","Letter Opener","HornCleat","Pandora\u0027s Box","Shuriken","Oddly Smooth Stone","Toy Ornithopter","Potion Belt","Anchor","Ornamental Fan","Juzu Bracelet","SlaversCollar","Bird Faced Urn","TungstenRod","Meat on the Bone","Nunchaku","War Paint","Pocketwatch"],"acts_visited":["Exordium","TheCity","TheBeyond","TheEnding"],"potions_floor_usage":[35,39,40,48,54,54,55,55],"damage_taken":[{"damage":4.0,"enemies":"Jaw Worm","floor":1.0,"turns":4.0},{"damage":0.0,"enemies":"Cultist","floor":2.0,"turns":4.0},{"damage":1.0,"enemies":"2 Louse","floor":6.0,"turns":3.0},{"damage":0.0,"enemies":"2 Fungi Beasts","floor":8.0,"turns":3.0},{"damage":0.0,"enemies":"Large Slime","floor":11.0,"turns":11.0},{"damage":38.0,"enemies":"Gremlin Nob","floor":12.0,"turns":6.0},{"damage":17.0,"enemies":"Lagavulin","floor":14.0,"turns":12.0},{"damage":8.0,"enemies":"The Guardian","floor":16.0,"turns":21.0},{"damage":0.0,"enemies":"3 Byrds","floor":18.0,"turns":4.0},{"damage":18.0,"enemies":"Shell Parasite","floor":20.0,"turns":5.0},{"damage":16.0,"enemies":"Book of Stabbing","floor":23.0,"turns":6.0},{"damage":22.0,"enemies":"Gremlin Leader","floor":25.0,"turns":7.0},{"damage":20.0,"enemies":"Slavers","floor":27.0,"turns":5.0},{"damage":0.0,"enemies":"Book of Stabbing","floor":31.0,"turns":8.0},{"damage":1.0,"enemies":"Champ","floor":33.0,"turns":14.0},{"damage":4,"enemies":"3 Darklings","floor":35,"turns":4},{"damage":0,"enemies":"Orb Walker","floor":38,"turns":4},{"damage":17,"enemies":"Writhing Mass","floor":39,"turns":6},{"damage":13,"enemies":"Giant Head","floor":40,"turns":9},{"damage":25,"enemies":"Transient","floor":42,"turns":5},{"damage":12,"enemies":"2 Orb Walkers","floor":44,"turns":4},{"damage":1,"enemies":"Reptomancer","floor":46,"turns":6},{"damage":7,"enemies":"Nemesis","floor":48,"turns":7},{"damage":35,"enemies":"Awakened One","floor":50,"turns":15},{"damage":49,"enemies":"Shield and Spear","floor":54,"turns":5},{"damage":71,"enemies":"The Heart","floor":55,"turns":8}],"seed_played":"-1403230582718153399","potions_obtained":[{"floor":2.0,"key":"Block Potion"},{"floor":8.0,"key":"FearPotion"},{"floor":20.0,"key":"Block Potion"},{"floor":25.0,"key":"SteroidPotion"},{"floor":27.0,"key":"Fire Potion"},{"floor":35,"key":"Dexterity Potion"},{"floor":38,"key":"EssenceOfSteel"},{"floor":40,"key":"Poison Potion"},{"floor":44,"key":"EssenceOfSteel"},{"floor":48,"key":"Dexterity Potion"}],"is_trial":false,"path_per_floor":["M","M","$","?","?","M","R","M","T","R","M","E","R","E","R","B",null,"M","T","M","?","$","E","R","E","T","E","$","R","?","E","R","B",null,"M","$","?","M","M","E","R","M","T","?","R","E","?","E","R","B",null,"R","$","E","B"],"character_chosen":"THE_SILENT","items_purchased":["Leg Sweep","Well Laid Plans","Oddly Smooth Stone","GhostInAJar","War Paint","Strength Potion"],"campfire_rested":10,"item_purchase_floors":[3,3,22,28,53,53],"current_hp_per_floor":[59,59,59,59,59,58,70,70,80,80,80,42,66,49,73,65,76,76,76,58,58,58,42,66,44,44,24,24,48,48,48,72,71,78,76,76,76,76,64,56,80,55,55,47,71,76,76,69,76,43,68,76,76,41,0,0],"gold":69,"neow_bonus":"BOSS_RELIC","is_daily":false,"chose_seed":false,"campfire_upgraded":0,"win_rate":0.0,"timestamp":1607759767,"path_taken":["M","M","$","?","?","M","R","?","T","R","M","E","R","E","R","BOSS","M","?","M","?","$","E","R","E","T","E","$","R","?","E","R","BOSS","M","$","?","M","M","E","R","M","T","?","R","E","?","E","R","BOSS","R","$","E","BOSS"],"items_purchased_type":["Card","Card","Relic","Potion","Relic","Potion"],"build_version":"2020-11-30","purchased_purges":2,"victory":false,"max_hp_per_floor":[70,70,70,70,70,70,70,70,80,80,80,80,80,80,80,80,80,80,80,80,80,80,80,80,80,80,80,80,80,80,80,80,80,80,80,80,80,80,80,80,80,80,80,80,80,80,76,76,76,76,76,76,76,76,76,76],"relic_stats":{"counters":[26,186],"Juzu Bracelet":1,"Letter Opener":[313],"War Paint":["Acrobatics","Bouncing Flask"],"Nunchaku":[7],"Shuriken":[57],"Ornamental Fan":[216],"Bird Faced Urn":[20],"Pandora\u0027s Box":["Cloak And Dagger","Dagger Throw","Phantasmal Killer","Backstab","Flechettes","Calculated Gamble","Caltrops","Dodge and Roll","Malaise"],"obtain_stats":[{"Potion Belt":25,"Pear":9,"Oddly Smooth Stone":22,"Juzu Bracelet":31,"Letter Opener":12,"War Paint":53,"SlaversCollar":34,"Anchor":26,"Nunchaku":48,"HornCleat":14,"Shuriken":19,"Ornamental Fan":27,"Bird Faced Urn":40,"Pandora\u0027s Box":17,"Fusion Hammer":0,"Toy Ornithopter":23,"TungstenRod":44,"Ring of the Snake":0,"Meat on the Bone":46,"Pocketwatch":54},{"Potion Belt":12,"Pear":4,"Oddly Smooth Stone":10,"Juzu Bracelet":14,"Letter Opener":6,"War Paint":24,"SlaversCollar":15,"Anchor":12,"Nunchaku":23,"HornCleat":7,"Shuriken":9,"Ornamental Fan":13,"Bird Faced Urn":19,"Pandora\u0027s Box":8,"Fusion Hammer":0,"Toy Ornithopter":11,"TungstenRod":21,"Ring of the Snake":0,"Meat on the Bone":22,"Pocketwatch":25},{"Potion Belt":86,"Pear":14,"Oddly Smooth Stone":73,"Juzu Bracelet":99,"Letter Opener":31,"War Paint":173,"SlaversCollar":113,"Anchor":86,"Nunchaku":158,"HornCleat":43,"Shuriken":68,"Ornamental Fan":91,"Bird Faced Urn":136,"Pandora\u0027s Box":64,"Fusion Hammer":0,"Toy Ornithopter":79,"TungstenRod":145,"Ring of the Snake":0,"Meat on the Bone":151,"Pocketwatch":178}],"Toy Ornithopter":32,"TungstenRod":47,"Meat on the Bone":0,"Pocketwatch":[3]},"card_choices":[{"not_picked":["Tactician","Sucker Punch"],"picked":"Dagger Throw","floor":1.0},{"not_picked":["Dodge and Roll","Sucker Punch"],"picked":"Crippling Poison","floor":2.0},{"not_picked":["Slice","PiercingWail"],"picked":"Dagger Spray","floor":6.0},{"not_picked":["Choke","Well Laid Plans","Terror"],"picked":"SKIP","floor":8.0},{"not_picked":["Dagger Throw","Underhanded Strike"],"picked":"Acrobatics","floor":11.0},{"not_picked":["Deflect","Bullet Time"],"picked":"Calculated Gamble","floor":12.0},{"not_picked":["Concentrate","Storm of Steel","Catalyst"],"picked":"SKIP","floor":14.0},{"not_picked":["Grand Finale","Burst"],"picked":"Glass Knife","floor":16.0},{"not_picked":["Sucker Punch+1","Calculated Gamble"],"picked":"Bouncing Flask","floor":18.0},{"not_picked":["PiercingWail","All Out Attack"],"picked":"Well Laid Plans+1","floor":20.0},{"not_picked":["Sucker Punch","PiercingWail"],"picked":"Predator","floor":23.0},{"not_picked":["Quick Slash","Flechettes","Heel Hook"],"picked":"SKIP","floor":25.0},{"not_picked":["Cloak And Dagger","Phantasmal Killer"],"picked":"Dodge and Roll+1","floor":27.0},{"not_picked":["Malaise","Dodge and Roll"],"picked":"Blade Dance","floor":31.0},{"not_picked":["A Thousand Cuts","Storm of Steel"],"picked":"Corpse Explosion","floor":33.0},{"not_picked":["Quick Slash+1","Caltrops+1"],"picked":"PiercingWail+1","floor":35},{"not_picked":["Dodge and Roll","Accuracy","Slice+1"],"picked":"SKIP","floor":38},{"not_picked":["All Out Attack+1","Finisher","Doppelganger"],"picked":"SKIP","floor":39},{"not_picked":["Quick Slash+1","Flechettes","Outmaneuver"],"picked":"SKIP","floor":40},{"not_picked":["Quick Slash","Bane"],"picked":"Blade Dance","floor":42},{"not_picked":["Outmaneuver","Dash"],"picked":"PiercingWail+1","floor":44},{"not_picked":["Backstab+1","Slice+1","Tactician"],"picked":"SKIP","floor":46},{"not_picked":["Backstab+1","Slice+1","Tactician"],"picked":"SKIP","floor":46},{"not_picked":["Flying Knee+1","Expertise","Corpse Explosion"],"picked":"SKIP","floor":48},{"not_picked":["Outmaneuver+1","Blade Dance","Escape Plan"],"picked":"SKIP","floor":54}],"player_experience":831535,"relics_obtained":[{"floor":9.0,"key":"Pear"},{"floor":12.0,"key":"Letter Opener"},{"floor":14.0,"key":"HornCleat"},{"floor":19.0,"key":"Shuriken"},{"floor":23.0,"key":"Toy Ornithopter"},{"floor":25.0,"key":"Potion Belt"},{"floor":26.0,"key":"Anchor"},{"floor":27.0,"key":"Ornamental Fan"},{"floor":31.0,"key":"Juzu Bracelet"},{"floor":40,"key":"Bird Faced Urn"},{"floor":44,"key":"TungstenRod"},{"floor":46,"key":"Meat on the Bone"},{"floor":48,"key":"Nunchaku"},{"floor":54,"key":"Pocketwatch"}],"event_choices":[{"damage_healed":0.0,"max_hp_gain":0.0,"max_hp_loss":0.0,"gold_gain":0.0,"event_name":"Living Wall","player_choice":"Grow","floor":4.0,"gold_loss":0.0,"damage_taken":0.0,"cards_upgraded":["Leg Sweep"]},{"cards_removed":["Strike_G"],"damage_healed":0.0,"max_hp_gain":0.0,"max_hp_loss":0.0,"gold_gain":0.0,"event_name":"Purifier","player_choice":"Purged","floor":5.0,"gold_loss":0.0,"damage_taken":0.0},{"damage_healed":0.0,"max_hp_gain":0.0,"max_hp_loss":0.0,"gold_gain":0.0,"event_name":"Ghosts","player_choice":"Ignored","floor":21.0,"gold_loss":0.0,"damage_taken":0.0},{"cards_removed":["Calculated Gamble"],"damage_healed":0.0,"max_hp_gain":0.0,"max_hp_loss":0.0,"gold_gain":0.0,"event_name":"Back to Basics","player_choice":"Elegance","floor":30.0,"gold_loss":0.0,"damage_taken":0.0},{"damage_healed":0,"gold_gain":0,"player_choice":"Upgrade","damage_taken":0,"max_hp_gain":0,"max_hp_loss":0,"event_name":"Designer","floor":37,"gold_loss":40,"cards_upgraded":["Glass Knife"]},{"damage_healed":0,"gold_gain":0,"player_choice":"Fight","damage_taken":0,"max_hp_gain":0,"max_hp_loss":0,"event_name":"Mysterious Sphere","floor":44,"gold_loss":0},{"damage_healed":0,"gold_gain":0,"player_choice":"Max HP","damage_taken":0,"max_hp_gain":0,"max_hp_loss":4,"event_name":"Winding Halls","floor":47,"gold_loss":0}],"is_beta":false,"boss_relics":[{"not_picked":["Calling Bell","Velvet Choker"],"picked":"Pandora\u0027s Box"},{"not_picked":["WristBlade","Tiny House"],"picked":"SlaversCollar"}],"items_purged_floors":[22,36],"is_endless":false,"potions_floor_spawned":[2,8,20,25,27,35,38,40,44,48],"killed_by":"The Heart","ascension_level":11}}