{"host":"lnc26sm36s9d8cik","time":1607790577,"event":{"mods":["Act Like it!","Bartender","BaseMod","Dio Mod","Downfall","Duelist Mod","Elementarium","Gensokyo","GifTheSpireLib","Hubris","Magitek Elite","Melee Mod","Mimic Mod","Minty Spire (QoL Compilation)","Prisma Mod","Remilia??????","Shade Mod","Spicy Shops","StSLib","The Administrix","The Alterego","The Animator","The Cursed","The Exalted","The Gatherer","The Hierophant","The Necromancer","The Poker Player","The Senshi","The Servant 0.9.4","The Wild Card","TheBandit","WarShipGirlsR/????R mod"],"gold_per_floor":[117,130,130,142,142,142,159,186,186,186,213,228,245,256,256,355,355,365,384,43,59,59,70,70,85,132,158,258,283,302,319,319,423,423,443,454,90,107,107,139,139,13,13,13,13],"floor_reached":44,"playtime":4532,"items_purged":["Pain","Consume_Illness"],"score":519,"play_id":"ee670faf-8f2f-4883-bbf1-39dc81587b47","local_time":"20201212172937","is_ascension_mode":false,"campfire_choices":[{"data":"Toxic_Smoke_Screen","floor":6,"key":"SMITH"},{"data":"Summon_Undead_Army","floor":15,"key":"SMITH"},{"floor":24,"key":"REST"},{"data":"Apotheosis","floor":32,"key":"SMITH"},{"data":"1","floor":41,"key":"LIFT"}],"circlet_count":0,"master_deck":["Strike_W","Strike_W","Strike_W","Strike_W","Defend_W","Defend_W","Defend_W","Defend_W","Negative_Energy_Arrows+1","Bone_Wall","Negative_Energy_Sphere+1","Negative_Energy_Burst+1","Toxic_Smoke_Screen+1","Summon_Undead_Army+1","Toxic_Smoke_Screen","Hellfire","Chill_Blood","Negative_Energy_Mist","Reap_The_Weak","Blood_Curse","Plague_Bolt","Summon_Lich","Apotheosis+1","Bone_Shift","Negative_Energy_Burst+1","Summon_Undead_Army+1","Negative_Energy_Mist","Negative_Energy_Sphere","Bone_Prison+1","Summon_Vampire_Lady","Exploit+1","Summon_Lich","Summon_Undead+1","hubris:Insight","Sadistic Nature","expansioncontent:ChargeUp","Summon_Undead_Army"],"relics":["Vampire_Amulet","Regal Pillow","WarpedTongs","Mummified Hand","hubris:ScarierMask","MealTicket","Tintinnabulum","Whetstone","Power_Wrist","Girya","Happy Flower","Elementarium:ElementariumTrophy","Black Star","Membership Card","Bronze Scales","Medical Kit","Strawberry","WingedGreaves","hubris:Potato","Sundial","hubris:DisguiseKit"],"acts_visited":["Exordium","Exordium","TheBeyond"],"potions_floor_usage":[11,28,28,28,28,40,40,40],"damage_taken":[{"damage":0,"enemies":"Small Slimes","floor":1,"turns":3},{"damage":0,"enemies":"Jaw Worm","floor":2,"turns":4},{"damage":0,"enemies":"2 Louse","floor":4,"turns":2},{"damage":0,"enemies":"Gremlin Gang","floor":7,"turns":1},{"damage":16,"enemies":"3 Sentries","floor":8,"turns":6},{"damage":27,"enemies":"Lagavulin","floor":11,"turns":8},{"damage":0,"enemies":"Lots of Slimes","floor":12,"turns":3},{"damage":3,"enemies":"Large Slime","floor":13,"turns":3},{"damage":12,"enemies":"Exordium Wildlife","floor":14,"turns":3},{"damage":5,"enemies":"Hexaghost","floor":16,"turns":7},{"damage":0,"enemies":"Elementarium:2_ELEMENTALS","floor":18,"turns":2},{"damage":6,"enemies":"Elementarium:VoidCorruption","floor":19,"turns":5},{"damage":6,"enemies":"Elementarium:3_ELEMENTALS","floor":21,"turns":3},{"damage":39,"enemies":"Elementarium:VoidBeast","floor":23,"turns":5},{"damage":2,"enemies":"Elementarium:STONE_GOLEMS","floor":25,"turns":3},{"damage":4,"enemies":"Elementarium:ElementalPortal","floor":27,"turns":6},{"damage":16,"enemies":"Elementarium:FIRE_SANCTUM_HERALD","floor":28,"turns":4},{"damage":11,"enemies":"Elementarium:FIRE_SANCTUM_FIRELORD","floor":28,"turns":5},{"damage":15,"enemies":"Elementarium:FIRE_NOBILITY","floor":29,"turns":4},{"damage":3,"enemies":"Elementarium:RubyGolem","floor":30,"turns":4},{"damage":5,"enemies":"Elementarium:3_ELEMENTALS","floor":31,"turns":3},{"damage":38,"enemies":"Elementarium:GolemEmperor","floor":33,"turns":10},{"damage":0,"enemies":"3 Darklings","floor":35,"turns":2},{"damage":21,"enemies":"Orb Walker","floor":36,"turns":4},{"damage":18,"enemies":"4 Shapes","floor":38,"turns":3},{"damage":42,"enemies":"Nemesis","floor":40,"turns":5},{"damage":108,"enemies":"Giant Head","floor":44,"turns":7}],"seed_played":"-2889425767802182628","potions_obtained":[{"floor":1,"key":"Weak Potion"},{"floor":4,"key":"Regen Potion"},{"floor":7,"key":"Dexterity Potion"},{"floor":13,"key":"Guardian:BlockOnCardUsePotion"},{"floor":16,"key":"EntropicBrew"},{"floor":27,"key":"LiquidBronze"},{"floor":29,"key":"Guardian:BlockOnCardUsePotion"},{"floor":36,"key":"Energy Potion"},{"floor":38,"key":"Regen Potion"}],"is_trial":false,"path_per_floor":["M","M","?","M","?","R","M","E","T","?","E","M","M","M","R","B",null,"M","M","$","M","?","M","R","M","T","E","?","E","M","M","R","B",null,"M","M","$","M","?","E","R","$","T","E"],"character_chosen":"NECROMANCER","items_purchased":["Summon_Lich","Apotheosis","Membership Card","Bronze Scales","Medical Kit","Summon_Lich","hubris:Potato","Sundial"],"campfire_rested":1,"item_purchase_floors":[20,20,37,37,37,37,42,42],"current_hp_per_floor":[82,82,82,82,82,82,82,72,72,72,62,72,73,65,65,62,82,82,78,78,76,60,23,62,62,62,71,55,45,45,45,46,21,82,82,66,82,70,61,47,48,64,65,0,0],"gold":13,"neow_bonus":"TEN_PERCENT_HP_BONUS","is_daily":false,"chose_seed":false,"campfire_upgraded":3,"win_rate":0.0,"timestamp":1607790577,"path_taken":["M","M","?","M","?","R","M","E","T","?","E","?","M","?","R","BOSS","M","M","$","M","?","M","R","?","T","E","?","E","M","M","R","BOSS","M","M","$","M","?","E","R","?","T","E"],"items_purchased_type":["Card","Card","Relic","Relic","Relic","Card","Relic","Relic"],"build_version":"2020-11-30","purchased_purges":2,"victory":false,"max_hp_per_floor":[82,82,82,82,82,82,82,82,82,82,82,82,82,82,82,82,82,82,82,82,82,82,82,82,82,82,82,82,82,82,82,82,82,82,82,82,82,82,82,89,89,89,89,89,89],"card_choices":[{"not_picked":["Bone_Armory","Blood_Curse"],"picked":"Negative_Energy_Sphere","floor":1},{"not_picked":["Scare","Negative_Energy_Sphere"],"picked":"Negative_Energy_Burst","floor":2},{"not_picked":["Bone_Armor","Summon_Lich"],"picked":"Toxic_Smoke_Screen","floor":4},{"not_picked":["Blood_Whip","Bone_Spikes","Blood_Curse"],"picked":"SKIP","floor":7},{"not_picked":["Blood_Whip","Blood_Magic"],"picked":"Summon_Undead_Army","floor":8},{"not_picked":["Shackles_Of_Pain","Deaths_Shadow"],"picked":"Toxic_Smoke_Screen","floor":11},{"not_picked":["Shackles_Of_Pain","Blood_Curse"],"picked":"Hellfire","floor":12},{"not_picked":["Necrotic_Claws","Blood_Whip"],"picked":"Chill_Blood","floor":13},{"not_picked":["Epidemic","Scare"],"picked":"Negative_Energy_Mist","floor":14},{"not_picked":["Blood_Wake","Detonate_Bones"],"picked":"Reap_The_Weak","floor":16},{"not_picked":["Slay_Living","Bones_to_Steel"],"picked":"Blood_Curse","floor":18},{"not_picked":["Slay_Living","Bone_Armor"],"picked":"Plague_Bolt","floor":19},{"not_picked":["Life_Drain+1","Blood_Whip+1"],"picked":"Bone_Shift","floor":21},{"not_picked":["Scare","Bone_Shift"],"picked":"Negative_Energy_Burst+1","floor":23},{"not_picked":["Toxic_Smoke_Screen+1","Negative_Energy_Sphere+1"],"picked":"Summon_Undead_Army+1","floor":25},{"not_picked":["Death_Coil","Corrupt"],"picked":"Negative_Energy_Mist","floor":27},{"not_picked":["Death_Coil","Blood_Curse"],"picked":"Negative_Energy_Sphere","floor":28},{"not_picked":["Finger_Of_Death","Death_March_Dance","Consume_Illness+1"],"picked":"SKIP","floor":29},{"not_picked":["Bone_Bullets","Corrupt+1"],"picked":"Bone_Prison+1","floor":30},{"not_picked":["Negative_Energy_Bomb","Blood_Whip"],"picked":"Consume_Illness","floor":31},{"not_picked":["Skeleton_Dragon","Hellfire"],"picked":"Summon_Vampire_Lady","floor":33},{"not_picked":["Blood_Curse","Death_March_Dance+1","Death_Coil+1"],"picked":"SKIP","floor":35},{"not_picked":["Death_March_Dance","Chill_Blood+1"],"picked":"Exploit+1","floor":36},{"not_picked":["Life_Tap","Chill_Blood+1"],"picked":"Summon_Undead+1","floor":38},{"not_picked":["theDuelist:OrbMetronome","expansioncontent:LastStand"],"picked":"hubris:Insight","floor":39},{"not_picked":["expansioncontent:PolyBeam","Enlightenment"],"picked":"Sadistic Nature","floor":39},{"not_picked":["expansioncontent:Hexaburn","Bandage Up"],"picked":"expansioncontent:ChargeUp","floor":39},{"not_picked":["Finger_Of_Death+1","Blood_Is_Power+1"],"picked":"Summon_Undead_Army","floor":40}],"player_experience":250732,"relics_obtained":[{"floor":8,"key":"Regal Pillow"},{"floor":11,"key":"Mummified Hand"},{"floor":26,"key":"Tintinnabulum"},{"floor":27,"key":"Whetstone"},{"floor":28,"key":"Power_Wrist"},{"floor":28,"key":"Girya"},{"floor":29,"key":"Happy Flower"},{"floor":40,"key":"Strawberry"},{"floor":40,"key":"WingedGreaves"},{"floor":43,"key":"hubris:DisguiseKit"}],"event_choices":[{"damage_healed":0,"gold_gain":0,"player_choice":"Ignored","damage_taken":0,"max_hp_gain":0,"max_hp_loss":0,"event_name":"Liars Game","floor":5,"gold_loss":0},{"damage_healed":0,"gold_gain":0,"player_choice":"Rummage","damage_taken":0,"relics_obtained":["WarpedTongs"],"max_hp_gain":0,"max_hp_loss":0,"event_name":"Accursed Blacksmith","floor":10,"gold_loss":0,"cards_obtained":["Pain"]},{"damage_healed":0,"gold_gain":0,"player_choice":"Blood","damage_taken":16,"relics_obtained":["MealTicket"],"max_hp_gain":0,"max_hp_loss":0,"event_name":"Elementarium:ShatteredPortal","floor":22,"gold_loss":0},{"damage_healed":0,"gold_gain":0,"player_choice":"Fight","damage_taken":0,"max_hp_gain":0,"max_hp_loss":0,"event_name":"Elementarium:FireSanctum","floor":28,"gold_loss":0},{"damage_healed":0,"gold_gain":0,"player_choice":"Confrontation","damage_taken":0,"max_hp_gain":0,"max_hp_loss":0,"event_name":"Elementarium:FireSanctum","floor":28,"gold_loss":0},{"damage_healed":0,"gold_gain":0,"player_choice":"Memory 3","damage_taken":10,"max_hp_gain":0,"max_hp_loss":0,"event_name":"SensoryStone","floor":39,"gold_loss":0}],"is_beta":false,"boss_relics":[{"not_picked":["hubris:Stopwatch","Bromod:ArcaneBarrier"],"picked":"hubris:ScarierMask"},{"not_picked":["hubris:TerracottaHorce","Astrolabe"],"picked":"Black Star"}],"items_purged_floors":[20,37],"is_endless":false,"potions_floor_spawned":[1,4,7,13,16,23,27,28,29,30,31,36,38],"killed_by":"Giant Head","ascension_level":0}}