{"host":"90jl2h70xtuoeg0i","time":1607734757,"event":{"mods":["AchievementEnabler","BaseMod","Colored Map","Colored Powertips","Minty Spire (QoL Compilation)","Relic Stats","ojb\u0027s Better Paths Mod","ojb\u0027s Info Mod"],"gold_per_floor":[113,130,142,142,107,107,122,42,111,111,111,130,164,174,174,246,246,231,231,231,231,250,262,33,51,77,77,94,94,94],"floor_reached":29,"playtime":1498,"items_purged":[],"score":397,"play_id":"f1532b25-37ca-417b-97f9-fb87c0803b92","local_time":"20201211195917","is_ascension_mode":true,"campfire_choices":[{"data":"Catalyst","floor":6.0,"key":"SMITH"},{"data":"Noxious Fumes","floor":10.0,"key":"SMITH"},{"data":"Bouncing Flask","floor":15,"key":"SMITH"},{"data":"Wraith Form v2","floor":27,"key":"SMITH"}],"circlet_count":0,"master_deck":["AscendersBane","Defend_G","Defend_G","Defend_G","Defend_G","Defend_G","Survivor","Neutralize","Noxious Fumes+1","Catalyst+1","Deadly Poison","Catalyst","Noxious Fumes","Bouncing Flask+1","Wraith Form v2+1","Dagger Spray","Deadly Poison","Deflect","After Image","Calculated Gamble","Deflect+1","Corpse Explosion","Catalyst+1","Setup","Bane"],"relics":["Coffee Dripper","Strawberry","Nunchaku","Empty Cage","DollysMirror","Akabeko"],"acts_visited":["Exordium","TheCity"],"potions_floor_usage":[14,16,25,25],"damage_taken":[{"damage":7.0,"enemies":"Jaw Worm","floor":1.0,"turns":4.0},{"damage":5.0,"enemies":"Small Slimes","floor":2.0,"turns":4.0},{"damage":0.0,"enemies":"Cultist","floor":3.0,"turns":5.0},{"damage":1.0,"enemies":"Looter","floor":7.0,"turns":4.0},{"damage":6,"enemies":"2 Fungi Beasts","floor":12,"turns":4},{"damage":17,"enemies":"Lagavulin","floor":13,"turns":6},{"damage":22,"enemies":"Exordium Wildlife","floor":14,"turns":4},{"damage":8,"enemies":"Slime Boss","floor":16,"turns":8},{"damage":2,"enemies":"2 Thieves","floor":18,"turns":4},{"damage":16,"enemies":"3 Byrds","floor":22,"turns":4},{"damage":0,"enemies":"Centurion and Healer","floor":23,"turns":6},{"damage":2,"enemies":"Snake Plant","floor":25,"turns":2},{"damage":6,"enemies":"Snecko","floor":28,"turns":4},{"damage":9,"enemies":"3 Cultists","floor":29,"turns":2}],"seed_played":"1965786805236103178","potions_obtained":[{"floor":1.0,"key":"Weak Potion"},{"floor":2.0,"key":"Swift Potion"},{"floor":14,"key":"Block Potion"},{"floor":23,"key":"EssenceOfSteel"}],"is_trial":false,"path_per_floor":["M","M","M","?","?","R","M","$","T","R","?","M","E","M","R","B",null,"M","?","?","?","M","M","$","M","T","R","M","M"],"character_chosen":"THE_SILENT","items_purchased":["Noxious Fumes","Corpse Explosion","DollysMirror"],"campfire_rested":0,"item_purchase_floors":[8,24,24],"current_hp_per_floor":[52,47,47,40,56,56,55,55,55,55,57,51,34,12,12,4,56,54,33,33,33,17,17,17,15,15,15,9,0,0],"gold":94,"neow_bonus":"BOSS_RELIC","is_daily":false,"chose_seed":false,"campfire_upgraded":4,"win_rate":0.0,"timestamp":1607734757,"path_taken":["M","M","M","?","?","R","M","$","T","R","?","M","E","M","R","BOSS","M","?","?","?","M","M","$","M","T","R","M","M"],"items_purchased_type":["Card","Card","Relic"],"build_version":"2020-11-30","purchased_purges":0,"victory":false,"max_hp_per_floor":[66,66,66,66,66,66,66,66,66,66,73,73,73,73,73,73,73,73,78,78,78,78,78,78,78,78,78,78,78,78],"relic_stats":{"Nunchaku":[2],"counters":[14,61],"obtain_stats":[{"Nunchaku":13,"DollysMirror":24,"Strawberry":11,"Coffee Dripper":0,"Empty Cage":17,"Akabeko":26,"Ring of the Snake":0},{"Nunchaku":6,"DollysMirror":11,"Strawberry":4,"Coffee Dripper":0,"Empty Cage":8,"Akabeko":12,"Ring of the Snake":0},{"Nunchaku":27,"DollysMirror":53,"Strawberry":17,"Coffee Dripper":0,"Empty Cage":39,"Akabeko":55,"Ring of the Snake":0}]},"card_choices":[{"not_picked":["Flying Knee","Outmaneuver"],"picked":"Noxious Fumes","floor":1.0},{"not_picked":["Choke","Tactician"],"picked":"Catalyst","floor":2.0},{"not_picked":["Bane","Dagger Throw"],"picked":"Deadly Poison","floor":3.0},{"not_picked":["Underhanded Strike","Calculated Gamble"],"picked":"Catalyst","floor":7.0},{"not_picked":["Underhanded Strike","Outmaneuver","Dagger Throw"],"picked":"SKIP","floor":12},{"not_picked":["Dash","Slice"],"picked":"Bouncing Flask","floor":13},{"not_picked":["Underhanded Strike","Eviscerate","Finisher"],"picked":"SKIP","floor":14},{"not_picked":["Venomology","Bullet Time"],"picked":"Wraith Form v2","floor":16},{"not_picked":["Acrobatics","Slice"],"picked":"Dagger Spray","floor":18},{"not_picked":["Caltrops","Riddle With Holes"],"picked":"Calculated Gamble","floor":22},{"not_picked":["Escape Plan","Setup"],"picked":"Deflect+1","floor":23},{"not_picked":["Deadly Poison","Dodge and Roll"],"picked":"Setup","floor":25},{"not_picked":["Deflect","Deadly Poison"],"picked":"Bane","floor":28}],"player_experience":1231435,"relics_obtained":[{"floor":13,"key":"Nunchaku"},{"floor":26,"key":"Akabeko"}],"event_choices":[{"cards_removed":["Strike_G"],"damage_healed":0.0,"max_hp_gain":0.0,"max_hp_loss":0.0,"gold_gain":0.0,"event_name":"Golden Wing","player_choice":"Card Removal","floor":4.0,"gold_loss":0.0,"damage_taken":7.0},{"damage_healed":16.0,"max_hp_gain":0.0,"max_hp_loss":0.0,"gold_gain":0.0,"event_name":"The Cleric","player_choice":"Healed","floor":5.0,"gold_loss":35.0,"damage_taken":0.0},{"damage_healed":0.0,"max_hp_gain":0.0,"max_hp_loss":0.0,"gold_gain":0.0,"event_name":"Scrap Ooze","player_choice":"Success","floor":11.0,"gold_loss":0.0,"damage_taken":5.0,"relics_obtained":["Strawberry"]},{"damage_healed":0,"gold_gain":0,"player_choice":"Shed Blood","damage_taken":26,"max_hp_gain":5,"max_hp_loss":0,"event_name":"Forgotten Altar","floor":19,"gold_loss":0},{"damage_healed":0,"gold_gain":0,"cards_transformed":["Strike_G","Strike_G"],"player_choice":"Became Test Subject","damage_taken":0,"max_hp_gain":0,"max_hp_loss":0,"event_name":"Drug Dealer","floor":20,"gold_loss":0,"cards_obtained":["Deadly Poison","Deflect"]},{"damage_healed":0,"gold_gain":0,"player_choice":"1 cards matched","damage_taken":0,"max_hp_gain":0,"max_hp_loss":0,"event_name":"Match and Keep!","floor":21,"gold_loss":0,"cards_obtained":["After Image"]},{"damage_healed":0,"gold_gain":0,"player_choice":"1 cards matched","damage_taken":0,"max_hp_gain":0,"max_hp_loss":0,"event_name":"Match and Keep!","floor":21,"gold_loss":0,"cards_obtained":["After Image"]}],"is_beta":false,"boss_relics":[{"not_picked":["HoveringKite","SlaversCollar"],"picked":"Empty Cage"}],"items_purged_floors":[],"is_endless":false,"potions_floor_spawned":[1,2,7,14,23],"killed_by":"3 Cultists","ascension_level":15}}