{"host":"sabve5zmqufxyc5o","time":1607761940,"event":{"mods":["2.2 Compatiblity","AchievementEnabler","Act Like it!","BaseMod","Block Reminder","Colored Map","Colored Powertips","DeckTracker","KOR Keyword Fix","Keyboard Shortcuts","Minty Spire (QoL Compilation)","Quick Restart","Rare Cards Sparkle","Relic Stats","StSLib","SuperFastMode"],"gold_per_floor":[116,130,143,154,39,69,87,87,87,121,121,21,38,58,58,130,130,141,156,173,185,195,195,223,239,239,250,51,51,51,77,77,150,150,164,176,188,38,38,38,50,50,50,79,91,136,158,182,194,206,206],"floor_reached":50,"playtime":6415,"items_purged":["Strike_B","Strike_B","Defend_B","Parasite"],"score":1092,"play_id":"37bfe208-d468-4c51-9b20-1d922160be6d","local_time":"20201212173220","is_ascension_mode":true,"campfire_choices":[{"data":"Defragment","floor":8.0,"key":"SMITH"},{"data":"White Noise","floor":15.0,"key":"SMITH"},{"data":"Zap","floor":23.0,"key":"SMITH"},{"floor":30.0,"key":"REST"},{"floor":32.0,"key":"REST"},{"data":"Dualcast","floor":40.0,"key":"SMITH"},{"floor":45.0,"key":"REST"},{"data":"Thunder Strike","floor":49.0,"key":"SMITH"}],"circlet_count":0,"master_deck":["AscendersBane","Defend_B","Defend_B","Zap+1","Dualcast+1","White Noise+1","Cold Snap","Defragment+1","Gash","Glacier","BootSequence","Capacitor+1","Buffer+1","Meteor Strike+1","Chill+1","Gash+1","Heatsinks+1","Turbo","Chill","Capacitor+1","Electrodynamics+1","Storm+1","Core Surge","Self Repair+1","Defragment+1","Thunder Strike+1","FTL","Compile Driver"],"relics":["FrozenCore","Mercury Hourglass","CaptainsWheel","Frozen Egg 2","Astrolabe","Du-Vu Doll","HornCleat","Boot","Cables","MawBank","Bag of Marbles"],"acts_visited":["Exordium","TheCity","TheBeyond"],"potions_floor_usage":[50,50],"damage_taken":[{"damage":3.0,"enemies":"2 Louse","floor":1.0,"turns":3.0},{"damage":2.0,"enemies":"Cultist","floor":2.0,"turns":4.0},{"damage":10.0,"enemies":"Jaw Worm","floor":3.0,"turns":4.0},{"damage":4.0,"enemies":"Large Slime","floor":4.0,"turns":5.0},{"damage":13.0,"enemies":"3 Sentries","floor":6.0,"turns":13.0},{"damage":0.0,"enemies":"Blue Slaver","floor":7.0,"turns":4.0},{"damage":17.0,"enemies":"Gremlin Nob","floor":10.0,"turns":5.0},{"damage":0.0,"enemies":"2 Fungi Beasts","floor":13.0,"turns":2.0},{"damage":7.0,"enemies":"Gremlin Gang","floor":14.0,"turns":3.0},{"damage":15.0,"enemies":"Hexaghost","floor":16.0,"turns":13.0},{"damage":0.0,"enemies":"Spheric Guardian","floor":18.0,"turns":8.0},{"damage":4.0,"enemies":"Shell Parasite","floor":19.0,"turns":6.0},{"damage":0.0,"enemies":"3 Cultists","floor":20.0,"turns":8.0},{"damage":10.0,"enemies":"Sentry and Sphere","floor":21.0,"turns":8.0},{"damage":0.0,"enemies":"Snecko","floor":22.0,"turns":5.0},{"damage":3.0,"enemies":"Book of Stabbing","floor":24.0,"turns":4.0},{"damage":5.0,"enemies":"Cultist and Chosen","floor":25.0,"turns":6.0},{"damage":0.0,"enemies":"Snake Plant","floor":27.0,"turns":5.0},{"damage":9.0,"enemies":"Slavers","floor":31.0,"turns":3.0},{"damage":21.0,"enemies":"Automaton","floor":33.0,"turns":8.0},{"damage":0.0,"enemies":"3 Darklings","floor":35.0,"turns":2.0},{"damage":0.0,"enemies":"3 Shapes","floor":36.0,"turns":4.0},{"damage":17.0,"enemies":"Writhing Mass","floor":37.0,"turns":9.0},{"damage":11.0,"enemies":"Maw","floor":41.0,"turns":6.0},{"damage":32.0,"enemies":"Reptomancer","floor":44.0,"turns":6.0},{"damage":17.0,"enemies":"Giant Head","floor":46.0,"turns":8.0},{"damage":0.0,"enemies":"Sphere and 2 Shapes","floor":47.0,"turns":3.0},{"damage":0.0,"enemies":"Writhing Mass","floor":48.0,"turns":5.0},{"damage":83,"enemies":"Awakened One","floor":50,"turns":9}],"seed_played":"-2923170853336657555","potions_obtained":[{"floor":1.0,"key":"PowerPotion"},{"floor":6.0,"key":"Explosive Potion"},{"floor":10.0,"key":"Swift Potion"},{"floor":14.0,"key":"Weak Potion"},{"floor":16.0,"key":"Dexterity Potion"},{"floor":18.0,"key":"Ancient Potion"}],"is_trial":false,"path_per_floor":["M","M","M","M","$","E","M","R","T","E","?","$","M","M","R","B",null,"M","M","M","M","M","R","E","M","T","M","$","?","R","E","R","B",null,"M","M","M","$","?","R","M","?","T","E","R","E","M","M","R","B"],"character_chosen":"DEFECT","items_purchased":["Glacier","Storm+1"],"campfire_rested":3,"item_purchase_floors":[5,28],"current_hp_per_floor":[68,66,56,52,52,39,39,39,39,22,78,78,78,71,71,56,73,73,69,69,59,59,59,56,51,51,51,51,29,53,44,68,47,74,74,74,67,67,67,67,66,66,66,44,66,59,59,69,69,0,0],"gold":206,"neow_bonus":"TEN_PERCENT_HP_BONUS","is_daily":false,"chose_seed":false,"campfire_upgraded":5,"win_rate":0.0,"timestamp":1607761940,"path_taken":["M","M","M","M","$","E","M","R","T","E","?","$","M","M","R","BOSS","M","M","?","M","M","R","E","M","T","M","$","?","R","E","R","BOSS","M","M","M","$","?","R","M","?","T","E","R","E","M","M","R","BOSS"],"items_purchased_type":["Card","Card"],"build_version":"2020-11-30","purchased_purges":4,"victory":false,"max_hp_per_floor":[78,78,78,78,78,78,78,78,78,78,78,78,78,78,78,78,78,78,78,78,78,78,78,78,78,78,78,78,83,83,83,83,83,83,83,83,83,80,80,80,80,76,76,76,76,76,76,76,76,76,76],"relic_stats":{"counters":[29,166],"Astrolabe":["Meteor Strike","Chill","Gash"],"Boot":[8],"MawBank":72,"obtain_stats":[{"Du-Vu Doll":24,"CaptainsWheel":9,"HornCleat":26,"Astrolabe":17,"Bag of Marbles":46,"Frozen Egg 2":10,"Cracked Core":0,"Boot":31,"MawBank":44,"Mercury Hourglass":6,"FrozenCore":34,"Cables":43},{"Du-Vu Doll":16,"CaptainsWheel":6,"HornCleat":17,"Astrolabe":10,"Bag of Marbles":26,"Frozen Egg 2":7,"Cracked Core":0,"Boot":19,"MawBank":25,"Mercury Hourglass":5,"FrozenCore":20,"Cables":24},{"Du-Vu Doll":94,"CaptainsWheel":33,"HornCleat":100,"Astrolabe":56,"Bag of Marbles":149,"Frozen Egg 2":38,"Cracked Core":0,"Boot":107,"MawBank":141,"Mercury Hourglass":29,"FrozenCore":115,"Cables":135}],"FrozenCore":[23],"Mercury Hourglass":[518],"Cables":[28,12,16,0,0]},"card_choices":[{"not_picked":["Static Discharge","Conserve Battery"],"picked":"White Noise","floor":1.0},{"not_picked":["Force Field","Ball Lightning"],"picked":"Cold Snap","floor":2.0},{"not_picked":["Steam","Stack"],"picked":"Defragment","floor":3.0},{"not_picked":["Streamline","Glacier"],"picked":"Gash","floor":4.0},{"not_picked":["Auto Shields","Hyperbeam","Lockon"],"picked":"SKIP","floor":6.0},{"not_picked":["Reinforced Body","Steam"],"picked":"BootSequence","floor":7.0},{"not_picked":["Fission","Hologram"],"picked":"Capacitor+1","floor":10.0},{"not_picked":["Go for the Eyes","Sweeping Beam","Static Discharge+1"],"picked":"SKIP","floor":13.0},{"not_picked":["Leap","Ball Lightning"],"picked":"Rip and Tear","floor":14.0},{"not_picked":["Meteor Strike","Creative AI+1"],"picked":"Buffer+1","floor":16.0},{"not_picked":["Gash","Streamline"],"picked":"Heatsinks+1","floor":18.0},{"not_picked":["Go for the Eyes","Conserve Battery"],"picked":"Turbo","floor":19.0},{"not_picked":["Fission","Rebound"],"picked":"Chill","floor":20.0},{"not_picked":["Stack","Barrage"],"picked":"Capacitor+1","floor":21.0},{"not_picked":["Storm+1","Leap"],"picked":"Electrodynamics+1","floor":22.0},{"not_picked":["Redo","Steam","Ball Lightning"],"picked":"SKIP","floor":24.0},{"not_picked":["Capacitor+1","Doom and Gloom","Reprogram"],"picked":"SKIP","floor":25.0},{"not_picked":["Tempest+1","Heatsinks+1","Turbo"],"picked":"SKIP","floor":27.0},{"not_picked":["Stack","Redo","Reinforced Body"],"picked":"SKIP","floor":31.0},{"not_picked":["Amplify","Multi-Cast"],"picked":"Core Surge","floor":33.0},{"not_picked":["Stack","Consume","Cold Snap"],"picked":"SKIP","floor":35.0},{"not_picked":["Barrage","Gash"],"picked":"Self Repair+1","floor":36.0},{"not_picked":["Redo","Compile Driver+1"],"picked":"Defragment+1","floor":37.0},{"not_picked":["Force Field","Conserve Battery"],"picked":"Thunder Strike","floor":41.0},{"not_picked":["Rip and Tear","Double Energy","Steam"],"picked":"SKIP","floor":44.0},{"not_picked":["Go for the Eyes","Rebound","Storm+1"],"picked":"SKIP","floor":46.0},{"not_picked":["Glacier","Turbo"],"picked":"FTL","floor":47.0},{"not_picked":["Redo","Storm+1","Compile Driver"],"picked":"SKIP","floor":48.0},{"not_picked":["Redo","Storm+1"],"picked":"Compile Driver","floor":48.0}],"player_experience":765577,"relics_obtained":[{"floor":6.0,"key":"Mercury Hourglass"},{"floor":9.0,"key":"CaptainsWheel"},{"floor":10.0,"key":"Frozen Egg 2"},{"floor":24.0,"key":"Du-Vu Doll"},{"floor":26.0,"key":"HornCleat"},{"floor":31.0,"key":"Boot"},{"floor":43.0,"key":"Cables"},{"floor":44.0,"key":"MawBank"},{"floor":46.0,"key":"Bag of Marbles"}],"event_choices":[{"damage_healed":56.0,"max_hp_gain":0.0,"max_hp_loss":0.0,"gold_gain":0.0,"event_name":"Wheel of Change","player_choice":"Full Heal","floor":11.0,"gold_loss":0.0,"damage_taken":0.0},{"damage_healed":0.0,"max_hp_gain":5.0,"max_hp_loss":0.0,"gold_gain":0.0,"event_name":"Forgotten Altar","player_choice":"Shed Blood","floor":29.0,"gold_loss":0.0,"damage_taken":27.0},{"cards_removed":["Rip and Tear"],"damage_healed":0.0,"max_hp_gain":0.0,"max_hp_loss":0.0,"gold_gain":0.0,"event_name":"Falling","player_choice":"Removed Attack","floor":39.0,"gold_loss":0.0,"damage_taken":0.0},{"damage_healed":0.0,"max_hp_gain":0.0,"max_hp_loss":4.0,"gold_gain":0.0,"event_name":"Winding Halls","player_choice":"Max HP","floor":42.0,"gold_loss":0.0,"damage_taken":0.0}],"is_beta":false,"boss_relics":[{"not_picked":["SlaversCollar","SacredBark"],"picked":"Astrolabe"},{"not_picked":["Calling Bell","Fusion Hammer"],"picked":"FrozenCore"}],"items_purged_floors":[5,12,28,38],"is_endless":false,"potions_floor_spawned":[1,6,7,10,14,16,18,19,24,27,33,37,41,47,48],"killed_by":"Awakened One","ascension_level":19}}