{"host":"qqjv58wfhopf6ysa","time":1607793714,"event":{"mods":["AchievementEnabler","Aspiration","BaseMod","Conspire","Hubris","Infinite Spire","Minty Spire (QoL Compilation)","Quick Restart","Replay The Spire","StSLib","SuperFastMode","vexMod"],"gold_per_floor":[119,119,119,119,137,167,167,177,177,177,177,177,102,112,112,213,213,229,229,245,264,214,214,247,281,281,320,320,378,378,404,404,401,401],"floor_reached":33,"playtime":800,"items_purged":["Strike_B","Defend_B","Defend_B"],"score":290,"play_id":"780fec63-022c-4b2c-ab85-30e14112c978","local_time":"20201213022154","is_ascension_mode":false,"campfire_choices":[{"data":"Dualcast","floor":7,"key":"SMITH"},{"floor":10,"key":"REST"},{"data":"Redo","floor":15,"key":"SMITH"},{"data":"Hologram","floor":23,"key":"SMITH"},{"data":"Loop","floor":30,"key":"SMITH"},{"floor":32,"key":"REST"}],"circlet_count":0,"master_deck":["Strike_B","Defend_B","Zap","Dualcast+1","infinitespire:Fortify+1","Redo+1","Seek","Consume+1","Hologram+1","conspire:SpireCoStock","Loop+1"],"relics":["Cracked Core","NeowsBlessing","Symbiotic Virus","hubris:KleinBottle","Geode","ReplayFunnel","vexMod:FocusSash","Empty Cage","Happy Flower","Strawberry","DataDisk"],"acts_visited":["Exordium","TheCity"],"potions_floor_usage":[21,27,33],"damage_taken":[{"damage":0,"enemies":"conspire:RoseBush","floor":1,"turns":1},{"damage":0,"enemies":"Jaw Worm","floor":5,"turns":1},{"damage":0,"enemies":"Lagavulin","floor":6,"turns":2},{"damage":0,"enemies":"Cultist","floor":8,"turns":3},{"damage":0,"enemies":"Looter","floor":14,"turns":3},{"damage":12,"enemies":"The Guardian","floor":16,"turns":8},{"damage":0,"enemies":"Shell Parasite","floor":18,"turns":5},{"damage":0,"enemies":"Spheric Guardian","floor":20,"turns":3},{"damage":18,"enemies":"Snake Plant","floor":21,"turns":3},{"damage":0,"enemies":"conspire:HollyBat","floor":24,"turns":5},{"damage":6,"enemies":"Shelled Parasite and Fungi","floor":25,"turns":4},{"damage":0,"enemies":"Cultist and Chosen","floor":27,"turns":4},{"damage":33,"enemies":"Book of Stabbing","floor":29,"turns":6},{"damage":79,"enemies":"conspire:MysteriousRune","floor":33,"turns":25}],"seed_played":"7122676855626300999","potions_obtained":[{"floor":1,"key":"Explosive Potion"},{"floor":2,"key":"AttackPotion"},{"floor":2,"key":"FairyPotion"},{"floor":18,"key":"infinitespire:BlackPotion"},{"floor":21,"key":"LiquidBronze"},{"floor":27,"key":"LifebloodPotion"}],"is_trial":false,"path_per_floor":["M","?","$","?","M","E","R","M","T","R","?","?","$","M","R","B",null,"M","?","M","M","?","R","M","M","T","M","?","E","R","T","R","B"],"character_chosen":"DEFECT","items_purchased":["Symbiotic Virus","hubris:KleinBottle"],"campfire_rested":2,"item_purchase_floors":[3,3],"current_hp_per_floor":[75,75,28,28,28,28,28,28,28,50,43,36,36,36,36,24,75,75,75,75,57,57,57,57,51,51,51,51,25,25,25,49,0,0],"gold":401,"neow_bonus":"THREE_ENEMY_KILL","is_daily":false,"chose_seed":false,"campfire_upgraded":4,"win_rate":0.0,"timestamp":1607793714,"path_taken":["M","?","?","?","?","E","R","M","T","R","?","?","$","M","R","BOSS","M","?","?","?","?","R","M","M","T","M","?","E","R","?","R","BOSS"],"items_purchased_type":["Relic","Relic"],"build_version":"2020-11-30","purchased_purges":3,"victory":false,"max_hp_per_floor":[75,75,75,75,75,75,75,75,75,75,75,75,75,75,75,75,75,75,75,75,75,75,75,75,75,75,75,75,82,82,82,82,82,82],"card_choices":[{"not_picked":["Turbo","Tempest","Rebound"],"picked":"SKIP","floor":1},{"not_picked":["infinitespire:Gouge","hubris:Fate"],"picked":"infinitespire:Fortify","floor":3},{"not_picked":["Storm","Compile Driver","Auto Shields"],"picked":"SKIP","floor":5},{"not_picked":["Conserve Battery","Panic Button","Blizzard"],"picked":"SKIP","floor":6},{"not_picked":["Streamline","Conserve Battery","Beam Cell"],"picked":"SKIP","floor":8},{"not_picked":["Compile Driver","Hologram"],"picked":"Redo","floor":14},{"not_picked":["Machine Learning","hubris:Prefetch"],"picked":"Seek","floor":16},{"not_picked":["Beam Cell","Sweeping Beam"],"picked":"Consume+1","floor":18},{"not_picked":["Crystallizer","Chaos+1"],"picked":"Hologram","floor":20},{"not_picked":["Melter","Compile Driver","Auto Shields"],"picked":"SKIP","floor":21},{"not_picked":["Rebound","Undo+1","Hyperbeam"],"picked":"SKIP","floor":24},{"not_picked":["Sweeping Beam","Go for the Eyes"],"picked":"Loop","floor":25},{"not_picked":["Beam Cell","Compile Driver","hubris:PowerSurge"],"picked":"SKIP","floor":27},{"not_picked":["hubris:DoWhile","Stack","Conserve Battery"],"picked":"SKIP","floor":29}],"player_experience":330241,"relics_obtained":[{"floor":6,"key":"Geode"},{"floor":9,"key":"ReplayFunnel"},{"floor":26,"key":"Happy Flower"},{"floor":29,"key":"Strawberry"},{"floor":31,"key":"DataDisk"}],"event_choices":[{"damage_healed":0,"gold_gain":0,"player_choice":"Got Potions","damage_taken":0,"max_hp_gain":0,"max_hp_loss":0,"event_name":"Lab","floor":2,"gold_loss":0},{"damage_healed":0,"gold_gain":0,"player_choice":"Upgraded","damage_taken":0,"max_hp_gain":0,"max_hp_loss":0,"event_name":"Upgrade Shrine","floor":4,"gold_loss":0,"cards_upgraded":["infinitespire:Fortify"]},{"damage_healed":0,"gold_gain":0,"player_choice":"Success","damage_taken":7,"relics_obtained":["vexMod:FocusSash"],"max_hp_gain":0,"max_hp_loss":0,"event_name":"Scrap Ooze","floor":11,"gold_loss":0},{"cards_removed":["Strike_B"],"damage_healed":0,"gold_gain":0,"player_choice":"Card Removal","damage_taken":7,"max_hp_gain":0,"max_hp_loss":0,"event_name":"Golden Wing","floor":12,"gold_loss":0},{"damage_healed":0,"gold_gain":0,"player_choice":"Bought 0 Potions","damage_taken":0,"max_hp_gain":0,"max_hp_loss":0,"event_name":"The Woman in Blue","floor":19,"gold_loss":0},{"damage_healed":0,"gold_gain":0,"player_choice":"Invest 1","damage_taken":0,"max_hp_gain":0,"max_hp_loss":0,"event_name":"conspire:Investor","floor":22,"gold_loss":0}],"is_beta":false,"boss_relics":[{"not_picked":["Sozu","Snecko Heart"],"picked":"Empty Cage"}],"items_purged_floors":[3,3,13],"is_endless":false,"potions_floor_spawned":[1,14,18,21,27,29],"killed_by":"conspire:MysteriousRune","ascension_level":0}}