{"host":"v4nyfngrgywi7zc6","time":1607743205,"event":{"mods":["2.2 Compatiblity","BaseMod","Custom Start","Downfall","Minty Spire (QoL Compilation)","Shop Mod","StSLib"],"gold_per_floor":[99,111,111,170,170,92,141,26,59,59,74,59,69,69,82,181,181,181,200,200,60,160,160,184,184,202,202,220,220,320,336,346,445,445,445,445,459,459,474,491,491,521,547,575,575,575],"floor_reached":45,"playtime":3369,"items_purged":["Regret","Slimebound:Tackle","Slimebound:CorrosiveSpit"],"score":519,"play_id":"be2942d9-54c2-42aa-89dc-df24fa35f616","local_time":"20201211212005","is_ascension_mode":false,"campfire_choices":[{"data":"Slimebound:Split","floor":1.0,"key":"SMITH"},{"floor":10.0,"key":"REST"},{"data":"Slimebound:WasteNot","floor":18.0,"key":"SMITH"},{"data":"Slimebound:LeadByExample","floor":23.0,"key":"SMITH"},{"data":"Slimebound:SlimeTap","floor":25.0,"key":"SMITH"},{"data":"Slimebound:RallyTheTroops","floor":27.0,"key":"SMITH"},{"data":"Bite","floor":35.0,"key":"SMITH"},{"data":"Slimebound:Dissolve","floor":38.0,"key":"SMITH"}],"circlet_count":0,"master_deck":["Slimebound:Defend_Slimebound","Slimebound:Defend_Slimebound+1","Slimebound:Defend_Slimebound+1","Slimebound:Defend_Slimebound","Slimebound:Split+1","Slimebound:LeadByExample+1","Slimebound:RallyTheTroops+1","Slimebound:SlimeTap+1","Slimebound:MinionMaster","Slimebound:WasteNot+1","CurseOfTheBell","Bite+1","Bite+1","Bite","Bite","Bite","Slimebound:SpikyOuterGoop+1","Slimebound:Nibble+1","Slimebound:OozeBath","Slimebound:Dissolve+1","Slimebound:SlimeBrawl+1","Slimebound:Nibble"],"relics":["Slimebound:AbsorbEndCombatUpgraded","Ancient Tea Set","Pantograph","MawBank","Slimebound:AggressiveSlimeRelic","Boot","Calling Bell","Orichalcum","Frozen Egg 2","Pocketwatch","White Beast Statue","War Paint","Torii","The Courier","Potion Belt","Bottled Tornado","Blood Vial","Juzu Bracelet"],"acts_visited":["Exordium","TheCity","TheBeyond"],"potions_floor_usage":[],"damage_taken":[{"damage":8.0,"enemies":"Cultist","floor":2.0,"turns":3.0},{"damage":28.0,"enemies":"3 Sentries","floor":4.0,"turns":7.0},{"damage":11.0,"enemies":"downfall:FleeingMerchant","floor":6.0,"turns":4.0},{"damage":17.0,"enemies":"downfall:FleeingMerchant","floor":8.0,"turns":4.0},{"damage":33.0,"enemies":"3 Sentries","floor":9.0,"turns":6.0},{"damage":16.0,"enemies":"2 Louse","floor":11.0,"turns":2.0},{"damage":17.0,"enemies":"downfall:FleeingMerchant","floor":12.0,"turns":4.0},{"damage":13.0,"enemies":"Jaw Worm","floor":13.0,"turns":3.0},{"damage":12.0,"enemies":"3 Louse","floor":15.0,"turns":3.0},{"damage":61.0,"enemies":"downfall:CharBossWatcher","floor":16.0,"turns":8.0},{"damage":42.0,"enemies":"Spheric Guardian","floor":19.0,"turns":4.0},{"damage":39.0,"enemies":"downfall:FleeingMerchant","floor":21.0,"turns":4.0},{"damage":51.0,"enemies":"downfall:WomanInBlue","floor":22.0,"turns":7.0},{"damage":28.0,"enemies":"3 Byrds","floor":26.0,"turns":4.0},{"damage":22.0,"enemies":"Cultist and Chosen","floor":28.0,"turns":5.0},{"damage":77.0,"enemies":"downfall:CharBossSilent","floor":30.0,"turns":7.0},{"damage":21.0,"enemies":"Snake Plant","floor":31.0,"turns":3.0},{"damage":14.0,"enemies":"Centurion and Healer","floor":32.0,"turns":5.0},{"damage":21.0,"enemies":"downfall:CharBossDefect","floor":33.0,"turns":4.0},{"damage":38.0,"enemies":"3 Darklings","floor":37.0,"turns":6.0},{"damage":27.0,"enemies":"3 Shapes","floor":39.0,"turns":3.0},{"damage":31.0,"enemies":"Jaw Worm Horde","floor":40.0,"turns":3.0},{"damage":51.0,"enemies":"Nemesis","floor":42.0,"turns":5.0},{"damage":64.0,"enemies":"Reptomancer","floor":44.0,"turns":5.0},{"damage":4,"enemies":"downfall:FleeingMerchant","floor":45,"turns":1}],"seed_played":"-5055732644363300535","potions_obtained":[{"floor":2.0,"key":"Ancient Potion"},{"floor":11.0,"key":"sneckomod:MuddlingPotion"},{"floor":13.0,"key":"Weak Potion"},{"floor":22.0,"key":"Regen Potion"},{"floor":22.0,"key":"EssenceOfSteel"},{"floor":26.0,"key":"Slimebound:SpawnSlimePotion"},{"floor":30.0,"key":"sneckomod:MuddlingPotion"},{"floor":31.0,"key":"AttackPotion"},{"floor":33.0,"key":"SpeedPotion"},{"floor":39.0,"key":"Slimebound:SpawnSlimePotion"},{"floor":42.0,"key":"SkillPotion"},{"floor":44.0,"key":"LiquidMemories"}],"is_trial":false,"path_per_floor":["R","M","?","?","?","$","T","$","E","R","M","$","M","?","M","B",null,"R","M","?","$","?","R","T","R","M","R","M","?","?","M","M","B",null,"R","?","M","R","M","M","T","E","T","E","$"],"character_chosen":"SLIMEBOUND","items_purchased":[],"campfire_rested":1,"item_purchase_floors":[],"current_hp_per_floor":[60,60,60,46,46,47,47,50,31,49,47,50,55,55,57,17,60,60,42,42,39,34,34,34,34,42,42,42,42,13,33,42,42,42,42,34,42,42,42,42,42,27,27,28,26,26],"gold":575,"neow_bonus":"RANDOM_COMMON_RELIC","is_daily":false,"chose_seed":false,"campfire_upgraded":7,"win_rate":0.0,"timestamp":1607743205,"path_taken":["R","M","?","?","?","?","T","$","E","R","M","?","M","?","M","BOSS","R","M","?","$","?","R","T","R","M","R","?","?","?","M","M","BOSS","R","?","?","R","M","M","T","E","?","E","$"],"items_purchased_type":[],"build_version":"2020-11-30","purchased_purges":3,"victory":false,"max_hp_per_floor":[60,60,60,60,60,60,60,60,60,60,60,60,60,60,60,60,60,60,60,42,42,42,42,42,42,42,42,42,42,42,42,42,42,42,42,42,42,42,42,42,42,42,42,42,42,42],"card_choices":[{"not_picked":["Slimebound:Dissolve","Slimebound:PressTheAttack"],"picked":"Slimebound:LeadByExample","floor":2.0},{"not_picked":["Slimebound:SlimeSpikes","Slimebound:SplitBruiser"],"picked":"Slimebound:RallyTheTroops","floor":4.0},{"not_picked":["Slimebound:ComboTackle","Slimebound:PressTheAttack"],"picked":"Slimebound:AcidTongue","floor":9.0},{"not_picked":["Slimebound:FinishingTackle","Slimebound:RainOfGoop"],"picked":"Slimebound:SlimeTap","floor":11.0},{"not_picked":["Slimebound:ComboTackle","Slimebound:Grow","Slimebound:SamplingLick"],"picked":"SKIP","floor":13.0},{"not_picked":["Slimebound:LeechEnergy","Slimebound:SlimeSpikes"],"picked":"Slimebound:MinionMaster","floor":15.0},{"not_picked":["Slimebound:OneTwoCombo","Slimebound:CheckThePlaybook"],"picked":"Slimebound:WasteNot","floor":16.0},{"not_picked":["Slimebound:PressTheAttack","Slimebound:Prepare","Slimebound:FinishingTackle"],"picked":"SKIP","floor":19.0},{"not_picked":["Slimebound:Dissolve+1","Slimebound:SamplingLick"],"picked":"Slimebound:SpikyOuterGoop+1","floor":22.0},{"not_picked":["Slimebound:LeechEnergy","Slimebound:SplitLeeching","Slimebound:Schlurp"],"picked":"SKIP","floor":26.0},{"not_picked":["Slimebound:PressTheAttack","Slimebound:ComboTackle","Slimebound:OozeBath"],"picked":"SKIP","floor":28.0},{"not_picked":["Slimebound:GoopTackle","Slimebound:Repurpose","Slimebound:SplitMire"],"picked":"SKIP","floor":31.0},{"not_picked":["Slimebound:AcidTongue+1","Slimebound:SlimeSpikes"],"picked":"Slimebound:Nibble+1","floor":32.0},{"not_picked":["Slimebound:DuplicatedForm+1","Slimebound:MassRepurpose"],"picked":"Slimebound:OozeBath","floor":33.0},{"not_picked":["Slimebound:LeechEnergy","Slimebound:Grow+1"],"picked":"Slimebound:Dissolve","floor":37.0},{"not_picked":["Slimebound:FormOfPuddle+1","Slimebound:HauntingLick"],"picked":"Slimebound:SlimeBrawl+1","floor":39.0},{"not_picked":["Slimebound:Gluttony+1","Slimebound:SamplingLick"],"picked":"Slimebound:Nibble","floor":40.0},{"not_picked":["Slimebound:ForwardTackle+1","Slimebound:LeechEnergy","Slimebound:FinishingTackle+1"],"picked":"SKIP","floor":42.0},{"not_picked":["Slimebound:SlimeTap","Slimebound:HauntingLick+1","Slimebound:RainOfGoop"],"picked":"SKIP","floor":44.0}],"player_experience":219123,"relics_obtained":[{"floor":4.0,"key":"Pantograph"},{"floor":7.0,"key":"Slimebound:AggressiveSlimeRelic"},{"floor":9.0,"key":"Boot"},{"floor":17.0,"key":"Orichalcum"},{"floor":17.0,"key":"Frozen Egg 2"},{"floor":17.0,"key":"Pocketwatch"},{"floor":22.0,"key":"White Beast Statue"},{"floor":24.0,"key":"War Paint"},{"floor":30.0,"key":"Torii"},{"floor":30.0,"key":"The Courier"},{"floor":41.0,"key":"Potion Belt"},{"floor":42.0,"key":"Bottled Tornado"},{"floor":43.0,"key":"Blood Vial"},{"floor":44.0,"key":"Juzu Bracelet"}],"event_choices":[{"damage_healed":0.0,"max_hp_gain":0.0,"max_hp_loss":0.0,"gold_gain":0.0,"event_name":"Big Fish","player_choice":"Box","floor":5.0,"gold_loss":0.0,"damage_taken":0.0,"relics_obtained":["MawBank"],"cards_obtained":["Regret"]},{"damage_healed":0.0,"max_hp_gain":0.0,"max_hp_loss":18.0,"gold_gain":0.0,"event_name":"Vampires","player_choice":"Became a vampire","floor":20.0,"gold_loss":0.0,"damage_taken":0.0,"cards_obtained":["Bite","Bite","Bite","Bite","Bite"]},{"damage_healed":0.0,"max_hp_gain":0.0,"max_hp_loss":0.0,"gold_gain":0.0,"event_name":"Ghosts","player_choice":"Ignored","floor":29.0,"gold_loss":0.0,"damage_taken":0.0}],"is_beta":false,"boss_relics":[{"not_picked":["SacredBark","Runic Dome"],"picked":"Calling Bell"},{"not_picked":["Astrolabe","Empty Cage"],"picked":"Slimebound:AbsorbEndCombatUpgraded"}],"items_purged_floors":[6,8,21],"is_endless":false,"potions_floor_spawned":[2,11,13,26,28,30,31,32,33,37,39,40,42,44],"killed_by":"downfall:FleeingMerchant","ascension_level":0}}