{"host":"yvb207ks1sg3cxef","time":1607793093,"event":{"mods":["2.2 Compatiblity","BaseMod","Bestiary","Colored Powertips","Downfall","Minty Spire (QoL Compilation)","Permanent Neow","Quick Restart","Relic Stats","StSLib"],"gold_per_floor":[0,18,34,48,48,58,85,103,103,128,147,147,147,165,178,274,274,224,237,237,251,264,214,239,273,287,237,247,265,285,296,310,414,414,364,392,342,357,36,36,36,36,36,36,55,55,70,55,71,71],"floor_reached":51,"playtime":4314,"items_purged":[],"score":657,"play_id":"c8094550-614b-4922-b0dd-ab7c3495f862","local_time":"20201212224133","is_ascension_mode":false,"campfire_choices":[{"data":"Slimebound:CorrosiveSpit","floor":1.0,"key":"SMITH"},{"data":"Slimebound:Grow","floor":9.0,"key":"SMITH"},{"data":"Slimebound:Strike_Slimebound","floor":18.0,"key":"PURGE"},{"data":"Slimebound:Tackle","floor":23.0,"key":"PURGE"},{"data":"Slimebound:ViciousTackle","floor":27.0,"key":"PURGE"},{"data":"Slimebound:SlimeBrawl","floor":35,"key":"PURGE"},{"data":"Slimebound:SlimeBrawl+1","floor":37,"key":"PURGE"},{"data":"Slimebound:GrowthPunch","floor":40,"key":"PURGE"},{"floor":42,"key":"RECALL"},{"data":"Slimebound:MegaLick","floor":44,"key":"PURGE"}],"circlet_count":0,"master_deck":["Slimebound:Defend_Slimebound","Slimebound:Defend_Slimebound","Slimebound:Defend_Slimebound","Slimebound:Split","Slimebound:CorrosiveSpit+1","Slimebound:SamplingLick+1","Slimebound:RejuvenatingLick+1","Slimebound:Grow+1","Slimebound:ProtectTheBoss+1","Slimebound:SplitLeeching","Slimebound:DuplicatedForm","Slimebound:SlimeSlap","Slimebound:Repurpose","Slimebound:MassRepurpose","Slimebound:ProtectTheBoss+1","Slimebound:Teamwork","Slimebound:SlimeTap+1","Slimebound:Schlurp+1","Slimebound:GoopSpray+1"],"relics":["Slimebound:AbsorbEndCombat","Slimebound:GreedOozeRelic","Slimebound:ScrapOozeRelic","SlaversCollar","Regal Pillow","Eternal Feather","Fusion Hammer","StoneCalendar","Strange Spoon","Bag of Preparation","Darkstone Periapt"],"acts_visited":["Exordium","TheCity","TheBeyond"],"potions_floor_usage":[31,47],"damage_taken":[{"damage":7.0,"enemies":"Small Slimes","floor":2.0,"turns":3.0},{"damage":7.0,"enemies":"Cultist","floor":3.0,"turns":3.0},{"damage":9.0,"enemies":"2 Louse","floor":4.0,"turns":3.0},{"damage":9.0,"enemies":"Blue Slaver","floor":6.0,"turns":4.0},{"damage":14.0,"enemies":"2 Fungi Beasts","floor":8.0,"turns":3.0},{"damage":19.0,"enemies":"Lagavulin","floor":10.0,"turns":5.0},{"damage":6.0,"enemies":"Gremlin Gang","floor":11.0,"turns":5.0},{"damage":14.0,"enemies":"Large Slime","floor":14.0,"turns":3.0},{"damage":0.0,"enemies":"2 Fungi Beasts","floor":15.0,"turns":3.0},{"damage":35.0,"enemies":"downfall:CharBossWatcher","floor":16.0,"turns":6.0},{"damage":26.0,"enemies":"Spheric Guardian","floor":19.0,"turns":3.0},{"damage":31.0,"enemies":"3 Byrds","floor":21.0,"turns":4.0},{"damage":26.0,"enemies":"Snake Plant","floor":22.0,"turns":3.0},{"damage":17.0,"enemies":"Book of Stabbing","floor":25.0,"turns":5.0},{"damage":23.0,"enemies":"Snecko","floor":26.0,"turns":3.0},{"damage":25,"enemies":"Centurion and Healer","floor":28,"turns":6},{"damage":42,"enemies":"3 Cultists","floor":29,"turns":6},{"damage":23,"enemies":"Shelled Parasite and Fungi","floor":30,"turns":5},{"damage":32,"enemies":"Chosen and Byrds","floor":31,"turns":5},{"damage":21,"enemies":"Snake Plant","floor":32,"turns":3},{"damage":46,"enemies":"downfall:CharBossIronclad","floor":33,"turns":9},{"damage":73,"enemies":"Reptomancer","floor":36,"turns":7},{"damage":17,"enemies":"Orb Walker","floor":38,"turns":3},{"damage":27,"enemies":"downfall:FleeingMerchant","floor":39,"turns":4},{"damage":23,"enemies":"3 Shapes","floor":45,"turns":5},{"damage":27,"enemies":"Transient","floor":47,"turns":5},{"damage":23,"enemies":"downfall:FleeingMerchant","floor":48,"turns":4},{"damage":41,"enemies":"Writhing Mass","floor":49,"turns":5},{"damage":63,"enemies":"downfall:CharBossDefect","floor":50,"turns":5}],"seed_played":"6892122386313461338","potions_obtained":[{"floor":5.0,"key":"Energy Potion"},{"floor":5.0,"key":"SkillPotion"},{"floor":5.0,"key":"AttackPotion"},{"floor":14.0,"key":"BlessingOfTheForge"},{"floor":25.0,"key":"LiquidBronze"},{"floor":26.0,"key":"Guardian:BlockOnCardUsePotion"},{"floor":31,"key":"Guardian:BlockOnCardUsePotion"},{"floor":33,"key":"Fruit Juice"},{"floor":49,"key":"AttackPotion"}],"is_trial":false,"path_per_floor":["R","M","M","M","?","M","T","M","R","E","M","?","?","M","M","B",null,"R","M","?","M","M","R","T","E","M","R","M","M","M","M","M","B",null,"R","E","R","M","$","R","T","R","?","R","M","?","M","$","M","B",null],"character_chosen":"SLIMEBOUND","items_purchased":["Strange Spoon","Bag of Preparation"],"campfire_rested":0,"item_purchase_floors":[39,39],"current_hp_per_floor":[60,60,60,59,59,60,60,54,54,45,49,49,49,47,53,51,60,60,60,52,35,25,25,25,24,32,41,57,32,35,40,45,41,60,60,26,38,35,43,55,55,60,60,60,60,60,60,60,60,26],"gold":71,"neow_bonus":"REMOVE_TWO","is_daily":false,"chose_seed":false,"campfire_upgraded":2,"win_rate":0.0,"timestamp":1607793093,"path_taken":["R","M","M","M","?","M","T","M","R","E","?","?","?","M","M","BOSS","R","M","?","M","M","R","T","E","M","R","M","?","M","M","M","BOSS","R","E","R","M","$","R","T","R","?","R","M","?","M","$","M","BOSS"],"items_purchased_type":["Relic","Relic"],"build_version":"2020-11-30","purchased_purges":0,"victory":true,"max_hp_per_floor":[60,60,60,60,60,60,60,60,60,60,60,60,60,60,60,60,60,60,60,60,60,60,60,60,60,60,60,60,60,60,60,60,60,60,60,60,60,60,60,60,60,60,60,60,60,60,60,60,60,60],"relic_stats":{"Darkstone Periapt":0,"Strange Spoon":[25],"Regal Pillow":0,"counters":[29,121],"Eternal Feather":38,"StoneCalendar":[0],"Bag of Preparation":[10],"obtain_stats":[{"Slimebound:GreedOozeRelic":12,"Darkstone Periapt":41,"SlaversCollar":17,"Strange Spoon":39,"Regal Pillow":24,"Slimebound:ScrapOozeRelic":13,"Eternal Feather":25,"StoneCalendar":36,"Fusion Hammer":34,"Slimebound:AbsorbEndCombat":0,"Bag of Preparation":39,"War Paint":10},{"Slimebound:GreedOozeRelic":7,"Darkstone Periapt":24,"SlaversCollar":10,"Strange Spoon":24,"Regal Pillow":13,"Slimebound:ScrapOozeRelic":7,"Eternal Feather":14,"StoneCalendar":22,"Fusion Hammer":21,"Slimebound:AbsorbEndCombat":0,"Bag of Preparation":24,"War Paint":6},{"Slimebound:GreedOozeRelic":25,"Darkstone Periapt":97,"SlaversCollar":36,"Strange Spoon":97,"Regal Pillow":46,"Slimebound:ScrapOozeRelic":25,"Eternal Feather":50,"StoneCalendar":91,"Fusion Hammer":85,"Slimebound:AbsorbEndCombat":0,"Bag of Preparation":97,"War Paint":21}]},"card_choices":[{"not_picked":["Slimebound:RollThrough","Slimebound:AcidTongue"],"picked":"Slimebound:SamplingLick","floor":2.0},{"not_picked":["Slimebound:TongueLash","Slimebound:SplitLeeching"],"picked":"Slimebound:RejuvenatingLick","floor":3.0},{"not_picked":["Slimebound:Schlurp","Slimebound:ComboTackle"],"picked":"Slimebound:GrowthPunch","floor":4.0},{"not_picked":["Slimebound:LeechEnergy","Slimebound:RollThrough"],"picked":"Slimebound:ViciousTackle","floor":6.0},{"not_picked":["Slimebound:SamplingLick","Slimebound:SplitAcid"],"picked":"Slimebound:Grow","floor":8.0},{"not_picked":["Slimebound:RejuvenatingLick","Slimebound:SpikyOuterGoop"],"picked":"Slimebound:SlimeBrawl","floor":10.0},{"not_picked":["Slimebound:PressTheAttack","Slimebound:GoopSpray"],"picked":"Slimebound:ProtectTheBoss","floor":11.0},{"not_picked":["Slimebound:LivingWall","Slimebound:Schlurp"],"picked":"Slimebound:SplitLeeching","floor":14.0},{"not_picked":["Slimebound:FormOfPuddle","Slimebound:SplitLeeching"],"picked":"Slimebound:DuplicatedForm","floor":15.0},{"not_picked":["Slimebound:MassFeed","Slimebound:DuplicatedForm"],"picked":"Slimebound:SlimeSlap","floor":16.0},{"not_picked":["Slimebound:SpikyOuterGoop","Slimebound:TongueLash","Slimebound:Chomp"],"picked":"SKIP","floor":19.0},{"not_picked":["Slimebound:SplitMire","Slimebound:SplitBruiser","Slimebound:SplitLeeching"],"picked":"SKIP","floor":21.0},{"not_picked":["Slimebound:SamplingLick","Slimebound:LeechingTouch+1","Slimebound:BestDefense"],"picked":"SKIP","floor":22.0},{"not_picked":["Slimebound:DisruptingSlam","Slimebound:Chomp"],"picked":"Slimebound:MegaLick","floor":25.0},{"not_picked":["Slimebound:ComboTackle","Slimebound:RollThrough"],"picked":"Slimebound:Repurpose","floor":26.0},{"not_picked":["Slimebound:FlameTackle+1","Slimebound:SlimeSpikes","Slimebound:SamplingLick"],"picked":"SKIP","floor":28},{"not_picked":["Slimebound:SamplingLick","Slimebound:FlameTackle"],"picked":"Slimebound:GrowthPunch+1","floor":29},{"not_picked":["Slimebound:DisruptingSlam+1","Slimebound:SplitAcid+1"],"picked":"Slimebound:MassRepurpose","floor":30},{"not_picked":["Slimebound:ComboTackle","Slimebound:SamplingLick"],"picked":"Slimebound:SlimeBrawl+1","floor":31},{"not_picked":["Slimebound:LeadByExample","Slimebound:Schlurp+1"],"picked":"Slimebound:ProtectTheBoss+1","floor":32},{"not_picked":["Slimebound:LeechLife","Slimebound:RallyTheTroops"],"picked":"Slimebound:Teamwork","floor":33},{"not_picked":["Slimebound:Prepare+1","Slimebound:Schlurp+1"],"picked":"Slimebound:SlimeTap+1","floor":36},{"not_picked":["Slimebound:SplitMire+1","Slimebound:GrowthPunch"],"picked":"Slimebound:Schlurp+1","floor":38},{"not_picked":["Slimebound:Nibble","Slimebound:SplitAcid+1","Slimebound:LeechEnergy+1"],"picked":"SKIP","floor":45},{"not_picked":["Slimebound:MassFeed","Slimebound:TongueLash"],"picked":"Slimebound:GoopSpray+1","floor":47},{"not_picked":["Slimebound:HauntingLick","Slimebound:FinishingTackle+1","Slimebound:ProtectTheBoss"],"picked":"SKIP","floor":49}],"player_experience":172349,"relics_obtained":[{"floor":10.0,"key":"War Paint"},{"floor":24.0,"key":"Regal Pillow"},{"floor":25.0,"key":"Eternal Feather"},{"floor":36,"key":"StoneCalendar"},{"floor":41,"key":"Darkstone Periapt"}],"event_choices":[{"damage_healed":0.0,"max_hp_gain":0.0,"max_hp_loss":0.0,"gold_gain":0.0,"event_name":"Lab","player_choice":"Got Potions","floor":5.0,"gold_loss":0.0,"damage_taken":0.0},{"cards_removed":["Slimebound:GrowthPunch"],"damage_healed":0,"gold_gain":0,"player_choice":"Removed Attack","damage_taken":0,"max_hp_gain":0,"max_hp_loss":0,"event_name":"Falling","floor":46,"gold_loss":0}],"is_beta":false,"boss_relics":[{"not_picked":["Coffee Dripper","Calling Bell"],"picked":"SlaversCollar"},{"not_picked":["Tiny House","Black Star"],"picked":"Fusion Hammer"}],"items_purged_floors":[],"is_endless":false,"potions_floor_spawned":[6,8,14,25,26,29,30,31,33,36,49],"ascension_level":0}}