{"host":"1c52r9kaxdyo25eq","time":1607788047,"event":{"mods":["AchievementEnabler","BaseMod","Minty Spire (QoL Compilation)","Rare Cards Sparkle","SuperFastMode","everything is the same but u backflip on backflip"],"gold_per_floor":[116,131,142,142,155,155,189,189,189,199,199,124,140,168,168,244,244,258,308,233,246,265,265,315,315,315,42,42,62,77,94,94,171,221,235,235,81,81,81],"floor_reached":38,"playtime":983,"items_purged":["Defend_P","Doubt","Strike_P"],"score":772,"play_id":"2198595d-e342-49e6-abda-8dcee97e147e","local_time":"20201213004727","is_ascension_mode":true,"campfire_choices":[{"data":"Eruption","floor":6.0,"key":"SMITH"},{"data":"Adaptation","floor":8.0,"key":"SMITH"},{"floor":11.0,"key":"REST"},{"floor":15.0,"key":"REST"},{"floor":23.0,"key":"REST"},{"data":"Study","floor":25.0,"key":"SMITH"},{"floor":32.0,"key":"REST"}],"circlet_count":0,"master_deck":["AscendersBane","Strike_P","Strike_P","Strike_P+1","Defend_P","Defend_P","Eruption+1","Vigilance","Study+1","Adaptation+1","Prostrate"],"relics":["PureWater","Orichalcum","Vajra","Pen Nib","Mercury Hourglass","Cursed Key","Lee\u0027s Waffle","Tiny House","Sundial"],"acts_visited":["Exordium","TheCity","TheBeyond"],"potions_floor_usage":[],"damage_taken":[{"damage":2.0,"enemies":"Jaw Worm","floor":1.0,"turns":3.0},{"damage":1.0,"enemies":"2 Louse","floor":2.0,"turns":3.0},{"damage":0.0,"enemies":"Cultist","floor":3.0,"turns":3.0},{"damage":26.0,"enemies":"Large Slime","floor":5.0,"turns":5.0},{"damage":19.0,"enemies":"Lagavulin","floor":7.0,"turns":6.0},{"damage":12.0,"enemies":"Looter","floor":10.0,"turns":4.0},{"damage":6.0,"enemies":"2 Fungi Beasts","floor":13.0,"turns":3.0},{"damage":18.0,"enemies":"3 Sentries","floor":14.0,"turns":8.0},{"damage":21.0,"enemies":"The Guardian","floor":16.0,"turns":12.0},{"damage":23.0,"enemies":"Chosen","floor":18.0,"turns":4.0},{"damage":3.0,"enemies":"Spheric Guardian","floor":21.0,"turns":3.0},{"damage":18.0,"enemies":"Snake Plant","floor":22.0,"turns":3.0},{"damage":0.0,"enemies":"Centurion and Healer","floor":29.0,"turns":5.0},{"damage":28.0,"enemies":"3 Cultists","floor":30.0,"turns":5.0},{"damage":18.0,"enemies":"Sentry and Sphere","floor":31.0,"turns":5.0},{"damage":42.0,"enemies":"Automaton","floor":33.0,"turns":6.0},{"damage":46.0,"enemies":"3 Darklings","floor":35.0,"turns":4.0},{"damage":15,"enemies":"Orb Walker","floor":38,"turns":3}],"seed_played":"4261113579528704979","potions_obtained":[{"floor":2.0,"key":"PowerPotion"},{"floor":3.0,"key":"BottledMiracle"},{"floor":10.0,"key":"Energy Potion"},{"floor":21.0,"key":"ColorlessPotion"},{"floor":22.0,"key":"Dexterity Potion"},{"floor":34.0,"key":"LiquidBronze"}],"is_trial":false,"path_per_floor":["M","M","M","?","M","R","E","R","T","M","R","?","M","E","R","B",null,"M","?","$","M","M","R","?","R","T","$","?","M","M","M","R","B",null,"M","?","$","M"],"character_chosen":"WATCHER","items_purchased":["Lee\u0027s Waffle","Prostrate"],"campfire_rested":4,"item_purchase_floors":[27,37],"current_hp_per_floor":[59,58,58,63,37,37,18,18,18,6,27,27,21,3,24,3,56,33,33,33,30,12,33,33,33,33,80,80,80,52,34,58,16,69,23,23,23,8,8],"gold":81,"neow_bonus":"RANDOM_COMMON_RELIC","is_daily":false,"chose_seed":false,"campfire_upgraded":3,"win_rate":0.0,"timestamp":1607788047,"path_taken":["M","M","M","?","M","R","E","R","T","M","R","?","M","E","R","BOSS","M","?","$","M","?","R","?","R","T","$","?","M","M","M","R","BOSS","M","?","$","M"],"items_purchased_type":["Relic","Card"],"build_version":"2020-11-30","purchased_purges":3,"victory":false,"max_hp_per_floor":[68,68,68,73,73,73,73,73,73,73,73,73,73,73,73,73,73,73,73,73,73,73,73,73,73,73,80,80,80,80,80,80,80,85,85,85,85,85,85],"card_choices":[{"not_picked":["ClearTheMind","ThirdEye"],"picked":"Study","floor":1.0},{"not_picked":["Collect","FollowUp","Conclude"],"picked":"SKIP","floor":2.0},{"not_picked":["Protect","PathToVictory","CutThroughFate"],"picked":"SKIP","floor":3.0},{"not_picked":["FlyingSleeves","CutThroughFate","Protect"],"picked":"SKIP","floor":5.0},{"not_picked":["SashWhip","DevaForm"],"picked":"Adaptation","floor":7.0},{"not_picked":["WheelKick","Conclude","Perseverance"],"picked":"SKIP","floor":10.0},{"not_picked":["Crescendo","SashWhip","SandsOfTime"],"picked":"SKIP","floor":13.0},{"not_picked":["EmptyBody","FlyingSleeves","Brilliance"],"picked":"SKIP","floor":14.0},{"not_picked":["JustLucky","CrushJoints","Meditate"],"picked":"SKIP","floor":18.0},{"not_picked":["ClearTheMind","ThirdEye","SashWhip"],"picked":"SKIP","floor":21.0},{"not_picked":["LikeWater","CutThroughFate","SandsOfTime"],"picked":"SKIP","floor":22.0},{"not_picked":["ThirdEye+1","FlurryOfBlows","Evaluate"],"picked":"SKIP","floor":29.0},{"not_picked":["CutThroughFate","FollowUp","DeusExMachina"],"picked":"SKIP","floor":30.0},{"not_picked":["ThirdEye+1","EmptyFist","ReachHeaven"],"picked":"SKIP","floor":31.0},{"not_picked":["Vengeance","Tantrum","ClearTheMind"],"picked":"SKIP","floor":35.0},{"not_picked":["Tantrum","ClearTheMind"],"picked":"Vengeance","floor":35.0}],"player_experience":467117,"relics_obtained":[{"floor":7.0,"key":"Vajra"},{"floor":9.0,"key":"Pen Nib"},{"floor":14.0,"key":"Mercury Hourglass"}],"event_choices":[{"damage_healed":0.0,"max_hp_gain":5.0,"max_hp_loss":0.0,"gold_gain":0.0,"event_name":"Big Fish","player_choice":"Donut","floor":4.0,"gold_loss":0.0,"damage_taken":0.0},{"cards_removed":["Defend_P"],"damage_healed":0.0,"max_hp_gain":0.0,"max_hp_loss":0.0,"gold_gain":0.0,"event_name":"The Cleric","player_choice":"Card Removal","floor":12.0,"gold_loss":75.0,"damage_taken":0.0},{"damage_healed":0.0,"max_hp_gain":0.0,"max_hp_loss":0.0,"gold_gain":100.0,"event_name":"The Joust","player_choice":"Bet on Murderer","floor":19.0,"gold_loss":50.0,"damage_taken":0.0},{"damage_healed":0.0,"max_hp_gain":0.0,"max_hp_loss":0.0,"gold_gain":50.0,"event_name":"Nest","player_choice":"Stole From Cult","floor":24.0,"gold_loss":0.0,"damage_taken":0.0},{"cards_removed":["Vengeance"],"damage_healed":0.0,"max_hp_gain":0.0,"max_hp_loss":0.0,"gold_gain":0.0,"event_name":"WeMeetAgain","player_choice":"Gave Card","floor":36.0,"gold_loss":0.0,"damage_taken":0.0,"relics_obtained":["Sundial"]}],"is_beta":false,"boss_relics":[{"not_picked":["Busted Crown","Calling Bell"],"picked":"Cursed Key"},{"not_picked":["Snecko Eye","Black Star"],"picked":"Tiny House"}],"items_purged_floors":[20,27,37],"is_endless":false,"potions_floor_spawned":[2,3,5,10,21,22,30],"killed_by":"Orb Walker","ascension_level":20}}