{"host":"8h0rtcmgksk18qw4","time":1607779775,"event":{"mods":["AchievementEnabler","BaseMod","Minty Spire (QoL Compilation)","SuperFastMode","everything is the same but u backflip on backflip"],"gold_per_floor":[118,133,145,164,180,180,212,228,228,228,243,272,284,284,284,384,384,403,419,25,43,43,43,61,61,61,72,72,83,100,110,110,208,208,224,224,277,377,393,426,426,445,445,465,465,53,53,72,72,72],"floor_reached":51,"playtime":1812,"items_purged":["Flechettes","Writhe"],"score":891,"play_id":"4287d000-dc4c-44ca-bb62-f22753594c84","local_time":"20201212222935","is_ascension_mode":true,"campfire_choices":[{"data":"Sadistic Nature","floor":6,"key":"SMITH"},{"floor":10,"key":"REST"},{"floor":15,"key":"REST"},{"data":"Sadistic Nature","floor":23,"key":"SMITH"},{"floor":25,"key":"REST"},{"floor":28,"key":"REST"},{"floor":32,"key":"REST"},{"data":"Wraith Form v2","floor":41,"key":"SMITH"},{"floor":45,"key":"DIG"},{"floor":47,"key":"REST"},{"floor":49,"key":"REST"}],"circlet_count":0,"master_deck":["Survivor","Neutralize","Sadistic Nature+1","Backflip","Deadly Poison","Poisoned Stab","Crippling Poison","PiercingWail","Poisoned Stab","Terror","Envenom","Corpse Explosion","Backstab","A Thousand Cuts","Dodge and Roll","Predator","Terror","Calculated Gamble","Die Die Die","Wraith Form v2+1","Grand Finale","Sadistic Nature+1","Deflect+1","Escape Plan","Bullet Time","Deep Breath","Calculated Gamble","Sadistic Nature","PiercingWail","Dark Shackles","Wraith Form v2"],"relics":["Ring of the Snake","Ninja Scroll","White Beast Statue","Art of War","Pandora\u0027s Box","TwistedFunnel","Paper Crane","Orichalcum","Philosopher\u0027s Stone","Shovel","Bag of Marbles","Mummified Hand","Centennial Puzzle"],"acts_visited":["TheCity","TheBeyond"],"potions_floor_usage":[12,12,16,33,33,40,40],"damage_taken":[{"damage":4,"enemies":"Jaw Worm","floor":1,"turns":4},{"damage":0,"enemies":"Cultist","floor":2,"turns":4},{"damage":0,"enemies":"Small Slimes","floor":3,"turns":2},{"damage":2,"enemies":"2 Fungi Beasts","floor":4,"turns":3},{"damage":6,"enemies":"Red Slaver","floor":5,"turns":4},{"damage":24,"enemies":"3 Sentries","floor":7,"turns":5},{"damage":0,"enemies":"Lots of Slimes","floor":8,"turns":1},{"damage":0,"enemies":"Looter","floor":11,"turns":3},{"damage":15,"enemies":"Gremlin Nob","floor":12,"turns":4},{"damage":0,"enemies":"2 Fungi Beasts","floor":13,"turns":3},{"damage":11,"enemies":"Slime Boss","floor":16,"turns":7},{"damage":8,"enemies":"3 Byrds","floor":18,"turns":4},{"damage":19,"enemies":"Spheric Guardian","floor":19,"turns":4},{"damage":0,"enemies":"Snake Plant","floor":21,"turns":2},{"damage":20,"enemies":"Sentry and Sphere","floor":24,"turns":4},{"damage":14,"enemies":"Shelled Parasite and Fungi","floor":27,"turns":2},{"damage":0,"enemies":"Snake Plant","floor":29,"turns":3},{"damage":11,"enemies":"Snecko","floor":30,"turns":4},{"damage":2,"enemies":"Cultist and Chosen","floor":31,"turns":3},{"damage":19,"enemies":"Champ","floor":33,"turns":7},{"damage":11,"enemies":"Orb Walker","floor":35,"turns":3},{"damage":12,"enemies":"2 Orb Walkers","floor":37,"turns":5},{"damage":0,"enemies":"3 Darklings","floor":39,"turns":3},{"damage":6,"enemies":"Giant Head","floor":40,"turns":7},{"damage":1,"enemies":"4 Shapes","floor":42,"turns":5},{"damage":0,"enemies":"Transient","floor":44,"turns":5},{"damage":0,"enemies":"Spire Growth","floor":48,"turns":4},{"damage":63,"enemies":"Time Eater","floor":50,"turns":10}],"seed_played":"-975155228911766014","potions_obtained":[{"floor":1,"key":"Ancient Potion"},{"floor":2,"key":"SkillPotion"},{"floor":7,"key":"Poison Potion"},{"floor":11,"key":"SmokeBomb"},{"floor":12,"key":"LiquidBronze"},{"floor":13,"key":"ColorlessPotion"},{"floor":16,"key":"EssenceOfSteel"},{"floor":27,"key":"Poison Potion"},{"floor":33,"key":"PowerPotion"},{"floor":35,"key":"SkillPotion"},{"floor":40,"key":"CunningPotion"},{"floor":42,"key":"SpeedPotion"}],"is_trial":false,"path_per_floor":["M","M","M","M","M","R","E","M","T","R","M","E","M","?","R","B",null,"M","M","$","M","?","R","M","R","T","M","R","M","M","M","R","B",null,"M","?","?","?","M","E","R","M","T","M","R","$","R","M","R","B",null],"character_chosen":"THE_SILENT","items_purchased":["TwistedFunnel","Sadistic Nature","Sadistic Nature","PiercingWail","Dark Shackles"],"campfire_rested":7,"item_purchase_floors":[20,20,46,46,46],"current_hp_per_floor":[59,59,59,57,51,51,27,27,27,48,48,33,33,33,54,43,63,55,36,36,36,36,36,16,37,37,23,44,44,33,31,52,33,61,50,50,38,38,38,32,32,31,31,31,31,31,52,52,70,7],"gold":72,"neow_bonus":"RANDOM_COLORLESS_2","is_daily":false,"chose_seed":false,"campfire_upgraded":3,"win_rate":0.0,"timestamp":1607779775,"path_taken":["M","M","M","M","M","R","E","M","T","R","M","E","M","?","R","BOSS","M","M","$","M","?","R","M","R","T","M","R","M","M","M","R","BOSS","M","?","?","?","M","E","R","?","T","?","R","$","R","M","R","BOSS"],"items_purchased_type":["Relic","Card","Card","Card","Card"],"build_version":"2020-11-30","purchased_purges":2,"victory":true,"max_hp_per_floor":[70,70,70,70,70,70,70,70,70,70,70,70,70,70,70,70,70,70,70,70,70,70,70,70,70,70,70,70,70,70,70,70,70,70,70,70,70,70,70,70,70,70,70,70,70,70,70,70,70,70],"card_choices":[{"not_picked":["Magnetism","Mayhem"],"picked":"Sadistic Nature","floor":0},{"not_picked":["Prepared","Predator"],"picked":"Backflip","floor":1},{"not_picked":["Flying Knee","Blur"],"picked":"Deadly Poison","floor":2},{"not_picked":["Cloak And Dagger","All Out Attack"],"picked":"Poisoned Stab","floor":3},{"not_picked":["PiercingWail","Poisoned Stab"],"picked":"Crippling Poison","floor":4},{"not_picked":["Bane","Die Die Die"],"picked":"PiercingWail","floor":5},{"not_picked":["Distraction","Tactician","All Out Attack"],"picked":"SKIP","floor":7},{"not_picked":["Outmaneuver","Masterful Stab","Skewer"],"picked":"SKIP","floor":8},{"not_picked":["Backflip","Sucker Punch"],"picked":"Poisoned Stab","floor":11},{"not_picked":["Bane","Backstab"],"picked":"Terror","floor":12},{"not_picked":["Poisoned Stab","All Out Attack"],"picked":"Envenom","floor":13},{"not_picked":["Venomology","Grand Finale"],"picked":"Corpse Explosion","floor":16},{"not_picked":["Eviscerate","Underhanded Strike+1","Flechettes"],"picked":"SKIP","floor":18},{"not_picked":["Sucker Punch","Tactician+1","Slice"],"picked":"SKIP","floor":19},{"not_picked":["Dagger Throw","Outmaneuver"],"picked":"Deflect+1","floor":21},{"not_picked":["Setup","Reflex","Eviscerate"],"picked":"SKIP","floor":24},{"not_picked":["Dagger Throw","Quick Slash","Sucker Punch"],"picked":"SKIP","floor":27},{"not_picked":["Choke+1","Crippling Poison"],"picked":"Escape Plan","floor":29},{"not_picked":["Bane","Flying Knee","Riddle With Holes"],"picked":"SKIP","floor":30},{"not_picked":["Prepared","Predator","Deflect"],"picked":"SKIP","floor":31},{"not_picked":["Grand Finale","Phantasmal Killer"],"picked":"Bullet Time","floor":33},{"not_picked":["Backflip","Quick Slash+1","Finisher"],"picked":"SKIP","floor":35},{"not_picked":["Metamorphosis","Panacea"],"picked":"Deep Breath","floor":36},{"not_picked":["Dagger Throw+1","Deflect+1"],"picked":"Calculated Gamble","floor":39},{"not_picked":["Choke+1","Phantasmal Killer","Quick Slash"],"picked":"SKIP","floor":40},{"not_picked":["Blade Dance","Poisoned Stab","Sucker Punch+1"],"picked":"SKIP","floor":42},{"not_picked":["Dagger Throw","Sucker Punch","Endless Agony+1"],"picked":"SKIP","floor":44},{"not_picked":["Prepared","Quick Slash+1"],"picked":"Wraith Form v2","floor":48}],"player_experience":244370,"relics_obtained":[{"floor":7,"key":"Ninja Scroll"},{"floor":9,"key":"White Beast Statue"},{"floor":12,"key":"Art of War"},{"floor":26,"key":"Orichalcum"},{"floor":37,"key":"Shovel"},{"floor":40,"key":"Bag of Marbles"},{"floor":43,"key":"Mummified Hand"},{"floor":45,"key":"Centennial Puzzle"}],"event_choices":[{"cards_removed":["Normality"],"damage_healed":0,"gold_gain":0,"player_choice":"Purged","damage_taken":0,"max_hp_gain":0,"max_hp_loss":0,"event_name":"Purifier","floor":14,"gold_loss":0},{"damage_healed":0,"gold_gain":0,"player_choice":"Opened","damage_taken":0,"relics_obtained":["Paper Crane"],"max_hp_gain":0,"max_hp_loss":0,"event_name":"The Mausoleum","floor":22,"gold_loss":0,"cards_obtained":["Writhe"]},{"damage_healed":0,"gold_gain":0,"player_choice":"Memory 1","damage_taken":0,"max_hp_gain":0,"max_hp_loss":0,"event_name":"SensoryStone","floor":36,"gold_loss":0},{"damage_healed":0,"gold_gain":0,"player_choice":"Fight","damage_taken":0,"max_hp_gain":0,"max_hp_loss":0,"event_name":"Mysterious Sphere","floor":37,"gold_loss":0},{"damage_healed":0,"gold_gain":100,"player_choice":"Pray","damage_taken":0,"max_hp_gain":0,"max_hp_loss":0,"event_name":"Golden Shrine","floor":38,"gold_loss":0}],"is_beta":false,"boss_relics":[{"not_picked":["Calling Bell","SacredBark"],"picked":"Pandora\u0027s Box"},{"not_picked":["Astrolabe","Busted Crown"],"picked":"Philosopher\u0027s Stone"}],"items_purged_floors":[20,46],"is_endless":false,"potions_floor_spawned":[1,2,7,8,11,12,13,16,18,19,21,24,27,29,30,31,33,35,37,39,40,42,44,48],"ascension_level":6}}