{"host":"3c27c697js19kaoo","time":1607760020,"event":{"mods":["BaseMod","Dota2Spire","Minty Spire (QoL Compilation)","Quick Restart","Remilia£®¿Ÿ√◊¿Ú—«£©","StSLib","The Cursed","The Servant 0.9.4","°æ“≈ŒÔø®≈∆°øREMEMod"],"gold_per_floor":[144,189,189,214,214,304,349,394,444,444,534,534,534,579,579,579,579],"floor_reached":16,"playtime":1025,"items_purged":[],"score":110,"play_id":"6adc2d19-0180-485e-90d1-4ff24f221ff1","local_time":"20201212160020","daily_mods":["Chimera","Blue Cards","Midas"],"is_ascension_mode":false,"campfire_choices":[{"floor":10,"key":"REST"},{"floor":13,"key":"REST"},{"floor":15,"key":"REST"}],"circlet_count":0,"master_deck":["Survivor","Zap","Eruption","Strike_R","Strike_G","Strike_B","Defend_R","Defend_G","Defend_P","Finesse","TheCursedMod:CursedShiv","TheCursedMod:WearCloak","TheCursedMod:SpitefulStrike","TheCursedMod:CursedBoomerang","TheCursedMod:Stretching","TheCursedMod:HellfireBreathing","TheCursedMod:ManaBullet","TheCursedMod:AbyssShockwave"],"relics":["TheCursedMod:BlackMagic101","REME_ComplimentaryCards","Dota2Spire:BladeMail","Regal Pillow","Bag of Preparation","Oddly Smooth Stone","REME_HandOfSuture"],"acts_visited":["Exordium"],"potions_floor_usage":[6,6,6,7],"damage_taken":[{"damage":6,"enemies":"Jaw Worm","floor":1,"turns":3},{"damage":0,"enemies":"Small Slimes","floor":2,"turns":3},{"damage":30,"enemies":"3 Sentries","floor":6,"turns":8},{"damage":5,"enemies":"Cultist","floor":7,"turns":3},{"damage":0,"enemies":"Large Slime","floor":8,"turns":3},{"damage":29,"enemies":"Gremlin Nob","floor":11,"turns":4},{"damage":0,"enemies":"Red Slaver","floor":14,"turns":2},{"damage":77,"enemies":"The Guardian","floor":16,"turns":7}],"seed_played":"-2740983366772686195","potions_obtained":[{"floor":1,"key":"Weak Potion"},{"floor":2,"key":"Dexterity Potion"},{"floor":5,"key":"SkillPotion"},{"floor":5,"key":"LiquidBronze"},{"floor":5,"key":"Swift Potion"},{"floor":6,"key":"SkillPotion"},{"floor":14,"key":"Dexterity Potion"}],"is_trial":false,"path_per_floor":["M","M","?","T","?","E","M","M","T","R","E","?","R","M","R","B"],"character_chosen":"THE_CURSED","items_purchased":[],"campfire_rested":3,"item_purchase_floors":[],"current_hp_per_floor":[69,69,66,66,66,36,31,31,31,68,39,39,75,75,75,0,0],"gold":579,"neow_bonus":"","is_daily":true,"chose_seed":false,"campfire_upgraded":0,"win_rate":0.0,"timestamp":1607760020,"path_taken":["M","M","?","?","?","E","M","?","T","R","E","?","R","M","R","BOSS"],"items_purchased_type":[],"build_version":"2020-11-30","purchased_purges":0,"victory":false,"max_hp_per_floor":[75,75,75,75,75,75,75,75,75,75,75,75,75,75,75,75,75],"card_choices":[{"not_picked":["TheCursedMod:Evocation","TheCursedMod:RavingStaff"],"picked":"TheCursedMod:CursedShiv","floor":1},{"not_picked":["TheCursedMod:BloodBarrier","TheCursedMod:SpitefulStrike"],"picked":"TheCursedMod:WearCloak","floor":2},{"not_picked":["TheCursedMod:ReleasedStrength","TheCursedMod:CursedShiv"],"picked":"TheCursedMod:SpitefulStrike","floor":6},{"not_picked":["TheCursedMod:BloodBarrier","TheCursedMod:CircleOfWindfury"],"picked":"TheCursedMod:CursedBoomerang","floor":7},{"not_picked":["TheCursedMod:WearCloak","TheCursedMod:CursedAmulet"],"picked":"TheCursedMod:Stretching","floor":8},{"not_picked":["TheCursedMod:Hemoplague","TheCursedMod:WearCloak"],"picked":"TheCursedMod:HellfireBreathing","floor":11},{"not_picked":["TheCursedMod:ShockAndAwe","TheCursedMod:Hemoplague"],"picked":"TheCursedMod:AbyssShockwave","floor":14}],"player_experience":95081,"relics_obtained":[{"floor":4,"key":"Regal Pillow"},{"floor":6,"key":"Bag of Preparation"},{"floor":9,"key":"Oddly Smooth Stone"},{"floor":11,"key":"REME_HandOfSuture"}],"event_choices":[{"damage_healed":0,"gold_gain":0,"player_choice":"Success","damage_taken":3,"relics_obtained":["Dota2Spire:BladeMail"],"max_hp_gain":0,"max_hp_loss":0,"event_name":"Scrap Ooze","floor":3,"gold_loss":0},{"damage_healed":0,"gold_gain":0,"player_choice":"Got Potions","damage_taken":0,"max_hp_gain":0,"max_hp_loss":0,"event_name":"Lab","floor":5,"gold_loss":0},{"damage_healed":0,"gold_gain":0,"cards_transformed":["Bash"],"player_choice":"Transformed","damage_taken":0,"max_hp_gain":0,"max_hp_loss":0,"event_name":"Transmorgrifier","floor":12,"gold_loss":0,"cards_obtained":["TheCursedMod:ManaBullet"]}],"is_beta":false,"boss_relics":[],"items_purged_floors":[],"is_endless":false,"potions_floor_spawned":[1,2,6,14],"killed_by":"The Guardian","ascension_level":0}}