{"host":"y9jgkjnf95sujozk","time":1607734689,"event":{"mods":["2.2 Compatiblity","AchievementEnabler","BaseMod","Block Reminder","Colored Map","Colored Powertips","Downfall","Friendly Minions","GifTheSpireLib","Hermit","Highlight Path","MarisaÅiñ∂âJÅ@ñÇóùçπÅj","Minty Spire (QoL Compilation)","Random Character Button","Rare Cards Sparkle","Replay The Spire","StSLib","SuperFastMode","The Animator","The Bug Knight","The Cursed","The Servant 0.9.4"],"gold_per_floor":[117,131,131,141,70,70,92,92,92,92,108,126,138,164,164,164,164],"floor_reached":16,"playtime":517,"items_purged":[],"score":92,"play_id":"1dcd2167-cb6e-4fee-b87b-ae2abdbf83d4","local_time":"20201212015809","is_ascension_mode":false,"campfire_choices":[{"data":"HollowMod:SoulShaman","floor":6,"key":"SMITH"},{"floor":8,"key":"REST"},{"floor":15,"key":"REST"}],"circlet_count":0,"master_deck":["HollowMod:NailStrikeStart","HollowMod:NailStrikeStart+1","HollowMod:NailStrikeStart","HollowMod:NailStrikeStart","HollowMod:QuickDashStart","HollowMod:QuickDashStart","HollowMod:QuickDashStart","HollowMod:QuickDashStart","HollowMod:FocusHealStart","HollowMod:PogoStrike","HollowMod:CornifersMapStart","HollowMod:HowlingWraiths","HollowMod:SoulEater","HollowMod:SoulShaman+1","HollowMod:DungDefenderAura","HollowMod:Grubsong","HollowMod:SharpenedNail","HollowMod:SoulStrike"],"relics":["HollowMod:VesselMask","NeowsBlessing","Odd Mushroom","Girya","Potion Belt"],"acts_visited":["Exordium"],"potions_floor_usage":[13,13,16,16],"damage_taken":[{"damage":0,"enemies":"Jaw Worm","floor":1,"turns":1},{"damage":0,"enemies":"Small Slimes","floor":2,"turns":1},{"damage":0,"enemies":"Cultist","floor":4,"turns":1},{"damage":46,"enemies":"The Mushroom Lair","floor":7,"turns":6},{"damage":1,"enemies":"2 Fungi Beasts","floor":11,"turns":4},{"damage":0,"enemies":"3 Louse","floor":12,"turns":3},{"damage":61,"enemies":"Exordium Wildlife","floor":13,"turns":9},{"damage":47,"enemies":"HollowMod:FalseKnight","floor":16,"turns":6}],"seed_played":"-8534623735731559201","potions_obtained":[{"floor":2,"key":"Dexterity Potion"},{"floor":7,"key":"Swift Potion"},{"floor":11,"key":"DuplicationPotion"},{"floor":13,"key":"Toxic Potion"}],"is_trial":false,"path_per_floor":["M","M","?","M","$","R","?","R","T","$","M","M","M","T","R","B"],"character_chosen":"THE_BUGKNIGHT","items_purchased":["HollowMod:SoulShaman"],"campfire_rested":2,"item_purchase_floors":[5],"current_hp_per_floor":[75,75,75,75,75,75,29,51,51,51,50,50,1,1,23,0,0],"gold":164,"neow_bonus":"THREE_ENEMY_KILL","is_daily":false,"chose_seed":false,"campfire_upgraded":1,"win_rate":0.0,"timestamp":1607734689,"path_taken":["M","M","?","M","$","R","?","R","T","?","M","?","M","?","R","BOSS"],"items_purchased_type":["Card"],"build_version":"2020-11-30","purchased_purges":0,"victory":false,"max_hp_per_floor":[75,75,75,75,75,75,75,75,75,75,75,75,75,75,75,75,75],"card_choices":[{"not_picked":["HollowMod:SiblingsSouls","HollowMod:DashSlash"],"picked":"HollowMod:CornifersMapStart","floor":1},{"not_picked":["HollowMod:MonarchWings","HollowMod:MothsMistake"],"picked":"HollowMod:HowlingWraiths","floor":2},{"not_picked":["HollowMod:CornifersMapStart","HollowMod:LifebloodCocoon"],"picked":"HollowMod:SoulEater","floor":4},{"not_picked":["HollowMod:SharpenedShadows","HollowMod:MonarchWings"],"picked":"HollowMod:DungDefenderAura","floor":7},{"not_picked":["HollowMod:PerfectDash","HollowMod:DungDefenderAura"],"picked":"HollowMod:Grubsong","floor":11},{"not_picked":["HollowMod:PerfectDash","HollowMod:DescendingDark"],"picked":"HollowMod:SharpenedNail","floor":12},{"not_picked":["HollowMod:WraithStrike","HollowMod:SharpenedNail"],"picked":"HollowMod:SoulStrike","floor":13}],"player_experience":84639,"relics_obtained":[{"floor":7,"key":"Odd Mushroom"},{"floor":9,"key":"Girya"},{"floor":14,"key":"Potion Belt"}],"event_choices":[{"damage_healed":0,"gold_gain":0,"player_choice":"Fought Mushrooms","damage_taken":0,"max_hp_gain":0,"max_hp_loss":0,"event_name":"Mushrooms","floor":7,"gold_loss":0}],"is_beta":false,"boss_relics":[],"items_purged_floors":[],"is_endless":false,"potions_floor_spawned":[2,7,11,13],"killed_by":"HollowMod:FalseKnight","ascension_level":0}}