{"host":"hszimsrtxxc2k25w","time":1607797349,"event":{"mods":["AchievementEnabler","BaseMod","Colored Map","DeckTracker","Minty Spire (QoL Compilation)","Rare Cards Sparkle","SuperFastMode"],"gold_per_floor":[14,14,33,52,52,52,66,97,97,116,130,55,76,151,151,242,242,265,265,289,309,333,333,376,376,451,501,501,501,325,344,344,344,344],"floor_reached":33,"playtime":1000,"items_purged":["Strike_G","Strike_G"],"score":498,"play_id":"7668ce18-74ad-4fc2-8523-2a7855721ad3","local_time":"20201213032229","is_ascension_mode":true,"campfire_choices":[{"data":"Deadly Poison","floor":6.0,"key":"SMITH"},{"floor":15.0,"key":"REST"},{"floor":23.0,"key":"REST"},{"floor":25.0,"key":"REST"},{"floor":28.0,"key":"REST"},{"data":"Catalyst","floor":32.0,"key":"SMITH"}],"circlet_count":0,"master_deck":["AscendersBane","Defend_G","Defend_G","Defend_G","Defend_G","Defend_G","Survivor","Neutralize","Crippling Poison+1","Well Laid Plans","Poisoned Stab","Dagger Spray","Deadly Poison+1","Noxious Fumes","Backflip","Wraith Form v2","PiercingWail","Catalyst+1"],"relics":["Ring of the Snake","Golden Idol","Shovel","Mango","Sozu","Girya","Blue Candle"],"acts_visited":["Exordium","TheCity"],"potions_floor_usage":[],"damage_taken":[{"damage":4.0,"enemies":"Jaw Worm","floor":1.0,"turns":6.0},{"damage":0.0,"enemies":"Cultist","floor":3.0,"turns":4.0},{"damage":7.0,"enemies":"Small Slimes","floor":4.0,"turns":4.0},{"damage":0.0,"enemies":"Exordium Wildlife","floor":7.0,"turns":3.0},{"damage":14.0,"enemies":"Lagavulin","floor":8.0,"turns":6.0},{"damage":3.0,"enemies":"3 Louse","floor":10.0,"turns":2.0},{"damage":0.0,"enemies":"Looter","floor":11.0,"turns":3.0},{"damage":5.0,"enemies":"Red Slaver","floor":13.0,"turns":5.0},{"damage":20.0,"enemies":"Hexaghost","floor":16.0,"turns":10.0},{"damage":4.0,"enemies":"Shell Parasite","floor":18.0,"turns":6.0},{"damage":1.0,"enemies":"Chosen","floor":20.0,"turns":6.0},{"damage":54.0,"enemies":"Shelled Parasite and Fungi","floor":21.0,"turns":6.0},{"damage":2.0,"enemies":"Centurion and Healer","floor":22.0,"turns":7.0},{"damage":21.0,"enemies":"Slavers","floor":24.0,"turns":5.0},{"damage":16.0,"enemies":"Snake Plant","floor":31.0,"turns":5.0},{"damage":40,"enemies":"Champ","floor":33,"turns":13}],"seed_played":"6166014164820355895","potions_obtained":[{"floor":3.0,"key":"CunningPotion"},{"floor":10.0,"key":"BlessingOfTheForge"},{"floor":11.0,"key":"SpeedPotion"},{"floor":16.0,"key":"LiquidMemories"}],"is_trial":false,"path_per_floor":["M","?","M","M","?","R","M","E","T","M","M","$","M","?","R","B",null,"M","?","M","M","M","R","E","R","T","?","R","?","$","M","R","B"],"character_chosen":"THE_SILENT","items_purchased":["Catalyst"],"campfire_rested":4,"item_purchase_floors":[30],"current_hp_per_floor":[55,55,55,48,48,48,48,34,48,45,45,45,40,29,51,31,63,59,59,58,4,2,24,3,25,25,25,47,47,47,31,31,0,0],"gold":344,"neow_bonus":"TRANSFORM_TWO_CARDS","is_daily":false,"chose_seed":false,"campfire_upgraded":2,"win_rate":0.0,"timestamp":1607797349,"path_taken":["M","?","M","M","?","R","M","E","T","?","M","?","M","?","R","BOSS","M","?","M","M","M","R","E","R","T","?","R","?","$","?","R","BOSS"],"items_purchased_type":["Card"],"build_version":"2020-11-30","purchased_purges":2,"victory":false,"max_hp_per_floor":[66,60,60,60,60,60,60,60,74,74,74,74,74,74,74,74,74,74,74,74,74,74,74,74,74,74,74,74,74,74,74,74,74,74],"card_choices":[{"not_picked":["Blade Dance","Slice"],"picked":"Poisoned Stab","floor":1.0},{"not_picked":["Dagger Throw","Endless Agony"],"picked":"Dagger Spray","floor":3.0},{"not_picked":["Acrobatics","Riddle With Holes"],"picked":"Deadly Poison","floor":4.0},{"not_picked":["Well Laid Plans","Setup","Flechettes"],"picked":"SKIP","floor":7.0},{"not_picked":["Well Laid Plans","Setup","Flechettes"],"picked":"SKIP","floor":7.0},{"not_picked":["Flying Knee","Dagger Throw"],"picked":"Noxious Fumes","floor":8.0},{"not_picked":["Expertise","Dagger Spray"],"picked":"Backflip","floor":10.0},{"not_picked":["Accuracy","Quick Slash","Infinite Blades"],"picked":"SKIP","floor":11.0},{"not_picked":["Dagger Throw","Dash","Caltrops"],"picked":"SKIP","floor":13.0},{"not_picked":["Venomology","Malaise"],"picked":"Wraith Form v2","floor":16.0},{"not_picked":["Caltrops","Prepared","Quick Slash"],"picked":"SKIP","floor":18.0},{"not_picked":["Finisher","Outmaneuver","Dagger Throw"],"picked":"SKIP","floor":20.0},{"not_picked":["Backflip","Well Laid Plans"],"picked":"PiercingWail","floor":21.0},{"not_picked":["Flying Knee","Endless Agony+1","PiercingWail"],"picked":"SKIP","floor":22.0},{"not_picked":["Malaise","Masterful Stab","Bane"],"picked":"SKIP","floor":24.0},{"not_picked":["Terror","Dash","Bane"],"picked":"SKIP","floor":31.0}],"player_experience":575173,"relics_obtained":[{"floor":8.0,"key":"Shovel"},{"floor":9.0,"key":"Mango"},{"floor":24.0,"key":"Girya"},{"floor":26.0,"key":"Blue Candle"}],"event_choices":[{"damage_healed":0.0,"max_hp_gain":0.0,"max_hp_loss":6.0,"gold_gain":0.0,"event_name":"Golden Idol","player_choice":"Lose Max HP","floor":2.0,"gold_loss":0.0,"damage_taken":0.0,"relics_obtained":["Golden Idol"]},{"damage_healed":0.0,"max_hp_gain":0.0,"max_hp_loss":0.0,"gold_gain":0.0,"event_name":"Upgrade Shrine","player_choice":"Upgraded","floor":5.0,"gold_loss":0.0,"damage_taken":0.0,"cards_upgraded":["Crippling Poison"]},{"damage_healed":0.0,"max_hp_gain":0.0,"max_hp_loss":0.0,"gold_gain":75.0,"event_name":"World of Goop","player_choice":"Gather Gold","floor":14.0,"gold_loss":0.0,"damage_taken":11.0},{"cards_removed":["Strike_G"],"damage_healed":0.0,"max_hp_gain":0.0,"max_hp_loss":0.0,"gold_gain":0.0,"event_name":"Back to Basics","player_choice":"Elegance","floor":19.0,"gold_loss":0.0,"damage_taken":0.0},{"damage_healed":0.0,"max_hp_gain":0.0,"max_hp_loss":0.0,"gold_gain":50.0,"event_name":"Nest","player_choice":"Stole From Cult","floor":27.0,"gold_loss":0.0,"damage_taken":0.0},{"damage_healed":0.0,"max_hp_gain":0.0,"max_hp_loss":0.0,"gold_gain":0.0,"event_name":"Lab","player_choice":"Got Potions","floor":29.0,"gold_loss":0.0,"damage_taken":0.0}],"is_beta":false,"boss_relics":[{"not_picked":["WristBlade","Black Star"],"picked":"Sozu"}],"items_purged_floors":[12,30],"is_endless":false,"potions_floor_spawned":[3,10,11,16,18,20,24],"killed_by":"Champ","ascension_level":17}}