{"host":"07ljfmttuzqopd7f","time":1607765077,"event":{"mods":["2.2 Compatiblity","BaseMod","Bestiary","Block Reminder","Colored Map","Colored Powertips","Curses Come First","Hermit","Minty Spire (QoL Compilation)","Quick Restart","Random Character Button","Rare Cards Sparkle","Relic Stats","StSLib","The Cursed","UnlockEverythingMod"],"gold_per_floor":[112,112,112,133,146,146,171,195,195,1,14,14,14],"floor_reached":12,"playtime":894,"items_purged":[],"score":79,"play_id":"ea02d498-0cf5-46b2-a215-b023a9e55379","local_time":"20201212042437","is_ascension_mode":true,"campfire_choices":[{"data":"TheCursedMod:CleanUpWorkshop","floor":6,"key":"SMITH"}],"circlet_count":0,"master_deck":["TheCursedMod:Strike_TheCursed","TheCursedMod:Strike_TheCursed","TheCursedMod:Strike_TheCursed","TheCursedMod:Strike_TheCursed","TheCursedMod:Defend_TheCursed","TheCursedMod:Defend_TheCursed","TheCursedMod:Defend_TheCursed","TheCursedMod:Defend_TheCursed","TheCursedMod:CursedWand","TheCursedMod:CleanUpWorkshop+1","TheCursedMod:Dregs","TheCursedMod:SoulReap","Injury","TheCursedMod:WearCloak","TheCursedMod:SpitefulPray","TheCursedMod:SpitefulPlan","TheCursedMod:ManaBullet","TheCursedMod:RapidMovement"],"relics":["TheCursedMod:BlackMagic101","Unceasing Top","Golden Idol","TheCursedMod:SoulVessel","Happy Flower"],"acts_visited":["Exordium"],"potions_floor_usage":[7],"damage_taken":[{"damage":1,"enemies":"Jaw Worm","floor":1,"turns":5},{"damage":0,"enemies":"2 Louse","floor":4,"turns":4},{"damage":0,"enemies":"Cultist","floor":5,"turns":4},{"damage":21,"enemies":"Gremlin Gang","floor":7,"turns":6},{"damage":18,"enemies":"Exordium Wildlife","floor":8,"turns":10},{"damage":40,"enemies":"Exordium Thugs","floor":11,"turns":8},{"damage":19,"enemies":"Gremlin Nob","floor":12,"turns":3}],"seed_played":"1832545914913265253","potions_obtained":[{"floor":1,"key":"SkillPotion"}],"is_trial":false,"path_per_floor":["M","?","?","M","M","R","M","M","T","$","M","E"],"character_chosen":"THE_CURSED","items_purchased":["TheCursedMod:ManaBullet","Happy Flower"],"campfire_rested":0,"item_purchase_floors":[10,10],"current_hp_per_floor":[67,67,72,73,73,73,52,39,39,39,5,0,0],"gold":14,"neow_bonus":"ONE_RARE_RELIC","is_daily":false,"chose_seed":false,"campfire_upgraded":1,"win_rate":0.0,"timestamp":1607765077,"path_taken":["M","?","?","M","M","R","M","M","T","?","M","E"],"items_purchased_type":["Card","Relic"],"build_version":"2020-11-30","purchased_purges":0,"victory":false,"max_hp_per_floor":[68,68,73,73,73,73,73,73,73,73,73,73,73],"relic_stats":{"Happy Flower":[3],"counters":[7,40],"Golden Idol":20,"obtain_stats":[{"TheCursedMod:BlackMagic101":0,"Happy Flower":10,"Golden Idol":2,"Unceasing Top":0,"TheCursedMod:SoulVessel":9},{"TheCursedMod:BlackMagic101":0,"Happy Flower":5,"Golden Idol":1,"Unceasing Top":0,"TheCursedMod:SoulVessel":5},{"TheCursedMod:BlackMagic101":0,"Happy Flower":29,"Golden Idol":5,"Unceasing Top":0,"TheCursedMod:SoulVessel":29}],"Unceasing Top":[0]},"card_choices":[{"not_picked":["TheCursedMod:ReleasedKnowledge","TheCursedMod:RavingStaff"],"picked":"TheCursedMod:SoulReap","floor":1},{"not_picked":["TheCursedMod:CursedAmulet","TheCursedMod:Hemoplague"],"picked":"TheCursedMod:WearCloak","floor":4},{"not_picked":["TheCursedMod:SaltUponWound","TheCursedMod:CursedMace"],"picked":"TheCursedMod:SpitefulPray","floor":5},{"not_picked":["TheCursedMod:VitalStrike","TheCursedMod:TroublousMinions","TheCursedMod:Stigma"],"picked":"SKIP","floor":7},{"not_picked":["TheCursedMod:Stigma","TheCursedMod:FleshFromBone"],"picked":"TheCursedMod:SpitefulPlan","floor":8},{"not_picked":["TheCursedMod:VitalStrike","TheCursedMod:Torture"],"picked":"TheCursedMod:RapidMovement","floor":11}],"player_experience":390056,"relics_obtained":[{"floor":9,"key":"TheCursedMod:SoulVessel"}],"event_choices":[{"damage_healed":0,"gold_gain":0,"player_choice":"Take Wound","damage_taken":0,"relics_obtained":["Golden Idol"],"max_hp_gain":0,"max_hp_loss":0,"event_name":"Golden Idol","floor":2,"gold_loss":0,"cards_obtained":["Injury"]},{"damage_healed":0,"gold_gain":0,"player_choice":"Donut","damage_taken":0,"max_hp_gain":5,"max_hp_loss":0,"event_name":"Big Fish","floor":3,"gold_loss":0}],"is_beta":false,"boss_relics":[],"items_purged_floors":[],"is_endless":false,"potions_floor_spawned":[1],"killed_by":"Gremlin Nob","ascension_level":2}}