{"host":"b4asi0laiv85suj9","time":1607747604,"event":{"mods":["BaseMod","Minty Spire (QoL Compilation)","MostiFishMod","Relic Stats","StSLib","TestMod","noobMod"],"gold_per_floor":[112,43,63,74,87,119,132,147,173,202,212,226,245,275,275,377,377,389,405,433,450,450,475,400,432,456,259,294,310,336,351,351,448,448,465,271,283,283,35,35,63,79,132,149,183,201,201,84,84,84,84,84,84,110,110],"floor_reached":56,"playtime":2633,"items_purged":["Defend_P","Strike_P"],"score":2340,"play_id":"cb2d6137-54c8-47f4-946f-cc0022db1062","local_time":"20201212123324","is_ascension_mode":true,"campfire_choices":[{"data":"Tantrum","floor":15.0,"key":"SMITH"},{"data":"MostiFishMod:StarOceanB","floor":32,"key":"SMITH"},{"floor":40,"key":"RECALL"},{"data":"TalkToTheHand","floor":47,"key":"SMITH"},{"data":"Fasting2","floor":49,"key":"SMITH"},{"data":"Panacea","floor":52,"key":"SMITH"}],"circlet_count":0,"master_deck":["Strike_P+1","Strike_P","Defend_P","Defend_P","Defend_P","Eruption","Vigilance","Tantrum+1","Fasting2+1","EmptyMind","Backflip","MostiFishMod:StarOceanB+1","Consecrate+1","TalkToTheHand+1","MostiFishMod:NightSea","Prostrate+1","Hyperbeam","Alpha","Swift Strike+1","Jack Of All Trades","Panacea+1","Jack Of All Trades","Seek+1","testmod-ComboMaster"],"relics":["testmod-TestBox","DaveBox","ice","GuanYuAspect","testmod-TurbochargingSystem","RhineCircuit","Question Card","PrismaticShard","testmod-IndustrialRevolution","MealTicket","testmod-Muramasa","Strawberry","ImportantClient","testmod-PortableAltar","Red Mask","Enchiridion","Happy Flower","Damaru","FossilizedHelix","Bag of Preparation","ShadowXiaoBlade","Whetstone","Civilization","Toxic Egg 2","testmod-Antiphasic","Juzu Bracelet","BrkXgEgg","Oddly Smooth Stone"],"acts_visited":["Exordium","TheCity","TheBeyond","TheEnding"],"potions_floor_usage":[28,55],"damage_taken":[{"damage":0.0,"enemies":"Cultist","floor":1.0,"turns":3.0},{"damage":0.0,"enemies":"Small Slimes","floor":3.0,"turns":1.0},{"damage":0.0,"enemies":"2 Louse","floor":4.0,"turns":2.0},{"damage":3.0,"enemies":"Blue Slaver","floor":5.0,"turns":2.0},{"damage":24.0,"enemies":"Gremlin Nob","floor":6.0,"turns":3.0},{"damage":0.0,"enemies":"3 Louse","floor":7.0,"turns":2.0},{"damage":0.0,"enemies":"Large Slime","floor":8.0,"turns":3.0},{"damage":32.0,"enemies":"Lagavulin","floor":10.0,"turns":3.0},{"damage":0.0,"enemies":"2 Fungi Beasts","floor":11.0,"turns":2.0},{"damage":0.0,"enemies":"Exordium Wildlife","floor":12.0,"turns":2.0},{"damage":20.0,"enemies":"Gremlin Gang","floor":13.0,"turns":4.0},{"damage":4.0,"enemies":"3 Sentries","floor":14.0,"turns":4.0},{"damage":48.0,"enemies":"The Guardian","floor":16.0,"turns":5.0},{"damage":6.0,"enemies":"Chosen","floor":18.0,"turns":4.0},{"damage":36.0,"enemies":"2 Thieves","floor":19.0,"turns":3.0},{"damage":12.0,"enemies":"Masked Bandits","floor":20.0,"turns":3.0},{"damage":2.0,"enemies":"Snecko","floor":21.0,"turns":2.0},{"damage":0.0,"enemies":"Slavers","floor":23.0,"turns":1.0},{"damage":31.0,"enemies":"Gremlin Leader","floor":25.0,"turns":3.0},{"damage":0,"enemies":"Book of Stabbing","floor":28,"turns":2},{"damage":1,"enemies":"Snake Plant","floor":29,"turns":3},{"damage":11,"enemies":"Gremlin Leader","floor":30,"turns":3},{"damage":0,"enemies":"Shelled Parasite and Fungi","floor":31,"turns":3},{"damage":1,"enemies":"Collector","floor":33,"turns":5},{"damage":0,"enemies":"3 Shapes","floor":35,"turns":3},{"damage":0,"enemies":"Orb Walker","floor":37,"turns":2},{"damage":0,"enemies":"Nemesis","floor":41,"turns":5},{"damage":0,"enemies":"4 Shapes","floor":42,"turns":1},{"damage":0,"enemies":"Transient","floor":44,"turns":5},{"damage":0,"enemies":"Reptomancer","floor":45,"turns":2},{"damage":0,"enemies":"Jaw Worm Horde","floor":46,"turns":1},{"damage":0,"enemies":"Awakened One","floor":50,"turns":6},{"damage":0,"enemies":"Shield and Spear","floor":54,"turns":1},{"damage":0,"enemies":"The Heart","floor":55,"turns":7}],"seed_played":"-1888585130584876079","potions_obtained":[{"floor":1.0,"key":"PowerPotion"},{"floor":5.0,"key":"FearPotion"},{"floor":6.0,"key":"Fire Potion"},{"floor":18.0,"key":"SpeedPotion"},{"floor":23.0,"key":"Energy Potion"},{"floor":30,"key":"Energy Potion"}],"is_trial":false,"path_per_floor":["M","$","M","M","M","E","M","M","T","E","M","M","M","E","R","B",null,"M","M","?","M","?","E","?","E","T","$","E","M","E","M","R","B",null,"M","$","M","?","$","R","E","M","T","M","E","M","R","$","R","B",null,"R","$","E","B",null],"character_chosen":"WATCHER","items_purchased":["Tantrum","MostiFishMod:NightSea","Whetstone","Civilization","BrkXgEgg"],"campfire_rested":0,"item_purchase_floors":[2,27,36,39,48],"current_hp_per_floor":[36,36,36,36,36,14,19,32,32,7,15,21,25,35,35,7,22,31,9,36,43,26,30,30,15,15,23,32,38,30,36,35,34,33,32,31,30,19,27,27,27,29,29,32,39,50,50,54,53,61,64,64,67,76,96],"gold":110,"neow_bonus":"BOSS_RELIC","is_daily":false,"chose_seed":false,"campfire_upgraded":5,"win_rate":0.0,"timestamp":1607747604,"path_taken":["M","?","M","M","M","E","?","M","T","E","M","M","?","E","R","BOSS","M","M","?","M","?","E","?","E","T","?","E","?","E","M","R","BOSS","M","$","M","?","$","R","E","M","T","M","E","M","R","$","R","BOSS","R","$","E","BOSS"],"items_purchased_type":["Card","Card","Relic","Relic","Relic"],"build_version":"2020-11-30","purchased_purges":2,"victory":true,"max_hp_per_floor":[36,36,36,36,36,36,36,36,36,36,36,36,37,47,47,47,47,46,45,44,43,42,41,40,42,41,40,39,38,37,36,35,34,33,32,31,30,29,28,27,27,31,30,35,44,56,55,54,53,70,69,68,67,86,106],"relic_stats":{"Happy Flower":[17],"counters":[34,101],"MealTicket":23,"Bag of Preparation":[24],"Juzu Bracelet":0,"Whetstone":["Strike_P","Consecrate"],"Question Card":35,"obtain_stats":[{"DaveBox":0,"Enchiridion":22,"testmod-PortableAltar":17,"ice":0,"Bag of Preparation":30,"Juzu Bracelet":45,"Whetstone":36,"PrismaticShard":1,"Civilization":39,"GuanYuAspect":0,"Strawberry":14,"MealTicket":9,"Red Mask":20,"Toxic Egg 2":41,"ImportantClient":16,"testmod-Muramasa":10,"testmod-TestBox":0,"Happy Flower":23,"Damaru":25,"Oddly Smooth Stone":54,"ShadowXiaoBlade":34,"BrkXgEgg":48,"testmod-TurbochargingSystem":0,"Question Card":1,"testmod-IndustrialRevolution":6,"RhineCircuit":0,"testmod-Antiphasic":43,"PureWater":0,"FossilizedHelix":28},{"DaveBox":0,"Enchiridion":17,"testmod-PortableAltar":13,"ice":0,"Bag of Preparation":22,"Juzu Bracelet":30,"Whetstone":25,"PrismaticShard":1,"Civilization":26,"GuanYuAspect":0,"Strawberry":12,"MealTicket":7,"Red Mask":16,"Toxic Egg 2":27,"ImportantClient":13,"testmod-Muramasa":8,"testmod-TestBox":0,"Happy Flower":18,"Damaru":19,"Oddly Smooth Stone":33,"ShadowXiaoBlade":24,"BrkXgEgg":31,"testmod-TurbochargingSystem":0,"Question Card":1,"testmod-IndustrialRevolution":5,"RhineCircuit":0,"testmod-Antiphasic":28,"PureWater":0,"FossilizedHelix":20},{"DaveBox":0,"Enchiridion":48,"testmod-PortableAltar":36,"ice":0,"Bag of Preparation":60,"Juzu Bracelet":86,"Whetstone":71,"PrismaticShard":3,"Civilization":73,"GuanYuAspect":0,"Strawberry":31,"MealTicket":16,"Red Mask":46,"Toxic Egg 2":78,"ImportantClient":36,"testmod-Muramasa":19,"testmod-TestBox":0,"Happy Flower":49,"Damaru":52,"Oddly Smooth Stone":94,"ShadowXiaoBlade":68,"BrkXgEgg":87,"testmod-TurbochargingSystem":0,"Question Card":3,"testmod-IndustrialRevolution":11,"RhineCircuit":0,"testmod-Antiphasic":79,"PureWater":0,"FossilizedHelix":54}]},"card_choices":[{"not_picked":["Wireheading","Weave","FlurryOfBlows"],"picked":"SKIP","floor":1.0},{"not_picked":["LikeWater","SashWhip","Chaos","Intimidate"],"picked":"SKIP","floor":3.0},{"not_picked":["FollowUp","EmptyBody","JustLucky","Clothesline"],"picked":"SKIP","floor":4.0},{"not_picked":["Havoc","Loop","Cloak And Dagger"],"picked":"Fasting2","floor":5.0},{"not_picked":["Warcry","Seeing Red","Quick Slash","Capacitor"],"picked":"SKIP","floor":6.0},{"not_picked":["testmod-AutoReboundSystem","Reinforced Body","Sweeping Beam"],"picked":"EmptyMind","floor":7.0},{"not_picked":["Havoc","Skewer","ClearTheMind","Protect"],"picked":"SKIP","floor":8.0},{"not_picked":["Aggregate","Footwork","CrushJoints"],"picked":"Backflip","floor":10.0},{"not_picked":["PathToVictory","Feed","Body Slam","Underhanded Strike"],"picked":"SKIP","floor":11.0},{"not_picked":["Force Field","CarveReality","BattleHymn","Outmaneuver"],"picked":"SKIP","floor":12.0},{"not_picked":["ClearTheMind","Underhanded Strike","testmod-Bloodthirsty","Well Laid Plans"],"picked":"SKIP","floor":13.0},{"not_picked":["Halt","Deflect","Poisoned Stab","Fusion"],"picked":"SKIP","floor":14.0},{"not_picked":["testmod-ChaoticCore","HandOfGreed","MostiFishMod:StarHerder"],"picked":"MostiFishMod:StarOceanB","floor":16.0},{"not_picked":["Rage","Underhanded Strike","Blade Dance","Cold Snap+1"],"picked":"SKIP","floor":18.0},{"not_picked":["Bane","Heavy Blade","Backflip","Fasting2+1"],"picked":"SKIP","floor":19.0},{"not_picked":["Steam","ReachHeaven+1","Stack"],"picked":"Consecrate","floor":21.0},{"not_picked":["EmptyMind","MostiFishMod:StarOceanP","Loop"],"picked":"TalkToTheHand","floor":23.0},{"not_picked":["Perseverance","FollowUp+1","Uppercut","Heavy Blade"],"picked":"SKIP","floor":25.0},{"not_picked":["Acrobatics","Iron Wave","Underhanded Strike"],"picked":"Prostrate+1","floor":28},{"not_picked":["Headbutt","Burning Pact","Ball Lightning"],"picked":"Hyperbeam","floor":29},{"not_picked":["Warcry","Consecrate","Poisoned Stab","Steam"],"picked":"SKIP","floor":30},{"not_picked":["Berserk","Blade Dance","Flex","Leap"],"picked":"SKIP","floor":31},{"not_picked":["MostiFishMod:PathToVictory","testmod-EnhanceArmerment","Transmutation"],"picked":"Alpha","floor":33},{"not_picked":["Burning Pact","CutThroughFate+1","Iron Wave"],"picked":"Swift Strike+1","floor":35},{"not_picked":["PathToVictory+1","Corpse Explosion","FollowUp+1","Twin Strike+1"],"picked":"SKIP","floor":37},{"not_picked":["Sadistic Nature","PanicButton","Bandage Up"],"picked":"Jack Of All Trades","floor":38},{"not_picked":["Trip","testmod-Automaton","Enlightenment"],"picked":"Panacea","floor":38},{"not_picked":["Good Instincts","Swift Strike","testmod-PainDetonator"],"picked":"Jack Of All Trades","floor":38},{"not_picked":["MostiFishMod:Clarity+1","CrushJoints+1","Blind+1","Barricade"],"picked":"SKIP","floor":41},{"not_picked":["Reinforced Body+1","Impatience+1","Battle Trance+1","Coolheaded+1"],"picked":"SKIP","floor":42},{"not_picked":["WheelKick+1","Skewer+1","Flame Barrier+1","MostiFishMod:ReprogramOld+1"],"picked":"SKIP","floor":44},{"not_picked":["Protect+1","Perfected Strike","Backflip+1","JustLucky+1"],"picked":"SKIP","floor":45},{"not_picked":["Compile Driver","JustLucky+1","Go for the Eyes"],"picked":"Seek+1","floor":46},{"not_picked":["Clothesline","MostiFishMod:PerfectParry+1","Conserve Battery+1"],"picked":"testmod-ComboMaster","floor":54}],"player_experience":173473,"relics_obtained":[{"floor":1.0,"key":"Question Card"},{"floor":1.0,"key":"PrismaticShard"},{"floor":6.0,"key":"testmod-IndustrialRevolution"},{"floor":9.0,"key":"MealTicket"},{"floor":10.0,"key":"testmod-Muramasa"},{"floor":14.0,"key":"Strawberry"},{"floor":16.0,"key":"ImportantClient"},{"floor":20.0,"key":"Red Mask"},{"floor":22.0,"key":"Enchiridion"},{"floor":23.0,"key":"Happy Flower"},{"floor":25.0,"key":"Damaru"},{"floor":28,"key":"FossilizedHelix"},{"floor":30,"key":"Bag of Preparation"},{"floor":41,"key":"Toxic Egg 2"},{"floor":43,"key":"testmod-Antiphasic"},{"floor":45,"key":"Juzu Bracelet"},{"floor":54,"key":"Oddly Smooth Stone"}],"event_choices":[{"damage_healed":0.0,"max_hp_gain":0.0,"max_hp_loss":0.0,"gold_gain":0.0,"event_name":"Masked Bandits","player_choice":"Fought Bandits","floor":20.0,"gold_loss":0.0,"damage_taken":0.0},{"damage_healed":0.0,"max_hp_gain":0.0,"max_hp_loss":0.0,"gold_gain":0.0,"event_name":"Cursed Tome","player_choice":"Obtained Book","floor":22.0,"gold_loss":0.0,"damage_taken":16.0},{"cards_removed":["Strike_P"],"damage_healed":0.0,"max_hp_gain":0.0,"max_hp_loss":0.0,"gold_gain":0.0,"event_name":"Beggar","player_choice":"Gave Gold","floor":24.0,"gold_loss":75.0,"damage_taken":0.0},{"damage_healed":0,"gold_gain":0,"player_choice":"Memory 3","damage_taken":10,"max_hp_gain":0,"max_hp_loss":0,"event_name":"SensoryStone","floor":38,"gold_loss":0}],"is_beta":false,"boss_relics":[{"not_picked":["VioletLotus","testmod-Temperance"],"picked":"testmod-PortableAltar"},{"not_picked":["BloodWine","testmod-Recursion"],"picked":"ShadowXiaoBlade"}],"items_purged_floors":[27,36],"is_endless":false,"potions_floor_spawned":[1,5,6,7,11,13,14,16,18,23,30,31,35,45,46],"ascension_level":9}}