{"host":"08umfpj02pt2ygc3","time":1607797167,"event":{"mods":["2.2 Compatiblity","BaseMod","DeckTracker","Highlight Path","Keyboard Shortcuts","Minty Spire (QoL Compilation)","Quick Restart","Random Character Button","StSLib","SuperFastMode","everything is the same but u backflip on backflip"],"gold_per_floor":[212,223,398,66,66,92,92,19,74,91,91,109,134,148,148,253,253,268,280,280,300,300,310,310,335,360,391,182,281,281,300,300,300,300],"floor_reached":33,"playtime":1747,"items_purged":["Doubt","Evolve+1"],"score":550,"play_id":"f7edef7e-4b06-4f0e-98b3-051b05cdf2ef","local_time":"20201213031927","is_ascension_mode":true,"campfire_choices":[{"data":"Perfected Strike","floor":7.0,"key":"SMITH"},{"data":"True Grit","floor":11.0,"key":"SMITH"},{"data":"Burning Pact","floor":15.0,"key":"SMITH"},{"floor":24.0,"key":"REST"},{"floor":30.0,"key":"REST"},{"data":"Perfected Strike","floor":32.0,"key":"SMITH"}],"circlet_count":0,"master_deck":["Strike_R+1","Strike_R+1","Strike_R+1","Strike_R+1","Strike_R+1","Defend_R+1","Defend_R+1","Defend_R+1","Defend_R+1","Bash","Perfected Strike+1","Flame Barrier","Perfected Strike+1","True Grit+1","Burning Pact+1","Bloodletting","Perfected Strike+1","Shrug It Off","Impervious","Perfected Strike","Seeing Red","Reaper","Pommel Strike+1","Perfected Strike+1","Perfected Strike"],"relics":["Burning Blood","Membership Card","Whetstone","DollysMirror","Anchor","Oddly Smooth Stone","Runic Pyramid","Torii","Blood Vial","Juzu Bracelet","Mango"],"acts_visited":["Exordium","TheCity"],"potions_floor_usage":[33],"damage_taken":[{"damage":7.0,"enemies":"Small Slimes","floor":1.0,"turns":3.0},{"damage":4.0,"enemies":"Jaw Worm","floor":2.0,"turns":4.0},{"damage":30.0,"enemies":"Gremlin Nob","floor":6.0,"turns":4.0},{"damage":0.0,"enemies":"Cultist","floor":10.0,"turns":2.0},{"damage":3.0,"enemies":"2 Fungi Beasts","floor":12.0,"turns":2.0},{"damage":3.0,"enemies":"Lagavulin","floor":13.0,"turns":3.0},{"damage":1.0,"enemies":"Looter","floor":14.0,"turns":2.0},{"damage":59.0,"enemies":"The Guardian","floor":16.0,"turns":11.0},{"damage":12.0,"enemies":"Shell Parasite","floor":18.0,"turns":4.0},{"damage":0.0,"enemies":"Chosen","floor":19.0,"turns":3.0},{"damage":31.0,"enemies":"3 Cultists","floor":21.0,"turns":6.0},{"damage":18.0,"enemies":"Snake Plant","floor":23.0,"turns":3.0},{"damage":3.0,"enemies":"Book of Stabbing","floor":25.0,"turns":2.0},{"damage":37.0,"enemies":"Slavers","floor":27.0,"turns":8.0},{"damage":3.0,"enemies":"Shelled Parasite and Fungi","floor":31.0,"turns":4.0},{"damage":83,"enemies":"Champ","floor":33,"turns":9}],"seed_played":"2647509519389099791","potions_obtained":[{"floor":2.0,"key":"CultistPotion"},{"floor":12.0,"key":"AttackPotion"},{"floor":14.0,"key":"Swift Potion"},{"floor":21.0,"key":"FearPotion"},{"floor":23.0,"key":"EntropicBrew"},{"floor":31.0,"key":"PowerPotion"}],"is_trial":false,"path_per_floor":["M","M","?","$","?","E","R","$","T","M","R","M","E","M","R","B",null,"M","M","?","M","?","M","R","E","T","E","$","?","R","M","R","B"],"character_chosen":"IRONCLAD","items_purchased":["Perfected Strike","Membership Card","True Grit","Burning Pact","DollysMirror","Mango","Perfected Strike"],"campfire_rested":2,"item_purchase_floors":[4,4,4,4,8,28,28],"current_hp_per_floor":[71,73,73,73,73,49,49,49,49,55,55,58,61,66,66,13,63,57,63,48,23,23,11,36,39,39,22,36,36,65,70,70,0,0],"gold":300,"neow_bonus":"HUNDRED_GOLD","is_daily":false,"chose_seed":false,"campfire_upgraded":4,"win_rate":0.0,"timestamp":1607797167,"path_taken":["M","M","?","$","?","E","R","$","T","M","R","M","E","M","R","BOSS","M","M","?","M","?","M","R","E","T","E","$","?","R","M","R","BOSS"],"items_purchased_type":["Card","Relic","Card","Card","Relic","Relic","Card"],"build_version":"2020-11-30","purchased_purges":2,"victory":false,"max_hp_per_floor":[80,80,80,80,80,80,80,80,80,80,80,80,80,80,80,80,80,80,80,85,85,85,85,85,85,85,85,99,99,99,99,99,99,99],"card_choices":[{"not_picked":["Iron Wave","Dual Wield"],"picked":"Perfected Strike","floor":1.0},{"not_picked":["Body Slam","Wild Strike"],"picked":"Flame Barrier","floor":2.0},{"not_picked":["Clothesline","Anger"],"picked":"Bloodletting","floor":6.0},{"not_picked":["Dropkick","Clothesline","Anger"],"picked":"SKIP","floor":10.0},{"not_picked":["Hemokinesis","Rampage","Armaments"],"picked":"SKIP","floor":12.0},{"not_picked":["Heavy Blade","Disarm"],"picked":"Shrug It Off","floor":13.0},{"not_picked":["Havoc","Sword Boomerang","Warcry"],"picked":"SKIP","floor":14.0},{"not_picked":["Juggernaut","Fiend Fire"],"picked":"Impervious","floor":16.0},{"not_picked":["Havoc","Clash"],"picked":"Perfected Strike","floor":18.0},{"not_picked":["Heavy Blade","Iron Wave"],"picked":"Evolve+1","floor":19.0},{"not_picked":["Battle Trance","Flex+1"],"picked":"Seeing Red","floor":21.0},{"not_picked":["Pommel Strike","Body Slam+1"],"picked":"Reaper","floor":23.0},{"not_picked":["Sword Boomerang+1","Heavy Blade","True Grit"],"picked":"SKIP","floor":25.0},{"not_picked":["Hemokinesis","Warcry"],"picked":"Pommel Strike+1","floor":27.0},{"not_picked":["Bloodletting","Heavy Blade"],"picked":"Perfected Strike","floor":31.0}],"player_experience":344062,"relics_obtained":[{"floor":6.0,"key":"Whetstone"},{"floor":9.0,"key":"Anchor"},{"floor":13.0,"key":"Oddly Smooth Stone"},{"floor":25.0,"key":"Torii"},{"floor":26.0,"key":"Blood Vial"},{"floor":27.0,"key":"Juzu Bracelet"}],"event_choices":[{"damage_healed":0.0,"max_hp_gain":0.0,"max_hp_loss":0.0,"gold_gain":175.0,"event_name":"Liars Game","player_choice":"AGREE","floor":3.0,"gold_loss":0.0,"damage_taken":0.0,"cards_obtained":["Doubt"]},{"damage_healed":0.0,"max_hp_gain":0.0,"max_hp_loss":0.0,"gold_gain":0.0,"event_name":"Accursed Blacksmith","player_choice":"Forge","floor":5.0,"gold_loss":0.0,"damage_taken":0.0,"cards_upgraded":["Perfected Strike"]},{"damage_healed":0.0,"max_hp_gain":5.0,"max_hp_loss":0.0,"gold_gain":0.0,"event_name":"Forgotten Altar","player_choice":"Shed Blood","floor":20.0,"gold_loss":0.0,"damage_taken":20.0},{"damage_healed":0.0,"max_hp_gain":0.0,"max_hp_loss":0.0,"gold_gain":0.0,"event_name":"Back to Basics","player_choice":"Simplicity","floor":22.0,"gold_loss":0.0,"damage_taken":0.0,"cards_upgraded":["Strike_R","Strike_R","Strike_R","Defend_R","Defend_R","Defend_R","Defend_R"]},{"damage_healed":0.0,"max_hp_gain":0.0,"max_hp_loss":0.0,"gold_gain":99.0,"event_name":"Nest","player_choice":"Stole From Cult","floor":29.0,"gold_loss":0.0,"damage_taken":0.0}],"is_beta":false,"boss_relics":[{"not_picked":["Black Blood","Snecko Eye"],"picked":"Runic Pyramid"}],"items_purged_floors":[4,28],"is_endless":false,"potions_floor_spawned":[2,12,14,21,23,31],"killed_by":"Champ","ascension_level":9}}