{"host":"089k52je1m7056j5","time":1607777111,"event":{"mods":["AchievementEnabler","BaseMod","Block Reminder","Minty Spire (QoL Compilation)","Quick Restart","Relic Stats"],"gold_per_floor":[111,125,52,52,72,103,103,131,131,131,156,156,168,198,198,271,271,290,306,126,136,136,136],"floor_reached":22,"playtime":574,"items_purged":[],"score":436,"play_id":"b9c15ec0-98cc-4f95-b6fd-99c71db1b5de","local_time":"20201212134511","is_ascension_mode":true,"campfire_choices":[{"data":"Fire Breathing","floor":7,"key":"SMITH"},{"data":"Armaments","floor":10,"key":"SMITH"},{"floor":15,"key":"REST"}],"circlet_count":0,"master_deck":["AscendersBane","Strike_R","Strike_R","Strike_R","Strike_R","Strike_R","Defend_R","Defend_R","Defend_R","Defend_R","Bash","Carnage+1","Hemokinesis","Hemokinesis","Fire Breathing+1","Armaments+1","Fire Breathing"],"relics":["Burning Blood","NeowsBlessing","Bottled Tornado","Blood Vial","The Courier","Darkstone Periapt","Meat on the Bone","Lee\u0027s Waffle"],"acts_visited":["Exordium","TheCity"],"potions_floor_usage":[6,11,11,13,13,18,21],"damage_taken":[{"damage":0,"enemies":"Jaw Worm","floor":1,"turns":1},{"damage":0,"enemies":"Cultist","floor":2,"turns":1},{"damage":0,"enemies":"2 Louse","floor":5,"turns":1},{"damage":24,"enemies":"Gremlin Nob","floor":6,"turns":4},{"damage":34,"enemies":"Lagavulin","floor":8,"turns":5},{"damage":5,"enemies":"3 Sentries","floor":11,"turns":5},{"damage":2,"enemies":"Gremlin Gang","floor":13,"turns":4},{"damage":29,"enemies":"Lagavulin","floor":14,"turns":5},{"damage":4,"enemies":"Slime Boss","floor":16,"turns":8},{"damage":56,"enemies":"2 Thieves","floor":18,"turns":4},{"damage":15,"enemies":"Chosen","floor":19,"turns":6},{"damage":82,"enemies":"Centurion and Healer","floor":21,"turns":7},{"damage":26,"enemies":"Snake Plant","floor":22,"turns":3}],"seed_played":"-5860624056865619529","potions_obtained":[{"floor":1,"key":"Explosive Potion"},{"floor":2,"key":"BloodPotion"},{"floor":6,"key":"EntropicBrew"},{"floor":16,"key":"Explosive Potion"},{"floor":19,"key":"Ancient Potion"}],"is_trial":false,"path_per_floor":["M","M","$","?","M","E","R","E","T","R","E","?","M","E","R","B",null,"M","M","$","M","M"],"character_chosen":"IRONCLAD","items_purchased":["Hemokinesis","Lee\u0027s Waffle","Fire Breathing"],"campfire_rested":1,"item_purchase_floors":[3,20,20],"current_hp_per_floor":[78,80,80,80,80,78,78,50,50,50,53,53,59,38,62,66,77,41,46,87,23,0,0],"gold":136,"neow_bonus":"THREE_ENEMY_KILL","is_daily":false,"chose_seed":false,"campfire_upgraded":2,"win_rate":0.0,"timestamp":1607777111,"path_taken":["M","M","$","?","?","E","R","E","T","R","E","?","?","E","R","BOSS","M","M","?","M","M"],"items_purchased_type":["Card","Relic","Card"],"build_version":"2020-11-30","purchased_purges":0,"victory":false,"max_hp_per_floor":[80,80,80,80,80,80,80,80,80,80,80,80,80,80,80,80,80,80,80,87,87,87,87],"relic_stats":{"Blood Vial":14,"Darkstone Periapt":0,"Lee\u0027s Waffle":41,"counters":[13,54],"obtain_stats":[{"Blood Vial":8,"Darkstone Periapt":11,"Lee\u0027s Waffle":20,"NeowsBlessing":0,"The Courier":9,"Bottled Tornado":6,"Burning Blood":0,"Meat on the Bone":14},{"Blood Vial":5,"Darkstone Periapt":6,"Lee\u0027s Waffle":11,"NeowsBlessing":0,"The Courier":5,"Bottled Tornado":4,"Burning Blood":0,"Meat on the Bone":8},{"Blood Vial":12,"Darkstone Periapt":17,"Lee\u0027s Waffle":44,"NeowsBlessing":0,"The Courier":12,"Bottled Tornado":7,"Burning Blood":0,"Meat on the Bone":26}],"Burning Blood":62,"Meat on the Bone":36},"card_choices":[{"not_picked":["Second Wind","Metallicize"],"picked":"Carnage","floor":1},{"not_picked":["Reckless Charge","Ghostly Armor"],"picked":"Hemokinesis","floor":2},{"not_picked":["True Grit","Evolve"],"picked":"Fire Breathing","floor":5},{"not_picked":["Clothesline","Disarm"],"picked":"Armaments","floor":6},{"not_picked":["Shockwave","Havoc","Whirlwind"],"picked":"SKIP","floor":8},{"not_picked":["Whirlwind","Dropkick","Cleave"],"picked":"SKIP","floor":11},{"not_picked":["Shockwave","Sword Boomerang","Headbutt"],"picked":"SKIP","floor":13},{"not_picked":["Immolate","Searing Blow","Combust"],"picked":"SKIP","floor":14},{"not_picked":["Shrug It Off","Wild Strike","Body Slam"],"picked":"SKIP","floor":18},{"not_picked":["Sword Boomerang","Heavy Blade","Rampage+1"],"picked":"SKIP","floor":19},{"not_picked":["Headbutt","Havoc","Thunderclap"],"picked":"SKIP","floor":21}],"player_experience":223433,"relics_obtained":[{"floor":6,"key":"Bottled Tornado"},{"floor":8,"key":"Blood Vial"},{"floor":9,"key":"The Courier"},{"floor":11,"key":"Darkstone Periapt"},{"floor":14,"key":"Meat on the Bone"}],"event_choices":[{"damage_healed":0,"gold_gain":0,"player_choice":"0 cards matched","damage_taken":0,"max_hp_gain":0,"max_hp_loss":0,"event_name":"Match and Keep!","floor":4,"gold_loss":0,"cards_obtained":[]},{"damage_healed":0,"gold_gain":0,"player_choice":"Upgraded","damage_taken":0,"max_hp_gain":0,"max_hp_loss":0,"event_name":"Upgrade Shrine","floor":12,"gold_loss":0,"cards_upgraded":["Carnage"]}],"is_beta":false,"boss_relics":[{"not_picked":["Runic Pyramid","Fusion Hammer","Runic Dome"]}],"items_purged_floors":[],"is_endless":false,"potions_floor_spawned":[1,2,6,16,19],"killed_by":"Snake Plant","ascension_level":13}}