{"host":"l3hv6ps9z6xmpxdg","time":1607801869,"event":{"mods":["AchievementEnabler","Act Like it!","BaseMod","Beaked The Cultist","Better Altar","Better Third Choice","BetterRewards","Card Forge","Colored Map","Conspire","Downfall","Hallownest","Hermit","Hubris","Infinite Spire","Lobotomy","Minty Spire (QoL Compilation)","Rare Cards Sparkle","Replay The Spire","Spicy Shops","Spikes Relics","StSLib","The Bug Knight","The Hierophant"],"gold_per_floor":[16,0,0,0,0,35,52,79,79,110,110,129,129,129,129,233,233,251,268,238,250,269,269,269,269],"floor_reached":24,"playtime":1380,"items_purged":[],"score":268,"play_id":"391115eb-ab87-404b-b683-bd7b63d918ea","local_time":"20201212143749","is_ascension_mode":true,"campfire_choices":[{"data":"1","floor":11,"key":"LIFT"},{"data":"2","floor":15,"key":"LIFT"},{"floor":23,"key":"REST"}],"circlet_count":0,"master_deck":["Strike_R+1","Strike_R","Strike_R","Strike_R","Strike_R","Defend_R","Defend_R","Defend_R","Defend_R","Bash","Fiend Fire+1","Sword Boomerang","Enlightenment","infinitespire:Starlight","Flex","Disarm","Exhume","Clothesline","Burn","Shrug It Off"],"relics":["Burning Blood","Hammer of Thor","Seething Fire","Anvil of the Gods","Replay:Arrowhead","Replay:Mystery Machine","Whetstone","Girya","hubris:MysteriousPyramids","hubris:Towel","CosmicIsotope"],"acts_visited":["Exordium","TheCity"],"potions_floor_usage":[6,8,10,21,22,22,22,22,24],"damage_taken":[{"damage":2,"enemies":"2 Louse","floor":1,"turns":3},{"damage":20,"enemies":"3 Sentries","floor":6,"turns":11},{"damage":0,"enemies":"Small Slimes","floor":7,"turns":3},{"damage":16,"enemies":"Gremlin Nob","floor":8,"turns":3},{"damage":18,"enemies":"Lagavulin","floor":10,"turns":5},{"damage":9,"enemies":"conspire:RoseBush","floor":12,"turns":1},{"damage":30,"enemies":"Slime Boss","floor":16,"turns":6},{"damage":57,"enemies":"3 Byrds","floor":18,"turns":7},{"damage":55,"enemies":"3 Cultists","floor":19,"turns":6},{"damage":11,"enemies":"conspire:HollyBat","floor":21,"turns":8},{"damage":18,"enemies":"Sentry and Sphere","floor":22,"turns":6},{"damage":43,"enemies":"Slavers","floor":24,"turns":3}],"seed_played":"-1398233466710232816","potions_obtained":[{"floor":1,"key":"ColorlessPotion"},{"floor":7,"key":"ColorlessPotion"},{"floor":8,"key":"DistilledChaos"},{"floor":19,"key":"Languid Potion"},{"floor":20,"key":"Venom Potion"},{"floor":20,"key":"EntropicBrew"},{"floor":22,"key":"DuplicationPotion"}],"is_trial":false,"path_per_floor":["M","?","?","?","?","E","M","E","T","E","R","M","?","?","R","B",null,"M","M","?","M","M","R","E"],"character_chosen":"IRONCLAD","items_purchased":[],"campfire_rested":1,"item_purchase_floors":[],"current_hp_per_floor":[80,86,65,65,65,61,77,67,67,65,65,62,62,62,62,48,77,46,7,7,22,30,55,32,32],"gold":269,"neow_bonus":"THREE_RARE_CARDS","is_daily":false,"chose_seed":false,"campfire_upgraded":0,"win_rate":0.0,"timestamp":1607801869,"path_taken":["M","?","?","?","?","E","M","E","T","E","R","?","?","?","R","BOSS","M","M","?","?","M","R","E"],"items_purchased_type":[],"build_version":"2020-11-30","purchased_purges":0,"victory":false,"max_hp_per_floor":[80,86,86,86,86,86,86,86,86,86,86,86,86,86,86,86,86,86,86,86,86,86,86,86,86],"card_choices":[{"not_picked":["Impervious","Bludgeon"],"picked":"Fiend Fire","floor":0},{"not_picked":["Perfected Strike","Body Slam"],"picked":"Sword Boomerang","floor":1},{"not_picked":["ReplayTheSpireMod:Black Plague","Replay:Fractal Strike"],"picked":"infinitespire:Starlight","floor":3},{"not_picked":["Warcry","Body Slam"],"picked":"Flex","floor":6},{"not_picked":["ReplayTheSpireMod:Strike From Hell","Replay:Undeath\u0027s Touch","hubris:ReadiedAction"],"picked":"SKIP","floor":7},{"not_picked":["Flex","ReplayTheSpireMod:Corrosion Curse"],"picked":"Disarm","floor":8},{"not_picked":["Demonic Infusion","Heavy Blade"],"picked":"Exhume","floor":10},{"not_picked":["Cleave","Iron Wave"],"picked":"Clothesline","floor":12},{"not_picked":["Clash","True Grit"],"picked":"Shrug It Off","floor":18},{"not_picked":["Wild Strike","Reckless Charge","Thunderclap"],"picked":"SKIP","floor":19},{"not_picked":["Carnage+1","Iron Wave","conspire:ExplosiveBarrier+1"],"picked":"SKIP","floor":21},{"not_picked":["Hemokinesis+1","Clash+1","Cleave+1"],"picked":"SKIP","floor":22}],"player_experience":152014,"relics_obtained":[{"floor":6,"key":"Replay:Mystery Machine"},{"floor":8,"key":"Whetstone"},{"floor":9,"key":"Girya"},{"floor":10,"key":"hubris:MysteriousPyramids"}],"event_choices":[{"damage_healed":0,"gold_gain":0,"player_choice":"RENOUNCE","damage_taken":16,"max_hp_gain":0,"max_hp_loss":0,"event_name":"betterThird:BetterSerpent","floor":2,"gold_loss":16,"cards_obtained":["Enlightenment"]},{"damage_healed":0,"gold_gain":0,"player_choice":"Box","damage_taken":0,"relics_obtained":["Replay:Arrowhead"],"max_hp_gain":0,"max_hp_loss":0,"event_name":"Big Fish","floor":4,"gold_loss":0,"cards_obtained":["Regret"]},{"cards_removed":["Regret"],"damage_healed":0,"gold_gain":0,"player_choice":"Removed Curses","damage_taken":0,"max_hp_gain":0,"max_hp_loss":0,"event_name":"Fountain of Cleansing","floor":5,"gold_loss":0},{"damage_healed":62,"gold_gain":0,"player_choice":"Embrace Burn","damage_taken":0,"max_hp_gain":0,"max_hp_loss":86,"event_name":"betterThird:BetterShining","floor":13,"gold_loss":0},{"damage_healed":0,"gold_gain":0,"player_choice":"Bought 2 Potions","damage_taken":0,"max_hp_gain":0,"max_hp_loss":0,"event_name":"The Woman in Blue","floor":20,"gold_loss":0}],"is_beta":false,"boss_relics":[{"not_picked":["hubris:TerracottaHorce","beaked:SacredDeck"],"picked":"CosmicIsotope"}],"items_purged_floors":[],"is_endless":false,"potions_floor_spawned":[1,7,8,19,22],"killed_by":"Slavers","ascension_level":5}}