{"host":"bbjnqymry46jz0fa","time":1607749847,"event":{"mods":["BaseMod","DeckTracker","Minty Spire (QoL Compilation)","Quick Restart","StSLib","SuperFastMode"],"gold_per_floor":[114,124,135,4,13,13,13,13,36,36,53,69,84,98,98,175,175,193,38,38,50,69,99,99,99,99,99,99,109,109,129,129,129,129],"floor_reached":33,"playtime":1093,"items_purged":["Strike_G","Strike_G"],"score":522,"play_id":"41db08cf-9254-4725-97e8-deb159a7928f","local_time":"20201212141047","is_ascension_mode":true,"campfire_choices":[{"data":"Tactician","floor":6.0,"key":"SMITH"},{"data":"Acrobatics","floor":8.0,"key":"SMITH"},{"data":"Predator","floor":10.0,"key":"SMITH"},{"data":"Dagger Spray","floor":15.0,"key":"SMITH"},{"data":"Ghostly","floor":28.0,"key":"SMITH"},{"floor":30.0,"key":"REST"},{"data":"Ghostly","floor":32,"key":"SMITH"}],"circlet_count":0,"master_deck":["AscendersBane","Strike_G","Strike_G","Defend_G","Defend_G","Defend_G","Defend_G","Survivor","Neutralize","Tactician+1","Dagger Throw","Predator+1","Acrobatics+1","Dagger Spray+1","After Image","Acrobatics","Underhanded Strike","Leg Sweep","Reflex","Ghostly+1","Ghostly+1","Ghostly","Blur+1","Malaise"],"relics":["Ring of the Snake","Centennial Puzzle","Blood Vial","Philosopher\u0027s Stone","Bag of Preparation","Letter Opener"],"acts_visited":["TheCity"],"potions_floor_usage":[31,33],"damage_taken":[{"damage":6.0,"enemies":"Jaw Worm","floor":1.0,"turns":5.0},{"damage":2.0,"enemies":"2 Louse","floor":2.0,"turns":3.0},{"damage":1.0,"enemies":"Small Slimes","floor":3.0,"turns":3.0},{"damage":7.0,"enemies":"Exordium Thugs","floor":5.0,"turns":5.0},{"damage":5.0,"enemies":"Lots of Slimes","floor":11.0,"turns":3.0},{"damage":2.0,"enemies":"2 Fungi Beasts","floor":12.0,"turns":2.0},{"damage":0.0,"enemies":"3 Louse","floor":13.0,"turns":3.0},{"damage":6.0,"enemies":"Lots of Slimes","floor":14.0,"turns":3.0},{"damage":26.0,"enemies":"Slime Boss","floor":16.0,"turns":8.0},{"damage":0.0,"enemies":"3 Byrds","floor":18.0,"turns":4.0},{"damage":9.0,"enemies":"Shell Parasite","floor":21.0,"turns":4.0},{"damage":17.0,"enemies":"Shelled Parasite and Fungi","floor":22.0,"turns":3.0},{"damage":22.0,"enemies":"Gremlin Leader","floor":23.0,"turns":6.0},{"damage":8.0,"enemies":"Sentry and Sphere","floor":29.0,"turns":6.0},{"damage":3,"enemies":"Cultist and Chosen","floor":31,"turns":7},{"damage":27,"enemies":"Automaton","floor":33,"turns":12}],"seed_played":"2501556944091923773","potions_obtained":[{"floor":2.0,"key":"Energy Potion"},{"floor":3.0,"key":"BlessingOfTheForge"},{"floor":16.0,"key":"AttackPotion"},{"floor":21.0,"key":"Weak Potion"},{"floor":29.0,"key":"DistilledChaos"}],"is_trial":false,"path_per_floor":["M","M","M","$","M","R","?","R","T","R","M","M","M","M","R","B",null,"M","$","?","M","M","E","?","?","T","?","R","M","R","M","R","B"],"character_chosen":"THE_SILENT","items_purchased":["Acrobatics","Explosive Potion"],"campfire_rested":1,"item_purchase_floors":[4,19],"current_hp_per_floor":[53,51,50,50,43,43,32,32,32,32,29,29,31,27,27,3,50,52,52,52,45,30,10,10,10,10,10,10,4,13,12,12,0,0],"gold":129,"neow_bonus":"THREE_CARDS","is_daily":false,"chose_seed":false,"campfire_upgraded":6,"win_rate":0.0,"timestamp":1607749847,"path_taken":["M","M","M","$","M","R","?","R","T","R","M","M","M","M","R","BOSS","M","$","?","M","M","E","?","?","T","?","R","M","R","?","R","BOSS"],"items_purchased_type":["Card","Potion"],"build_version":"2020-11-30","purchased_purges":2,"victory":false,"max_hp_per_floor":[66,66,66,66,66,66,66,66,66,66,66,66,66,66,66,66,66,66,66,66,66,66,66,33,33,33,33,33,33,33,33,33,33,33],"card_choices":[{"not_picked":["Bane","Expertise"],"picked":"Tactician","floor":0.0},{"not_picked":["Concentrate","PiercingWail"],"picked":"Dagger Throw","floor":1.0},{"not_picked":["Sucker Punch","Deadly Poison","Choke"],"picked":"SKIP","floor":2.0},{"not_picked":["Blade Dance","Backstab"],"picked":"Predator","floor":3.0},{"not_picked":["Blade Dance","Cloak And Dagger"],"picked":"Dagger Spray","floor":5.0},{"not_picked":["Concentrate","Catalyst","A Thousand Cuts"],"picked":"SKIP","floor":11.0},{"not_picked":["Dagger Spray","Riddle With Holes","Flying Knee"],"picked":"SKIP","floor":12.0},{"not_picked":["Deflect","Dodge and Roll","Masterful Stab"],"picked":"SKIP","floor":13.0},{"not_picked":["Deadly Poison","Blur","Skewer"],"picked":"SKIP","floor":14.0},{"not_picked":["Envenom","Doppelganger"],"picked":"After Image","floor":16.0},{"not_picked":["Heel Hook","Cloak And Dagger"],"picked":"Acrobatics","floor":18.0},{"not_picked":["Bane","Calculated Gamble"],"picked":"Reflex","floor":21.0},{"not_picked":["Acrobatics","Sucker Punch","Terror"],"picked":"SKIP","floor":22.0},{"not_picked":["Slice+1","Deflect+1","Sucker Punch"],"picked":"SKIP","floor":23.0},{"not_picked":["Quick Slash","Dagger Spray"],"picked":"Blur+1","floor":29.0},{"not_picked":["Dagger Throw","Blade Dance"],"picked":"Malaise","floor":31}],"player_experience":704654,"relics_obtained":[{"floor":9.0,"key":"Blood Vial"},{"floor":23.0,"key":"Bag of Preparation"},{"floor":26.0,"key":"Letter Opener"}],"event_choices":[{"damage_healed":0.0,"max_hp_gain":0.0,"max_hp_loss":0.0,"gold_gain":0.0,"event_name":"Scrap Ooze","player_choice":"Success","floor":7.0,"gold_loss":0.0,"damage_taken":11.0,"relics_obtained":["Centennial Puzzle"]},{"damage_healed":0.0,"max_hp_gain":0.0,"max_hp_loss":0.0,"gold_gain":0.0,"cards_transformed":["Strike_G","Defend_G"],"event_name":"Drug Dealer","player_choice":"Became Test Subject","floor":20.0,"gold_loss":0.0,"damage_taken":0.0,"cards_obtained":["Underhanded Strike","Leg Sweep"]},{"damage_healed":0.0,"max_hp_gain":0.0,"max_hp_loss":33.0,"gold_gain":0.0,"event_name":"Ghosts","player_choice":"Became a Ghost","floor":24.0,"gold_loss":0.0,"damage_taken":0.0,"cards_obtained":["Ghostly","Ghostly","Ghostly"]},{"damage_healed":0.0,"max_hp_gain":0.0,"max_hp_loss":0.0,"gold_gain":0.0,"event_name":"Vampires","player_choice":"Ignored","floor":25.0,"gold_loss":0.0,"damage_taken":0.0},{"damage_healed":0.0,"max_hp_gain":0.0,"max_hp_loss":0.0,"gold_gain":0.0,"event_name":"The Mausoleum","player_choice":"Ignored","floor":27.0,"gold_loss":0.0,"damage_taken":0.0}],"is_beta":false,"boss_relics":[{"not_picked":["Velvet Choker","Runic Dome"],"picked":"Philosopher\u0027s Stone"}],"items_purged_floors":[4,19],"is_endless":false,"potions_floor_spawned":[2,3,11,16,21,29],"killed_by":"Automaton","ascension_level":20}}