{"host":"bbjnqymry46jz0fa","time":1607772908,"event":{"mods":["BaseMod","DeckTracker","Minty Spire (QoL Compilation)","Quick Restart","StSLib","SuperFastMode"],"gold_per_floor":[116,127,127,145,145,145,70,94,94,94,108,108,129,54,54,54,54],"floor_reached":16,"playtime":235,"items_purged":["Strike_G"],"score":184,"play_id":"51788f09-928f-49a5-9cad-ad947e982bfe","local_time":"20201212203508","is_ascension_mode":true,"campfire_choices":[{"data":"Riddle With Holes","floor":6.0,"key":"SMITH"},{"data":"Bouncing Flask","floor":10.0,"key":"SMITH"},{"data":"Neutralize","floor":12.0,"key":"SMITH"},{"data":"Caltrops","floor":15.0,"key":"SMITH"}],"circlet_count":0,"master_deck":["AscendersBane","Strike_G","Strike_G","Strike_G+1","Defend_G+1","Defend_G","Defend_G","Defend_G","Defend_G","Survivor","Neutralize+1","Riddle With Holes+1","Accuracy","Bouncing Flask+1","Caltrops+1"],"relics":["Ring of the Snake","Art of War","Golden Idol","White Beast Statue"],"acts_visited":[],"potions_floor_usage":[16,16],"damage_taken":[{"damage":0.0,"enemies":"Cultist","floor":1.0,"turns":5.0},{"damage":0.0,"enemies":"2 Louse","floor":2.0,"turns":3.0},{"damage":3.0,"enemies":"Small Slimes","floor":4.0,"turns":4.0},{"damage":12.0,"enemies":"Exordium Wildlife","floor":8.0,"turns":5.0},{"damage":2.0,"enemies":"Red Slaver","floor":11.0,"turns":3.0},{"damage":1.0,"enemies":"Blue Slaver","floor":13.0,"turns":3.0},{"damage":22,"enemies":"The Guardian","floor":16,"turns":2}],"seed_played":"4308823610054090379","potions_obtained":[{"floor":1.0,"key":"Strength Potion"},{"floor":4.0,"key":"CultistPotion"},{"floor":11.0,"key":"Energy Potion"}],"is_trial":false,"path_per_floor":["M","M","?","M","?","R","?","M","T","R","M","R","M","$","R","B"],"character_chosen":"THE_SILENT","items_purchased":[],"campfire_rested":0,"item_purchase_floors":[],"current_hp_per_floor":[59,59,39,36,36,36,36,24,24,24,22,22,21,21,21,0,0],"gold":54,"neow_bonus":"RANDOM_COMMON_RELIC","is_daily":false,"chose_seed":false,"campfire_upgraded":4,"win_rate":0.0,"timestamp":1607772908,"path_taken":["M","M","?","M","?","R","?","M","T","R","M","R","?","?","R","BOSS"],"items_purchased_type":[],"build_version":"2020-11-30","purchased_purges":1,"victory":false,"max_hp_per_floor":[66,66,66,66,60,60,60,60,60,60,60,60,60,60,60,60,60],"card_choices":[{"not_picked":["Calculated Gamble","Sucker Punch"],"picked":"Riddle With Holes","floor":1.0},{"not_picked":["Underhanded Strike","Dagger Spray","Finisher"],"picked":"SKIP","floor":2.0},{"not_picked":["Deflect","Bane"],"picked":"Accuracy","floor":4.0},{"not_picked":["Flying Knee","Dodge and Roll"],"picked":"Bouncing Flask","floor":8.0},{"not_picked":["Setup","Concentrate","Outmaneuver"],"picked":"SKIP","floor":11.0},{"not_picked":["Endless Agony","Deflect"],"picked":"Caltrops","floor":13.0}],"player_experience":706796,"relics_obtained":[{"floor":9.0,"key":"White Beast Statue"}],"event_choices":[{"damage_healed":0.0,"max_hp_gain":0.0,"max_hp_loss":0.0,"gold_gain":0.0,"event_name":"Shining Light","player_choice":"Entered Light","floor":3.0,"gold_loss":0.0,"damage_taken":20.0,"cards_upgraded":["Defend_G","Strike_G"]},{"damage_healed":0.0,"max_hp_gain":0.0,"max_hp_loss":6.0,"gold_gain":0.0,"event_name":"Golden Idol","player_choice":"Lose Max HP","floor":5.0,"gold_loss":0.0,"damage_taken":0.0,"relics_obtained":["Golden Idol"]},{"cards_removed":["Strike_G"],"damage_healed":0.0,"max_hp_gain":0.0,"max_hp_loss":0.0,"gold_gain":0.0,"event_name":"The Cleric","player_choice":"Card Removal","floor":7.0,"gold_loss":75.0,"damage_taken":0.0}],"is_beta":false,"boss_relics":[],"items_purged_floors":[14],"is_endless":false,"potions_floor_spawned":[1,4,11,13],"killed_by":"The Guardian","ascension_level":20}}