{"host":"40ttcv3g5w633xb3","time":1607785086,"event":{"mods":["AchievementEnabler","Act Like it!","Ascension Reborn","Aspiration","BaseMod","Beaked The Cultist","BetterRewards","Challenge The Spire","Clawfect","Colored Map","Colored Powertips","Conspire","Custom Start","Downfall","Elementarium","Emptier Cage","Energized Spire","Gensokyo","GifTheSpireLib","GungeonMod","Halation","Hallownest","Hermit","Highlight Path","Hubris","HumanHunterMod(????mod)","Humility","Infinite Spire","Jedi Mod","KomeijiMod","Marisa????????","Marked Mod","Minty Spire (QoL Compilation)","MostiFishMod","Pale of the Ancients","Permanent Neow","Quarter Circle Forward PUNCH!","Quick Restart","Random Character Button","Rare Cards Sparkle","Relic Stats","Replay The Spire","Shade Mod","Spicy Shops","Spikes Relics","StSLib","Stuff the Spire","The Hierophant","The Jungle","The Necromancer","The Problem Sleuth","TheArtist","Trackpad","Wandering Minibosses","vexMod","yUi"],"gold_per_floor":[122,141,141,153,397,427,427,469,469,481,522,497,533,553,553,677,677,700,70,92,112,137,137,137,137,137,137,137,137,137,137,137,137,137,137,137,137,137,137,137,11083,11083,11083,11083,11083],"floor_reached":44,"playtime":2039,"items_purged":["Strike_R+1","Strike_R+1","Strike_R+1"],"score":165,"play_id":"33d8f712-5067-4d8c-adf8-ab00f4d01f7f","local_time":"20201212145806","is_ascension_mode":true,"campfire_choices":[{"data":"Flex","floor":7,"key":"SMITH"},{"data":"Strike_R+1","floor":15,"key":"PURGE"},{"data":"Sword Boomerang","floor":32,"key":"SMITH"},{"floor":40,"key":"DIG"},{"floor":42,"key":"RECALL"}],"circlet_count":0,"master_deck":["Strike_R+1","Defend_R+1","Defend_R+1","Defend_R+1","Defend_R+1","Bash+1","MostiFishMod:UltimateDefense","Flex+1","Body Slam","Havoc+1","Rage","Uppercut","Havoc+1","Pummel+1","Disarm+1","MostiFishMod:TemporaryOutbreak+1","Delirium","Burning Pact+1","Sword Boomerang+1","sneckomod:Bewildered","Pummel+1"],"relics":["DaveBox","EGODaCapo","FeatherPendant","FeatherPendant","FeatherPendant","FeatherPendant","FeatherPendant","Ring of the Serpent","Ring of the Serpent","Ring of the Serpent","Ring of the Serpent","Ring of the Serpent","Question Card","DemoMod:GlassGuonStoneRelic","Gensokyo:NagashiBinaDoll","Potion Belt","Replay:Bottled Snecko","DemoMod:ChaffGrenade","DemoMod:PoisonVial","Replay:Multitool","DaCapo","ImportantClient","CosmicIsotope","Replay:Bottled Eggs","trackpad:CultistFigurine","Frozen Egg 2","hubris:Spice","Brimstone","jedi:ominousloannote","halation:SelfBoilingWater","Ring of Hypnosis","ReplayTheSpireMod:Ring of Challenge","hubris:SlimyHat","sneckomod:BabySnecko","StuffTheSpire:Nightcore","jedi:bottledfury","CatCart","beaked:ShinyBauble"],"acts_visited":["Gensokyo:Gensokyo","TheCity","TheBeyond"],"potions_floor_usage":[37],"damage_taken":[{"damage":0,"enemies":"Gensokyo:2_Kodama","floor":1,"turns":1},{"damage":0,"enemies":"Gensokyo:Python","floor":2,"turns":1},{"damage":0,"enemies":"Gensokyo:3_Fairies","floor":4,"turns":3},{"damage":0,"enemies":"Gensokyo:Aya","floor":6,"turns":1},{"damage":0,"enemies":"Gensokyo:Mamizou","floor":8,"turns":1},{"damage":0,"enemies":"Gensokyo:Kitsune","floor":10,"turns":1},{"damage":0,"enemies":"Gensokyo:Aya","floor":11,"turns":1},{"damage":0,"enemies":"Gensokyo:Mamizou","floor":13,"turns":1},{"damage":0,"enemies":"Gensokyo:2_Rabbits","floor":14,"turns":1},{"damage":0,"enemies":"Gensokyo:Yukari","floor":16,"turns":1},{"damage":0,"enemies":"Shell Parasite","floor":18,"turns":1},{"damage":0,"enemies":"3 Byrds","floor":20,"turns":1},{"damage":0,"enemies":"Shelled Parasite and Fungi","floor":21,"turns":1},{"damage":0,"enemies":"Gremlin Leader","floor":23,"turns":1},{"damage":0,"enemies":"Slavers","floor":25,"turns":3},{"damage":0,"enemies":"Snecko","floor":27,"turns":1},{"damage":0,"enemies":"Gremlin Leader","floor":28,"turns":1},{"damage":0,"enemies":"Snake Plant","floor":29,"turns":1},{"damage":6,"enemies":"Cultist and Chosen","floor":30,"turns":1},{"damage":0,"enemies":"hubris:MusketHawk","floor":33,"turns":1},{"damage":0,"enemies":"Orb Walker","floor":35,"turns":1},{"damage":0,"enemies":"3 Darklings","floor":37,"turns":1},{"damage":10,"enemies":"Sphere and 2 Shapes","floor":38,"turns":1},{"damage":0,"enemies":"Orin","floor":39,"turns":2},{"damage":0,"enemies":"Jaw Worm Horde","floor":44,"turns":1}],"seed_played":"1239125464894298316","potions_obtained":[{"floor":1,"key":"UndeadPotion"},{"floor":2,"key":"Guardian:BlockOnCardUsePotion"},{"floor":2,"key":"AttackPotion"},{"floor":6,"key":"Strength Potion"},{"floor":6,"key":"SneckoOil"},{"floor":37,"key":"Elixir"}],"is_trial":false,"path_per_floor":["M","M","?","M","?","E","R","E","T","M","E","?","E","M","R_BF","B",null,"M","$","M","M","$","E","?","E","T","M","E","M","M","?","R","B",null,"M","?","M","M","?","R","$","R","T","M"],"character_chosen":"IRONCLAD","items_purchased":["Replay:Bottled Eggs","trackpad:CultistFigurine","Frozen Egg 2","hubris:Spice","Brimstone","jedi:ominousloannote","hubris:Spice","hubris:Spice","hubris:Spice","hubris:Spice","hubris:Spice","hubris:Spice","hubris:Spice","hubris:Spice"],"campfire_rested":0,"item_purchase_floors":[19,19,19,19,19,22,22,22,41,41,41,41,41,41],"current_hp_per_floor":[85,85,85,85,85,85,85,85,85,85,85,85,85,85,85,90,90,90,98,98,106,90,90,90,74,66,66,50,42,36,36,36,39,31,31,31,23,13,13,13,1,1,1,1,1],"gold":11083,"neow_bonus":"BOSS_RELIC","is_daily":false,"chose_seed":false,"campfire_upgraded":2,"win_rate":0.0,"timestamp":1607785086,"path_taken":["M","M","?","?","?","E","R","E","T","M","E","?","E","M","R_BF","BOSS","M","$","M","M","?","E","?","E","T","M","E","M","?","?","R","BOSS","M","?","?","M","?","R","$","R","T","M"],"items_purchased_type":["Relic","Relic","Relic","Relic","Relic","Relic","Relic","Relic","Relic","Relic","Relic","Relic","Relic","Relic"],"build_version":"2020-11-30","purchased_purges":3,"victory":false,"max_hp_per_floor":[85,85,85,85,85,85,85,85,85,85,85,85,85,85,85,90,90,90,98,98,106,90,90,90,74,66,66,50,42,42,42,42,39,31,31,31,23,15,15,15,1,1,1,1,1],"relic_stats":{"counters":[25,30],"Question Card":37,"obtain_stats":[{"beaked:ShinyBauble":40,"DaveBox":0,"DemoMod:PoisonVial":11,"DemoMod:GlassGuonStoneRelic":2,"Gensokyo:NagashiBinaDoll":3,"Replay:Multitool":13,"hubris:SlimyHat":26,"jedi:bottledfury":36,"Burning Blood":0,"DaCapo":16,"Replay:Bottled Snecko":8,"StuffTheSpire:Nightcore":33,"Replay:Bottled Eggs":19,"trackpad:CultistFigurine":19,"ImportantClient":16,"Potion Belt":6,"StuffTheSpire:RunicHypercube":0,"Ring of Hypnosis":24,"DemoMod:ChaffGrenade":9,"Frozen Egg 2":19,"Question Card":1,"halation:SelfBoilingWater":23,"sneckomod:BabySnecko":31,"EGODaCapo":0,"FeatherPendant":0,"hubris:Spice":19,"Brimstone":19,"jedi:ominousloannote":22,"CosmicIsotope":17,"ReplayTheSpireMod:Ring of Challenge":24,"CatCart":39,"Ring of the Serpent":0},{"beaked:ShinyBauble":24,"DaveBox":0,"DemoMod:PoisonVial":7,"DemoMod:GlassGuonStoneRelic":2,"Gensokyo:NagashiBinaDoll":2,"Replay:Multitool":8,"hubris:SlimyHat":15,"jedi:bottledfury":21,"Burning Blood":0,"DaCapo":10,"Replay:Bottled Snecko":5,"StuffTheSpire:Nightcore":20,"Replay:Bottled Eggs":11,"trackpad:CultistFigurine":11,"ImportantClient":10,"Potion Belt":4,"StuffTheSpire:RunicHypercube":0,"Ring of Hypnosis":14,"DemoMod:ChaffGrenade":5,"Frozen Egg 2":11,"Question Card":1,"halation:SelfBoilingWater":14,"sneckomod:BabySnecko":19,"EGODaCapo":0,"FeatherPendant":0,"hubris:Spice":11,"Brimstone":11,"jedi:ominousloannote":13,"CosmicIsotope":10,"ReplayTheSpireMod:Ring of Challenge":14,"CatCart":24,"Ring of the Serpent":0},{"beaked:ShinyBauble":29,"DaveBox":0,"DemoMod:PoisonVial":9,"DemoMod:GlassGuonStoneRelic":2,"Gensokyo:NagashiBinaDoll":2,"Replay:Multitool":10,"hubris:SlimyHat":19,"jedi:bottledfury":25,"Burning Blood":0,"DaCapo":12,"Replay:Bottled Snecko":7,"StuffTheSpire:Nightcore":24,"Replay:Bottled Eggs":13,"trackpad:CultistFigurine":13,"ImportantClient":12,"Potion Belt":6,"StuffTheSpire:RunicHypercube":0,"Ring of Hypnosis":16,"DemoMod:ChaffGrenade":7,"Frozen Egg 2":13,"Question Card":1,"halation:SelfBoilingWater":16,"sneckomod:BabySnecko":23,"EGODaCapo":0,"FeatherPendant":0,"hubris:Spice":13,"Brimstone":13,"jedi:ominousloannote":15,"CosmicIsotope":12,"ReplayTheSpireMod:Ring of Challenge":16,"CatCart":29,"Ring of the Serpent":0}]},"card_choices":[{"not_picked":["Perfected Strike","True Grit","Anger"],"picked":"SKIP","floor":1},{"not_picked":["infinitespire:OneForAll","Body Slam","Clothesline"],"picked":"MostiFishMod:UltimateDefense","floor":2},{"not_picked":["Uppercut","jedi:controlledanger","Twin Strike"],"picked":"Flex","floor":4},{"not_picked":["Twin Strike","Burning Pact","Warcry"],"picked":"Body Slam","floor":6},{"not_picked":["jedi:hate","Armaments","Evolve"],"picked":"Havoc","floor":8},{"not_picked":["Twin Strike","Metallicize","Replay:Undeath\u0027s Touch"],"picked":"Rage","floor":10},{"not_picked":["ReplayReversal","Barricade","Flex"],"picked":"Uppercut","floor":11},{"not_picked":["infinitespire:OneForAll","Sword Boomerang","Massacre","hubris:CleavingFinish"],"picked":"SKIP","floor":13},{"not_picked":["Wild Strike","StuffTheSpire:Incineration","hubris:ReadiedAction"],"picked":"Havoc","floor":14},{"not_picked":["StuffTheSpire:Slingshot","Shrug It Off","Power Through+1"],"picked":"Pummel+1","floor":18},{"not_picked":["Shrug It Off+1","Pommel Strike+1","Whirlwind+1"],"picked":"Disarm+1","floor":20},{"not_picked":["Warcry","StuffTheSpire:Slingshot","Perfected Strike"],"picked":"MostiFishMod:TemporaryOutbreak+1","floor":21},{"not_picked":["Dark Embrace+1","Infernal Blade","Warcry+1","Iron Wave"],"picked":"SKIP","floor":23},{"not_picked":["Anger","Shrug It Off+1","Cleave"],"picked":"hubris:SpiceAddiction","floor":25},{"not_picked":["Sever Soul","StuffTheSpire:Slingshot","Battle Trance"],"picked":"Burning Pact+1","floor":27},{"not_picked":["Sword Boomerang+1","Thunderclap+1","DemoMod:WhiteBlade"],"picked":"hubris:SpiceAddiction","floor":28},{"not_picked":["hubris:ReadiedAction","Heavy Blade","StuffTheSpire:Resist+1"],"picked":"hubris:SpiceAddiction","floor":29},{"not_picked":["Uppercut+1","Anger+1","Clash"],"picked":"Sword Boomerang","floor":30},{"not_picked":["Eclipse","MostiFishMod:TemporaryOutbreak+1","MostiFishMod:ChineseTea"],"picked":"hubris:SpiceAddiction","floor":33},{"not_picked":["Sentinel+1","Blood for Blood+1","Warcry"],"picked":"Pummel+1","floor":35},{"not_picked":["Wild Strike+1","Thunderclap+1","Pommel Strike+1"],"picked":"hubris:SpiceAddiction","floor":37},{"not_picked":["Second Wind+1","hubris:SpiceAddiction","StuffTheSpire:Resist+1"],"picked":"hubris:SpiceAddiction","floor":38}],"player_experience":289737,"relics_obtained":[{"floor":1,"key":"Question Card"},{"floor":6,"key":"Potion Belt"},{"floor":8,"key":"Replay:Bottled Snecko"},{"floor":9,"key":"DemoMod:ChaffGrenade"},{"floor":11,"key":"DemoMod:PoisonVial"},{"floor":13,"key":"Replay:Multitool"},{"floor":16,"key":"DaCapo"},{"floor":16,"key":"ImportantClient"},{"floor":21,"key":"hubris:Spice"},{"floor":23,"key":"halation:SelfBoilingWater"},{"floor":24,"key":"Ring of Hypnosis"},{"floor":24,"key":"ReplayTheSpireMod:Ring of Challenge"},{"floor":25,"key":"hubris:Spice"},{"floor":26,"key":"hubris:Spice"},{"floor":26,"key":"hubris:SlimyHat"},{"floor":28,"key":"hubris:Spice"},{"floor":33,"key":"StuffTheSpire:Nightcore"},{"floor":36,"key":"jedi:bottledfury"},{"floor":39,"key":"CatCart"},{"floor":40,"key":"beaked:ShinyBauble"},{"floor":43,"key":"hubris:Spice"},{"floor":43,"key":"hubris:Spice"}],"event_choices":[{"damage_healed":0,"gold_gain":0,"player_choice":"Relic","damage_taken":0,"max_hp_gain":0,"max_hp_loss":0,"event_name":"Wheel of Change","floor":36,"gold_loss":0},{"damage_healed":0,"gold_gain":0,"player_choice":"Fight","damage_taken":0,"max_hp_gain":0,"max_hp_loss":0,"event_name":"OrinTheCat","floor":39,"gold_loss":0}],"is_beta":false,"boss_relics":[{"not_picked":["aspiration:PoetsPen_weak","ChewingGum"],"picked":"CosmicIsotope"},{"not_picked":["Busted Crown","DiscerningMonocle"],"picked":"hubris:Spice"}],"items_purged_floors":[19,22,41],"is_endless":false,"potions_floor_spawned":[2,4,6,25,28,30,39],"killed_by":"Jaw Worm Horde","ascension_level":-20}}