{"host":"1t0llcfp0lo7rmr4","time":1607783008,"event":{"mods":["AchievementEnabler","Aspiration","BaseMod","Beaked The Cultist","Better Note","Block Reminder","Colored Powertips","Downfall","GifTheSpireLib","Hermit","Hubris","Jorbs\u0027s Wanderer Trilogy","Minty Spire (QoL Compilation)","Permanent Neow","Potionbrewer","Quick Restart","Relic Filter","Replay The Spire","StSLib","SuperFastMode","The Bladedancer","The Bug Knight","The Cursed","The Death Knight","The Druid","The Elementalist","The Exalted","The Forsaken","The Judge","The Poker Player","The Runesmith","vexMod"],"gold_per_floor":[112,129,54,54,72,93,112,112,161,161,161,161,161,161],"floor_reached":13,"playtime":462,"items_purged":["beaked:Strike_Y"],"score":83,"play_id":"91ae6e44-bcf5-4c85-b574-319ca98aedb3","local_time":"20201213012328","is_ascension_mode":false,"campfire_choices":[{"floor":8,"key":"RECALL"},{"floor":11,"key":"REST"}],"circlet_count":0,"master_deck":["beaked:Strike_Y","beaked:Strike_Y","beaked:Strike_Y","beaked:Strike_Y","beaked:Strike_Y","beaked:Defend_Y","beaked:Defend_Y","beaked:Defend_Y","beaked:Ceremony","beaked:Ceremony","beaked:Ceremony","beaked:WarriorEssence","beaked:SacrificialScars","Pain"],"relics":["beaked:MendingPlumage","theForsaken:PaleLantern","vexMod:DeviousBotling","InkBottle","WarpedTongs"],"acts_visited":["Exordium"],"potions_floor_usage":[5],"damage_taken":[{"damage":17,"enemies":"Jaw Worm","floor":1,"turns":4},{"damage":23,"enemies":"Cultist","floor":2,"turns":5},{"damage":0,"enemies":"2 Louse","floor":5,"turns":3},{"damage":25,"enemies":"Lagavulin","floor":6,"turns":7},{"damage":30,"enemies":"Red Slaver","floor":7,"turns":5},{"damage":55,"enemies":"3 Sentries","floor":13,"turns":6}],"seed_played":"6676743063823702821","potions_obtained":[{"floor":2,"key":"Slimebound:ThreeZeroPotion"},{"floor":5,"key":"Languid Potion"}],"is_trial":false,"path_per_floor":["M","M","$","?","M","E","M","R","T","?","R","?","E"],"character_chosen":"BEAKED_THE_CULTIST","items_purchased":[],"campfire_rested":1,"item_purchase_floors":[],"current_hp_per_floor":[41,34,34,34,44,40,22,22,22,22,37,37,0,0],"gold":161,"neow_bonus":"DOUBLE_BOSS_RELIC","is_daily":false,"chose_seed":false,"campfire_upgraded":0,"win_rate":0.0,"timestamp":1607783008,"path_taken":["M","M","$","?","?","E","M","R","T","?","R","?","E"],"items_purchased_type":[],"build_version":"2020-11-30","purchased_purges":1,"victory":false,"max_hp_per_floor":[50,50,50,50,50,50,52,52,52,52,52,52,52,52],"card_choices":[{"not_picked":["beaked:DigDeep","beaked:RuinSticks"],"picked":"beaked:WarriorEssence","floor":1},{"not_picked":["beaked:BloodRitual","beaked:CursingBlood","beaked:Tweet"],"picked":"SKIP","floor":2},{"not_picked":["beaked:DigDeep","beaked:MimicHuntress","beaked:Daydream"],"picked":"SKIP","floor":5},{"not_picked":["beaked:Roost","beaked:HuntressEssence"],"picked":"beaked:SacrificialScars","floor":6},{"not_picked":["beaked:Redirect","beaked:Evade","beaked:Daydream"],"picked":"SKIP","floor":7}],"player_experience":895602,"relics_obtained":[{"floor":6,"key":"InkBottle"}],"event_choices":[{"cards_removed":["beaked:Strike_Y"],"damage_healed":0,"gold_gain":0,"player_choice":"Give","damage_taken":0,"max_hp_gain":0,"max_hp_loss":0,"event_name":"betterNote:BetterNote","floor":4,"gold_loss":0,"cards_obtained":["Regret"]},{"damage_healed":0,"gold_gain":0,"player_choice":"Rummage","damage_taken":0,"relics_obtained":["WarpedTongs"],"max_hp_gain":0,"max_hp_loss":0,"event_name":"Accursed Blacksmith","floor":12,"gold_loss":0,"cards_obtained":["Pain"]}],"is_beta":false,"boss_relics":[],"items_purged_floors":[3],"is_endless":false,"potions_floor_spawned":[2,5],"killed_by":"3 Sentries","ascension_level":0}}