{"host":"1hv1kueuvc4r3rdp","time":1607802190,"event":{"mods":["AchievementEnabler","BaseMod","DeckTracker","Highlight Path","Minty Spire (QoL Compilation)","Permanent Neow","StSLib"],"gold_per_floor":[115,132,144,162,182,182,213,271,271,271,281,301,301,314,314,412,412,430,430,430,355,366,366,381,410,484,484,516,531,548,567,567,669,669,682,702,718,736,736,736,768,768,768,779,811,830,690,740,740,740,740],"floor_reached":50,"playtime":8052,"items_purged":["Eviscerate"],"score":713,"play_id":"5714e521-672e-4e77-86b2-9bd896aeab41","local_time":"20201212134310","is_ascension_mode":true,"campfire_choices":[{"data":"Riddle With Holes","floor":6,"key":"SMITH"},{"floor":10,"key":"REST"},{"data":"Dash","floor":13,"key":"SMITH"},{"data":"Dagger Spray","floor":15,"key":"SMITH"},{"data":"Glass Knife","floor":23,"key":"SMITH"},{"floor":32,"key":"REST"},{"floor":40,"key":"REST"},{"data":"Caltrops","floor":42,"key":"SMITH"},{"floor":49,"key":"REST"}],"circlet_count":0,"master_deck":["Survivor+1","Neutralize","Infinite Blades","Riddle With Holes+1","Sucker Punch+1","Dash+1","Caltrops+1","Dagger Spray+1","Prepared+1","Malaise+1","Infinite Blades","Malaise+1","Bouncing Flask+1","Glass Knife+1","Glass Knife+1","Prepared+1","Tactician+1","Dagger Spray","After Image","Leg Sweep+1","Adrenaline+1","Bullet Time+1","Blur+1","Enlightenment+1","Envenom"],"relics":["Ring of the Snake","NeowsBlessing","War Paint","Mummified Hand","Toxic Egg 2","Pandora\u0027s Box","Shuriken","Sundial","White Beast Statue","Runic Pyramid","Pear","InkBottle","Whetstone","Thread and Needle"],"acts_visited":["Exordium","TheCity","TheBeyond"],"potions_floor_usage":[8,16,30,36,45,46,50,50,50],"damage_taken":[{"damage":0,"enemies":"2 Louse","floor":1,"turns":1},{"damage":0,"enemies":"Jaw Worm","floor":2,"turns":1},{"damage":0,"enemies":"Small Slimes","floor":3,"turns":1},{"damage":1,"enemies":"Blue Slaver","floor":4,"turns":6},{"damage":4,"enemies":"Exordium Wildlife","floor":5,"turns":4},{"damage":33,"enemies":"Gremlin Nob","floor":7,"turns":5},{"damage":16,"enemies":"Gremlin Nob","floor":8,"turns":5},{"damage":2,"enemies":"3 Louse","floor":11,"turns":4},{"damage":0,"enemies":"Large Slime","floor":12,"turns":5},{"damage":0,"enemies":"Exordium Wildlife","floor":14,"turns":3},{"damage":3,"enemies":"Slime Boss","floor":16,"turns":10},{"damage":4,"enemies":"Chosen","floor":18,"turns":3},{"damage":0,"enemies":"3 Byrds","floor":22,"turns":4},{"damage":4,"enemies":"Cultist and Chosen","floor":24,"turns":5},{"damage":6,"enemies":"Book of Stabbing","floor":25,"turns":4},{"damage":7,"enemies":"Slavers","floor":28,"turns":3},{"damage":0,"enemies":"Snecko","floor":29,"turns":3},{"damage":8,"enemies":"Snake Plant","floor":30,"turns":3},{"damage":0,"enemies":"3 Cultists","floor":31,"turns":4},{"damage":12,"enemies":"Automaton","floor":33,"turns":8},{"damage":0,"enemies":"Orb Walker","floor":35,"turns":3},{"damage":17,"enemies":"3 Darklings","floor":36,"turns":4},{"damage":3,"enemies":"Maw","floor":37,"turns":6},{"damage":22,"enemies":"Spire Growth","floor":38,"turns":4},{"damage":7,"enemies":"Giant Head","floor":41,"turns":7},{"damage":11,"enemies":"Sphere and 2 Shapes","floor":44,"turns":3},{"damage":29,"enemies":"Nemesis","floor":45,"turns":5},{"damage":1,"enemies":"Maw","floor":46,"turns":7},{"damage":0,"enemies":"Mind Bloom Boss Battle","floor":48,"turns":5},{"damage":46,"enemies":"Awakened One","floor":50,"turns":8}],"seed_played":"-1122724826998657139","potions_obtained":[{"floor":2,"key":"Strength Potion"},{"floor":7,"key":"SneckoOil"},{"floor":8,"key":"Ancient Potion"},{"floor":11,"key":"CunningPotion"},{"floor":16,"key":"Strength Potion"},{"floor":22,"key":"Fire Potion"},{"floor":30,"key":"Dexterity Potion"},{"floor":31,"key":"LiquidMemories"},{"floor":36,"key":"Weak Potion"},{"floor":37,"key":"CultistPotion"},{"floor":45,"key":"Regen Potion"},{"floor":46,"key":"Ancient Potion"}],"is_trial":false,"path_per_floor":["M","M","M","M","M","R","E","?","T","R","M","M","R","M","R","B",null,"M","?","?","$","M","R","M","E","T","?","E","M","M","M","R","B",null,"M","M","M","M","?","R","E","R","T","M","E","M","$","?","R","B"],"character_chosen":"THE_SILENT","items_purchased":["Envenom"],"campfire_rested":4,"item_purchase_floors":[47],"current_hp_per_floor":[70,70,70,69,65,65,32,16,16,37,35,35,35,35,35,32,61,57,57,57,57,57,57,53,47,47,34,27,27,19,19,41,29,64,64,47,44,22,22,44,47,47,47,36,7,21,21,21,46,0,0],"gold":740,"neow_bonus":"THREE_ENEMY_KILL","is_daily":false,"chose_seed":false,"campfire_upgraded":5,"win_rate":0.0,"timestamp":1607802190,"path_taken":["M","M","M","M","M","R","E","?","T","R","M","M","R","M","R","BOSS","M","?","?","$","M","R","M","E","T","?","E","M","M","?","R","BOSS","M","M","M","M","?","R","E","R","T","M","E","M","$","?","R","BOSS"],"items_purchased_type":["Card"],"build_version":"2020-11-30","purchased_purges":1,"victory":false,"max_hp_per_floor":[70,70,70,70,70,70,70,70,70,70,70,70,70,70,70,70,70,70,70,70,70,70,70,70,70,70,75,75,75,75,75,75,75,75,75,75,75,75,75,75,85,85,85,85,85,85,85,85,85,85,85],"card_choices":[{"not_picked":["Underhanded Strike","PiercingWail"],"picked":"Infinite Blades","floor":1},{"not_picked":["Underhanded Strike","Cloak And Dagger","Dodge and Roll"],"picked":"SKIP","floor":2},{"not_picked":["Quick Slash","Underhanded Strike"],"picked":"Riddle With Holes","floor":3},{"not_picked":["Skewer","Noxious Fumes"],"picked":"Sucker Punch","floor":4},{"not_picked":["Dagger Throw","Slice","Underhanded Strike"],"picked":"SKIP","floor":5},{"not_picked":["Predator","Envenom"],"picked":"Dash","floor":7},{"not_picked":["Blade Dance","Dagger Throw"],"picked":"Caltrops","floor":8},{"not_picked":["Expertise+1","Catalyst+1"],"picked":"Dagger Spray","floor":11},{"not_picked":["Concentrate+1","Backstab","Quick Slash"],"picked":"SKIP","floor":12},{"not_picked":["Distraction+1","Flying Knee"],"picked":"Prepared+1","floor":14},{"not_picked":["A Thousand Cuts","Die Die Die"],"picked":"Malaise+1","floor":16},{"not_picked":["Dodge and Roll+1","Deadly Poison+1","Poisoned Stab"],"picked":"SKIP","floor":18},{"not_picked":["Prepared+1","Distraction+1","PiercingWail+1"],"picked":"SKIP","floor":22},{"not_picked":["Setup+1","Terror+1"],"picked":"Leg Sweep+1","floor":24},{"not_picked":["Prepared+1","PiercingWail+1"],"picked":"Adrenaline+1","floor":25},{"not_picked":["Leg Sweep+1","Infinite Blades"],"picked":"Bullet Time+1","floor":28},{"not_picked":["Quick Slash","Deadly Poison+1","Deflect+1"],"picked":"SKIP","floor":29},{"not_picked":["Dagger Spray","Poisoned Stab","PiercingWail+1"],"picked":"SKIP","floor":30},{"not_picked":["Poisoned Stab","Backstab+1"],"picked":"Blur+1","floor":31},{"not_picked":["Deadly Poison+1","Quick Slash+1","Cloak And Dagger+1"],"picked":"SKIP","floor":35},{"not_picked":["Deadly Poison+1","Outmaneuver+1","Skewer"],"picked":"SKIP","floor":36},{"not_picked":["Sucker Punch+1","All Out Attack+1","PiercingWail+1"],"picked":"SKIP","floor":37},{"not_picked":["Dagger Throw","Quick Slash+1","Poisoned Stab+1"],"picked":"SKIP","floor":38},{"not_picked":["Discovery+1","Panacea+1"],"picked":"Enlightenment+1","floor":39},{"not_picked":["Quick Slash+1","Well Laid Plans","Sucker Punch+1"],"picked":"SKIP","floor":41},{"not_picked":["Expertise+1","Sucker Punch+1","Crippling Poison+1"],"picked":"SKIP","floor":44},{"not_picked":["Slice+1","Acrobatics+1","Setup+1"],"picked":"SKIP","floor":45},{"not_picked":["Deflect+1","Poisoned Stab","Venomology+1"],"picked":"SKIP","floor":46}],"player_experience":972200,"relics_obtained":[{"floor":7,"key":"War Paint"},{"floor":8,"key":"Mummified Hand"},{"floor":9,"key":"Toxic Egg 2"},{"floor":25,"key":"Shuriken"},{"floor":26,"key":"Sundial"},{"floor":28,"key":"White Beast Statue"},{"floor":41,"key":"Pear"},{"floor":43,"key":"InkBottle"},{"floor":45,"key":"Whetstone"},{"floor":48,"key":"Thread and Needle"}],"event_choices":[{"damage_healed":0,"gold_gain":0,"player_choice":"Searched \u00271\u0027 times","damage_taken":0,"max_hp_gain":0,"max_hp_loss":0,"event_name":"Dead Adventurer","floor":8,"gold_loss":0},{"damage_healed":0,"gold_gain":0,"player_choice":"Ignored","damage_taken":0,"max_hp_gain":0,"max_hp_loss":0,"event_name":"The Mausoleum","floor":19,"gold_loss":0},{"damage_healed":0,"gold_gain":0,"player_choice":"Ignored","damage_taken":0,"max_hp_gain":0,"max_hp_loss":0,"event_name":"Vampires","floor":20,"gold_loss":0},{"damage_healed":0,"gold_gain":0,"player_choice":"Shed Blood","damage_taken":18,"max_hp_gain":5,"max_hp_loss":0,"event_name":"Forgotten Altar","floor":27,"gold_loss":0},{"damage_healed":0,"gold_gain":0,"player_choice":"Memory 1","damage_taken":0,"max_hp_gain":0,"max_hp_loss":0,"event_name":"SensoryStone","floor":39,"gold_loss":0},{"damage_healed":0,"gold_gain":0,"player_choice":"Fight","damage_taken":0,"max_hp_gain":0,"max_hp_loss":0,"event_name":"MindBloom","floor":48,"gold_loss":0}],"is_beta":false,"boss_relics":[{"not_picked":["Fusion Hammer","Velvet Choker"],"picked":"Pandora\u0027s Box"},{"not_picked":["Tiny House","Busted Crown"],"picked":"Runic Pyramid"}],"items_purged_floors":[21],"is_endless":false,"potions_floor_spawned":[2,7,8,11,14,16,22,25,28,29,30,31,33,35,36,37,38,41,44,45,46,48],"killed_by":"Awakened One","ascension_level":5}}