{"host":"8zzc9mdnfkdiyxma","time":1607777543,"event":{"mods":["2.2 Compatiblity","BaseMod","Better Altar","Better Match","Better Note","Better Sensory Stone","Better Skull","Better Third Choice","Better Vampires","Colored Map","Colored Powertips","Emptier Cage","Energized Spire","Halation","Minty Spire (QoL Compilation)","Permanent Neow","Rare Cards Sparkle","Relic Filter","SacredBarkPlus","StSLib","Waifu the Spire"],"gold_per_floor":[215,140,159,171,190,219,219,219,243,28,28,47,65,26,26,100,100,120,120,90,90,110,142,142,170,170,202,220,220,220,236,236,236,236],"floor_reached":33,"playtime":1350,"items_purged":["Strike_R"],"score":760,"play_id":"21936c4f-ff89-4929-9044-ffdce8bc396a","local_time":"20201212075223","is_ascension_mode":true,"campfire_choices":[{"data":"1","floor":7,"key":"LIFT"},{"data":"2","floor":11,"key":"LIFT"},{"data":"3","floor":15,"key":"LIFT"},{"floor":29,"key":"REST"},{"floor":32,"key":"REST"}],"circlet_count":0,"master_deck":["AscendersBane","Strike_R","Strike_R","Strike_R","Strike_R","Defend_R","Defend_R","Defend_R","Bash","Carnage","Headbutt","Uppercut","Anger","Cleave","Shrug It Off","Carnage","Shockwave","Immolate","Carnage","Reaper","Pummel","Iron Wave","Pummel","Shrug It Off","Evolve+1","Iron Wave"],"relics":["Burning Blood","Girya","Art of War","Velvet Choker","Bottled Lightning","Omamori","Frozen Egg 2","Matryoshka","Champion Belt","Potion Belt","Smiling Mask"],"acts_visited":["Exordium","TheCity"],"potions_floor_usage":[5,6,16,16,22,33,33],"damage_taken":[{"damage":14,"enemies":"Jaw Worm","floor":1,"turns":4},{"damage":5,"enemies":"Small Slimes","floor":3,"turns":4},{"damage":0,"enemies":"Cultist","floor":4,"turns":2},{"damage":4,"enemies":"Lots of Slimes","floor":5,"turns":4},{"damage":27,"enemies":"Gremlin Nob","floor":6,"turns":4},{"damage":3,"enemies":"Looter","floor":12,"turns":2},{"damage":1,"enemies":"3 Louse","floor":13,"turns":2},{"damage":0,"enemies":"Slime Boss","floor":16,"turns":3},{"damage":26,"enemies":"Shell Parasite","floor":18,"turns":4},{"damage":0,"enemies":"Spheric Guardian","floor":22,"turns":2},{"damage":0,"enemies":"Gremlin Leader","floor":23,"turns":4},{"damage":25,"enemies":"Book of Stabbing","floor":25,"turns":4},{"damage":26,"enemies":"Gremlin Leader","floor":27,"turns":4},{"damage":23,"enemies":"Snake Plant","floor":28,"turns":3},{"damage":27,"enemies":"Sentry and Sphere","floor":31,"turns":4},{"damage":74,"enemies":"Automaton","floor":33,"turns":8}],"seed_played":"-2643012386738879333","potions_obtained":[{"floor":1,"key":"SkillPotion"},{"floor":4,"key":"Weak Potion"},{"floor":12,"key":"Energy Potion"},{"floor":13,"key":"Fire Potion"},{"floor":20,"key":"Weak Potion"},{"floor":20,"key":"Fire Potion"},{"floor":23,"key":"SteroidPotion"},{"floor":27,"key":"Strength Potion"}],"is_trial":false,"path_per_floor":["M","?","M","M","M","E","R","?","T","$","R","M","M","$","R","B",null,"M","?","?","T","M","E","?","E","T","E","M","R","T","M","R","B"],"character_chosen":"IRONCLAD","items_purchased":["Shrug It Off","Carnage","Carnage"],"campfire_rested":2,"item_purchase_floors":[10,10,14],"current_hp_per_floor":[60,60,61,67,69,48,48,37,37,37,37,40,45,45,45,51,69,59,56,56,56,62,75,75,56,56,39,22,44,44,23,45,0,0],"gold":236,"neow_bonus":"HUNDRED_GOLD","is_daily":false,"chose_seed":false,"campfire_upgraded":0,"win_rate":0.0,"timestamp":1607777543,"path_taken":["M","?","M","M","M","E","R","?","T","$","R","?","M","?","R","BOSS","M","?","?","?","?","E","?","E","T","E","M","R","?","M","R","BOSS"],"items_purchased_type":["Card","Card","Card"],"build_version":"2020-11-30","purchased_purges":1,"victory":false,"max_hp_per_floor":[75,75,75,75,75,75,75,75,75,75,75,75,75,75,75,75,75,75,75,75,75,75,75,75,75,75,75,75,75,75,75,75,75,75],"card_choices":[{"not_picked":["Iron Wave","Metallicize"],"picked":"Carnage","floor":1},{"not_picked":["Perfected Strike","Sword Boomerang"],"picked":"Headbutt","floor":3},{"not_picked":["Dual Wield","Wild Strike"],"picked":"Uppercut","floor":4},{"not_picked":["Body Slam","Iron Wave"],"picked":"Anger","floor":5},{"not_picked":["Perfected Strike","Sever Soul"],"picked":"Cleave","floor":6},{"not_picked":["Anger","Rupture"],"picked":"Shockwave","floor":12},{"not_picked":["Iron Wave","Dual Wield"],"picked":"Immolate","floor":13},{"not_picked":["Corruption","Offering"],"picked":"Reaper","floor":16},{"not_picked":["Headbutt","Sword Boomerang"],"picked":"Pummel","floor":18},{"not_picked":["Thunderclap","Power Through","Inflame"],"picked":"SKIP","floor":22},{"not_picked":["Anger","Wild Strike"],"picked":"Iron Wave","floor":23},{"not_picked":["Warcry","Anger"],"picked":"Pummel","floor":25},{"not_picked":["Iron Wave","Feed"],"picked":"Shrug It Off","floor":27},{"not_picked":["Perfected Strike","Spot Weakness"],"picked":"Evolve+1","floor":28},{"not_picked":["Fire Breathing+1","Anger"],"picked":"Iron Wave","floor":31}],"player_experience":985216,"relics_obtained":[{"floor":6,"key":"Girya"},{"floor":9,"key":"Art of War"},{"floor":23,"key":"Bottled Lightning"},{"floor":25,"key":"Frozen Egg 2"},{"floor":26,"key":"Matryoshka"},{"floor":27,"key":"Champion Belt"},{"floor":30,"key":"Potion Belt"},{"floor":30,"key":"Smiling Mask"}],"event_choices":[{"cards_removed":["Defend_R"],"damage_healed":0,"gold_gain":0,"player_choice":"Card Removal","damage_taken":0,"max_hp_gain":0,"max_hp_loss":0,"event_name":"The Cleric","floor":2,"gold_loss":75},{"damage_healed":0,"gold_gain":0,"player_choice":"Damaged","damage_taken":11,"max_hp_gain":0,"max_hp_loss":0,"event_name":"Wheel of Change","floor":8,"gold_loss":0},{"damage_healed":0,"gold_gain":0,"player_choice":"","damage_taken":3,"relics_obtained":[],"max_hp_gain":0,"max_hp_loss":0,"event_name":"betterSkull:BetterSkull","floor":19,"gold_loss":0,"cards_upgraded":[]},{"damage_healed":0,"gold_gain":0,"player_choice":"Bought 2 Potions","damage_taken":0,"max_hp_gain":0,"max_hp_loss":0,"event_name":"The Woman in Blue","floor":20,"gold_loss":0},{"damage_healed":0,"gold_gain":0,"player_choice":"Gave Potion","damage_taken":0,"relics_obtained":["Omamori"],"max_hp_gain":0,"max_hp_loss":0,"event_name":"WeMeetAgain","floor":24,"gold_loss":0}],"is_beta":false,"boss_relics":[{"not_picked":["Runic Cube","Astrolabe"],"picked":"Velvet Choker"}],"items_purged_floors":[10],"is_endless":false,"potions_floor_spawned":[1,4,12,13,23,27],"killed_by":"Automaton","ascension_level":20}}