{"host":"g1wmg2w41xhsnw8g","time":1607737348,"event":{"mods":["2.2 Compatiblity","Act Like it!","BaseMod","Better Altar","Better Match","Better Note","Better Sensory Stone","Better Skull","Better Third Choice","BetterRewards","Booster Modes","CapriCore","Colored Map","Colored Powertips","Curses Come First","Defuse TimeMaze Blight","Displayed Cursed Tome","Friendly Minions","GifTheSpireLib","Googly Eyes","Hermit","Infinite Spire","Minty Spire (QoL Compilation)","Red Circlet Mod","Relic Sorter","SCP261 Mod","Shop Mod","Spicy Shops","StSLib","The Florist","The Sage","Transform Curses","Wandering Minibosses","????"],"gold_per_floor":[111,131,131,0,0,0,15,44,90,102,102,102,97,121,121,208,208,216,223,223,237,17,17,17,17,69,100,100,127,127,873,18,123,132,147,206,116,136,155,182,209,209,209,209,226,272,289,321,195,202],"floor_reached":51,"playtime":3129,"items_purged":["Regret"],"score":962,"play_id":"a6c3013f-3575-4b1c-88d0-000d90acc9e8","local_time":"20201211204228","is_ascension_mode":true,"campfire_choices":[{"data":"hermit:Snapshot","floor":6,"key":"SMITH"},{"floor":11,"key":"REST"},{"data":"hermit:ShadowCloak","floor":15,"key":"SMITH"},{"data":"infinitespire:UltimateForm","floor":23,"key":"SMITH"},{"data":"hermit:NoHoldsBarred","floor":25,"key":"SMITH"},{"data":"hermit:Roughhouse","floor":30,"key":"SMITH"},{"data":"hermit:Scavenge","floor":44,"key":"SMITH"}],"circlet_count":0,"master_deck":["hermit:Strike_Hermit","hermit:Strike_Hermit","hermit:Strike_Hermit+1","hermit:Strike_Hermit","hermit:Defend_Hermit","hermit:Defend_Hermit","hermit:Defend_Hermit","hermit:Snapshot+1","hermit:Covet","Enlightenment+1","hermit:ShadowCloak+1","hermit:Roughhouse","hermit:NoHoldsBarred+1","infinitespire:UltimateForm+1","hermit:Roughhouse+1","Agrypnos:SeedPacket+1","hermit:Determination+1","hermit:TakeAim+1","hermit:FromBeyond","CurseOfTheBell","hermit:Virtue","hermit:Scavenge+1","hermit:ItchyTrigger+1","hermit:Maintenance","Regret"],"relics":["Snecko Eye","hermit:RyeStalk","infinitespire:Cubic Diamond","Ornamental Fan","Regal Pillow","Meat on the Bone","Centennial Puzzle","SlaversCollar","StoneCalendar","Philosopher\u0027s Stone","Lee\u0027s Waffle","PreservedInsect","Frozen Egg 2","Pantograph","wanderingMiniBosses:MasterThiefsPresence","ClockworkSouvenir","infinitespire:EmpoweringShard","CeramicFish","Akabeko","Oddly Smooth Stone","Calling Bell","Orichalcum","hermit:Horseshoe","CaptainsWheel","Ice Cream","Blood Vial","Bottled Tornado","Singing Bowl","Art of War","Happy Flower"],"acts_visited":["Exordium","TheCity","TheBeyond"],"potions_floor_usage":[8,16,18,33,41,47,48,50],"damage_taken":[{"damage":3,"enemies":"Small Slimes","floor":1,"turns":5},{"damage":5,"enemies":"Jaw Worm","floor":2,"turns":4},{"damage":1,"enemies":"2 Louse","floor":7,"turns":2},{"damage":29,"enemies":"Lagavulin","floor":8,"turns":5},{"damage":35,"enemies":"Gremlin Gang","floor":10,"turns":5},{"damage":10,"enemies":"Exordium Wildlife","floor":13,"turns":7},{"damage":16,"enemies":"Slime Boss","floor":16,"turns":11},{"damage":9,"enemies":"Shell Parasite","floor":18,"turns":5},{"damage":15,"enemies":"2 Thieves","floor":19,"turns":4},{"damage":0,"enemies":"Snecko","floor":21,"turns":3},{"damage":16,"enemies":"Book of Stabbing","floor":27,"turns":3},{"damage":25,"enemies":"Slavers","floor":29,"turns":3},{"damage":32,"enemies":"Centurion and Healer","floor":31,"turns":6},{"damage":0,"enemies":"Champ","floor":33,"turns":5},{"damage":1,"enemies":"Orb Walker","floor":35,"turns":3},{"damage":0,"enemies":"Mind Bloom Boss Battle","floor":36,"turns":3},{"damage":0,"enemies":"3 Darklings","floor":38,"turns":3},{"damage":0,"enemies":"Jaw Worm Horde","floor":39,"turns":1},{"damage":3,"enemies":"4 Shapes","floor":40,"turns":3},{"damage":0,"enemies":"Transient","floor":41,"turns":5},{"damage":1,"enemies":"3 Darklings","floor":45,"turns":4},{"damage":0,"enemies":"Giant Head","floor":46,"turns":3},{"damage":0,"enemies":"Writhing Mass","floor":47,"turns":3},{"damage":0,"enemies":"Nemesis","floor":48,"turns":5},{"damage":23,"enemies":"Time Eater","floor":50,"turns":7}],"seed_played":"9002515581666758122","potions_obtained":[{"floor":2,"key":"SCP261:PenguinPunchPotion"},{"floor":7,"key":"FearPotion"},{"floor":13,"key":"AttackPotion"},{"floor":16,"key":"PowerPotion"},{"floor":18,"key":"SpeedPotion"},{"floor":31,"key":"Fire Potion"},{"floor":36,"key":"SCP261:BostonMolassesPotion"},{"floor":38,"key":"Block Potion"},{"floor":46,"key":"Weak Potion"},{"floor":47,"key":"SkillPotion"}],"is_trial":false,"path_per_floor":["M","M","?","?","?","R","M","E","T","M","R","?","M","T","R","B",null,"M","M","AVR","M","$","R","?","R","T","E","?","E","R","M","R","B",null,"M","?","?","M","M","M","M","?","T","R","M","E","M","E","R","B",null],"character_chosen":"HERMIT","items_purchased":["Lee\u0027s Waffle","ClockworkSouvenir","infinitespire:EmpoweringShard","CeramicFish","Akabeko","Oddly Smooth Stone","hermit:TakeAim+1","Art of War","Happy Flower"],"campfire_rested":1,"item_purchase_floors":[22,32,32,32,32,32,32,49,49],"current_hp_per_floor":[72,67,67,73,73,73,72,43,43,8,47,47,49,49,49,45,81,72,57,57,57,88,88,88,88,88,72,72,47,47,27,27,52,88,87,88,88,88,88,85,85,85,85,85,86,88,88,90,90,67],"gold":202,"neow_bonus":"BOSS_RELIC","is_daily":false,"chose_seed":false,"campfire_upgraded":6,"win_rate":0.0,"timestamp":1607737348,"path_taken":["M","M","?","?","?","R","M","E","T","M","R","?","?","?","R","BOSS","M","M","AVR","?","$","R","?","R","T","E","?","E","R","M","R","BOSS","M","?","?","M","?","M","M","?","T","R","M","E","M","E","R","BOSS"],"items_purchased_type":["Relic","Relic","Relic","Relic","Relic","Relic","Card","Relic","Relic"],"build_version":"2020-11-30","purchased_purges":1,"victory":true,"max_hp_per_floor":[75,75,75,81,81,81,81,81,81,81,81,81,81,81,81,81,81,81,81,81,81,88,88,88,88,88,88,88,88,88,88,88,88,88,88,88,88,88,88,88,88,88,88,88,88,88,88,90,90,90],"card_choices":[{"not_picked":["hermit:LowProfile","hermit:Gestalt","hermit:Dive"],"picked":"SKIP","floor":1},{"not_picked":["hermit:Midnight","hermit:Gestalt","hermit:GoldenBullet"],"picked":"SKIP","floor":2},{"not_picked":["hermit:Vantage","hermit:Feint","hermit:Glare"],"picked":"SKIP","floor":7},{"not_picked":["hermit:WideOpen","hermit:DeadMansHand","hermit:Misfire"],"picked":"SKIP","floor":8},{"not_picked":["hermit:CalledShot","hermit:FullyLoaded","hermit:LowProfile"],"picked":"SKIP","floor":10},{"not_picked":["hermit:Ricochet","hermit:TrackingShot"],"picked":"hermit:ShadowCloak","floor":13},{"not_picked":["hermit:Dissolve","hermit:FinalCanter"],"picked":"hermit:Roughhouse","floor":16},{"not_picked":["hermit:HoleUp","hermit:Midnight","hermit:Quickdraw"],"picked":"SKIP","floor":18},{"not_picked":["hermit:BodyArmor+1","hermit:Dive"],"picked":"hermit:NoHoldsBarred","floor":19},{"not_picked":["hermit:CalledShot+1","hermit:Quickdraw","hermit:Desperado+1"],"picked":"SKIP","floor":21},{"not_picked":["hermit:CalledShot+1","hermit:GoldenBullet","hermit:Misfire"],"picked":"SKIP","floor":27},{"not_picked":["hermit:HighNoon+1","hermit:LoneWolf"],"picked":"hermit:Determination+1","floor":29},{"not_picked":["hermit:SprayPray","hermit:WideOpen","hermit:Quickdraw"],"picked":"SKIP","floor":31},{"not_picked":["hermit:Gambit","hermit:BlackWind"],"picked":"hermit:FromBeyond","floor":33},{"not_picked":["hermit:Snipe","hermit:BodyArmor+1","hermit:FullyLoaded+1"],"picked":"SKIP","floor":35},{"not_picked":["hermit:Determination+1","hermit:Dive"],"picked":"hermit:Virtue","floor":36},{"not_picked":["hermit:Enervate","hermit:Coalescence+1","hermit:LoneWolf+1"],"picked":"SKIP","floor":38},{"not_picked":["hermit:LowProfile+1","hermit:BodyArmor","hermit:Feint"],"picked":"SKIP","floor":39},{"not_picked":["hermit:GhostlyPresence+1","hermit:Dive"],"picked":"hermit:Scavenge","floor":40},{"not_picked":["hermit:FullyLoaded+1","hermit:HighNoon+1"],"picked":"hermit:ItchyTrigger+1","floor":41},{"not_picked":["hermit:BodyArmor+1","hermit:Headshot","hermit:Dive"],"picked":"SKIP","floor":45},{"not_picked":["hermit:Vantage","hermit:Quickdraw"],"picked":"hermit:Maintenance","floor":46},{"not_picked":["hermit:SprayPray+1","hermit:HoleUp+1","hermit:Cheat+1"],"picked":"SKIP","floor":47},{"not_picked":["hermit:Maintenance+1","hermit:HeroicBravado","hermit:Snipe+1"],"picked":"Singing Bowl","floor":48}],"player_experience":857784,"relics_obtained":[{"floor":8,"key":"Ornamental Fan"},{"floor":9,"key":"Regal Pillow"},{"floor":14,"key":"Centennial Puzzle"},{"floor":26,"key":"PreservedInsect"},{"floor":27,"key":"Frozen Egg 2"},{"floor":29,"key":"Pantograph"},{"floor":31,"key":"wanderingMiniBosses:MasterThiefsPresence"},{"floor":34,"key":"Orichalcum"},{"floor":34,"key":"hermit:Horseshoe"},{"floor":34,"key":"CaptainsWheel"},{"floor":36,"key":"Ice Cream"},{"floor":43,"key":"Blood Vial"},{"floor":46,"key":"Bottled Tornado"},{"floor":48,"key":"Singing Bowl"}],"event_choices":[{"damage_healed":0,"gold_gain":0,"player_choice":"Box","damage_taken":0,"relics_obtained":["hermit:RyeStalk"],"max_hp_gain":0,"max_hp_loss":0,"event_name":"Big Fish","floor":3,"gold_loss":0,"cards_obtained":["Regret"]},{"damage_healed":0,"gold_gain":0,"player_choice":"RENOUNCE","damage_taken":131,"max_hp_gain":0,"max_hp_loss":0,"event_name":"betterThird:BetterSerpent","floor":4,"gold_loss":131,"cards_obtained":["Enlightenment"]},{"damage_healed":0,"gold_gain":0,"player_choice":"Gave Potion","damage_taken":0,"relics_obtained":["Meat on the Bone"],"max_hp_gain":0,"max_hp_loss":0,"event_name":"WeMeetAgain","floor":12,"gold_loss":0},{"damage_healed":0,"gold_gain":0,"player_choice":"Copied","damage_taken":0,"max_hp_gain":0,"max_hp_loss":0,"event_name":"Duplicator","floor":24,"gold_loss":0,"cards_obtained":["hermit:Roughhouse"]},{"cards_removed":["infinitespire:UltimateForm"],"damage_healed":0,"gold_gain":0,"player_choice":"Take \u0026 Give","damage_taken":0,"max_hp_gain":0,"max_hp_loss":0,"event_name":"betterNote:BetterNote","floor":28,"gold_loss":0,"cards_obtained":["Agrypnos:SeedPacket"]},{"damage_healed":0,"gold_gain":0,"player_choice":"Fight","damage_taken":0,"max_hp_gain":0,"max_hp_loss":0,"event_name":"MindBloom","floor":36,"gold_loss":0},{"cards_removed":["hermit:Defend_Hermit"],"damage_healed":0,"gold_gain":0,"player_choice":"Upgrade and Remove","damage_taken":0,"max_hp_gain":0,"max_hp_loss":0,"event_name":"Designer","floor":37,"gold_loss":90,"cards_upgraded":["hermit:Strike_Hermit"]},{"damage_healed":0,"gold_gain":0,"player_choice":"Upgraded","damage_taken":0,"max_hp_gain":0,"max_hp_loss":0,"event_name":"Upgrade Shrine","floor":42,"gold_loss":0,"cards_upgraded":["Enlightenment"]}],"is_beta":false,"boss_relics":[{"not_picked":["Fusion Hammer","SacredBark"],"picked":"SlaversCollar"},{"not_picked":["hermit:DentedPlate","sagemod:Falmels_Amulet"],"picked":"Calling Bell"}],"items_purged_floors":[22],"is_endless":false,"potions_floor_spawned":[2,7,13,16,18,31,36,38,40,46,47],"ascension_level":1}}