{"host":"2pgz2fctomabfk86","time":1607753135,"event":{"mods":["AchievementEnabler","BaseMod","Colored Map","DeckTracker","Minty Spire (QoL Compilation)","StSLib","SuperFastMode"],"gold_per_floor":[112,262,262,276,63,63,75,75,75,89,123,138,153,23,23,102,102,121,121,131,131,142,142,142,142,142],"floor_reached":25,"playtime":1080,"items_purged":["Doubt"],"score":386,"play_id":"38535f25-e254-4fcb-aa42-aed3eb8cd26b","local_time":"20201212150535","is_ascension_mode":true,"campfire_choices":[{"data":"Hemokinesis","floor":6.0,"key":"SMITH"},{"data":"Battle Trance","floor":8.0,"key":"SMITH"},{"data":"Armaments","floor":15.0,"key":"SMITH"},{"data":"Flex","floor":23,"key":"SMITH"}],"circlet_count":0,"master_deck":["AscendersBane","Strike_R","Strike_R","Strike_R","Defend_R","Defend_R","Defend_R","Bash","Battle Trance+1","Decay","Burning Pact","Hemokinesis+1","Shrug It Off","Inflame","Armaments+1","Disarm","Dark Embrace","Disarm","Sword Boomerang","Second Wind","Corruption+1","Disarm","Blood for Blood","Reaper","Flex+1"],"relics":["Burning Blood","Toy Ornithopter","Prayer Wheel","Runic Pyramid"],"acts_visited":["Exordium","TheCity"],"potions_floor_usage":[18,18,25],"damage_taken":[{"damage":12.0,"enemies":"Small Slimes","floor":1.0,"turns":4.0},{"damage":14.0,"enemies":"Cultist","floor":4.0,"turns":4.0},{"damage":4.0,"enemies":"Jaw Worm","floor":7.0,"turns":3.0},{"damage":3.0,"enemies":"2 Fungi Beasts","floor":10.0,"turns":3.0},{"damage":10.0,"enemies":"Gremlin Nob","floor":11.0,"turns":3.0},{"damage":39.0,"enemies":"Exordium Thugs","floor":12.0,"turns":4.0},{"damage":11.0,"enemies":"Large Slime","floor":13.0,"turns":6.0},{"damage":15,"enemies":"The Guardian","floor":16,"turns":14},{"damage":31,"enemies":"3 Byrds","floor":18,"turns":7},{"damage":21,"enemies":"2 Thieves","floor":20,"turns":5},{"damage":12,"enemies":"Snecko","floor":22,"turns":4},{"damage":62,"enemies":"Slavers","floor":25,"turns":5}],"seed_played":"6458285683116959332","potions_obtained":[{"floor":4.0,"key":"Fire Potion"},{"floor":11.0,"key":"Weak Potion"},{"floor":13.0,"key":"FearPotion"},{"floor":16,"key":"Regen Potion"},{"floor":20,"key":"LiquidBronze"}],"is_trial":false,"path_per_floor":["M","?","?","M","$","R","M","R","T","M","E","M","M","$","R","B",null,"M","?","M","?","M","R","?","E"],"character_chosen":"IRONCLAD","items_purchased":["Hemokinesis","Shrug It Off","Sword Boomerang","Second Wind"],"campfire_rested":0,"item_purchase_floors":[5,5,14,14],"current_hp_per_floor":[62,62,62,54,54,54,56,56,56,59,60,27,22,22,22,13,54,54,54,39,39,39,39,39,0,0],"gold":142,"neow_bonus":"REMOVE_TWO","is_daily":false,"chose_seed":false,"campfire_upgraded":4,"win_rate":0.0,"timestamp":1607753135,"path_taken":["M","?","?","?","$","R","M","R","T","M","E","M","M","?","R","BOSS","M","?","M","?","?","R","?","E"],"items_purchased_type":["Card","Card","Card","Card"],"build_version":"2020-11-30","purchased_purges":1,"victory":false,"max_hp_per_floor":[68,68,68,68,68,68,68,68,68,68,68,68,68,68,68,68,68,68,68,68,68,68,68,68,68,68],"card_choices":[{"not_picked":["Thunderclap","Armaments"],"picked":"Battle Trance","floor":1.0},{"not_picked":["Metallicize","Combust"],"picked":"Burning Pact","floor":4.0},{"not_picked":["Body Slam","Clash","Wild Strike"],"picked":"SKIP","floor":7.0},{"not_picked":["Entrench","Sentinel"],"picked":"Inflame","floor":10.0},{"not_picked":["Thunderclap","Twin Strike"],"picked":"Armaments","floor":11.0},{"not_picked":["Battle Trance","Bloodletting"],"picked":"Disarm","floor":12.0},{"not_picked":["True Grit","Infernal Blade"],"picked":"Dark Embrace","floor":12.0},{"not_picked":["Perfected Strike","Hemokinesis"],"picked":"Disarm","floor":13.0},{"not_picked":["Reckless Charge","Twin Strike","Rupture"],"picked":"SKIP","floor":13.0},{"not_picked":["Feed","Juggernaut"],"picked":"Corruption","floor":16},{"not_picked":["Flex","Anger"],"picked":"Disarm","floor":18},{"not_picked":["Clash+1","Clothesline","Twin Strike"],"picked":"SKIP","floor":18},{"not_picked":["Intimidate","Clash"],"picked":"Blood for Blood","floor":20},{"not_picked":["Dark Embrace","Intimidate"],"picked":"Reaper","floor":20},{"not_picked":["Wild Strike+1","Cleave"],"picked":"Flex","floor":22},{"not_picked":["Entrench","Wild Strike+1","Iron Wave"],"picked":"SKIP","floor":22}],"player_experience":921169,"relics_obtained":[{"floor":9.0,"key":"Toy Ornithopter"},{"floor":11.0,"key":"Prayer Wheel"}],"event_choices":[{"damage_healed":0.0,"max_hp_gain":0.0,"max_hp_loss":0.0,"gold_gain":150.0,"event_name":"Liars Game","player_choice":"AGREE","floor":2.0,"gold_loss":0.0,"damage_taken":0.0,"cards_obtained":["Doubt"]},{"damage_healed":0.0,"max_hp_gain":0.0,"max_hp_loss":0.0,"gold_gain":0.0,"event_name":"Wheel of Change","player_choice":"Cursed","floor":3.0,"gold_loss":0.0,"damage_taken":0.0,"cards_obtained":["Decay"]},{"cards_removed":["Strike_R"],"damage_healed":0,"gold_gain":0,"player_choice":"Elegance","damage_taken":0,"max_hp_gain":0,"max_hp_loss":0,"event_name":"Back to Basics","floor":19,"gold_loss":0},{"damage_healed":0,"gold_gain":0,"player_choice":"Forge","damage_taken":0,"max_hp_gain":0,"max_hp_loss":0,"event_name":"Accursed Blacksmith","floor":21,"gold_loss":0,"cards_upgraded":["Corruption"]},{"damage_healed":0,"gold_gain":0,"player_choice":"Ignored","damage_taken":0,"max_hp_gain":0,"max_hp_loss":0,"event_name":"The Mausoleum","floor":24,"gold_loss":0}],"is_beta":false,"boss_relics":[{"not_picked":["Philosopher\u0027s Stone","Black Star"],"picked":"Runic Pyramid"}],"items_purged_floors":[5],"is_endless":false,"potions_floor_spawned":[4,11,13,16,20],"killed_by":"Slavers","ascension_level":18}}