{"host":"2461dio7vetlq1z3","time":1607767759,"event":{"mods":["AchievementEnabler","BaseMod","Hermit","Lobotomy","Minty Spire (QoL Compilation)","Relic Stats","StSLib","Waifu the Spire"],"gold_per_floor":[114,39,52,68,68,103,103,114,114,149,149,182,182,193,193,298,298,310,322,340,27,46,72,87,87,133,145,173,216,273,317,329,439,451,507,599,611,623,208,208,273,273,273,335,356,400,475,533,533,533],"floor_reached":51,"playtime":4227,"items_purged":["Strike_P","Defend_P"],"score":1232,"play_id":"64bda13f-3a84-43e3-b3f3-1347ccd78124","local_time":"20201212110919","is_ascension_mode":true,"campfire_choices":[{"data":"TalkToTheHand","floor":7,"key":"SMITH"},{"floor":11,"key":"REST"},{"data":"Eruption","floor":13,"key":"SMITH"},{"data":"DeusExMachina","floor":15,"key":"SMITH"},{"data":"SpiritShield","floor":25,"key":"SMITH"},{"data":"Perseverance","floor":27,"key":"SMITH"},{"data":"Wish","floor":32,"key":"SMITH"},{"data":"Defend_P","floor":40,"key":"PURGE"},{"data":"Devotion","floor":42,"key":"SMITH"},{"data":"Defend_P+1","floor":49,"key":"PURGE"}],"circlet_count":0,"master_deck":["Eruption+1","Vigilance","TalkToTheHand+1","WheelKick","FearNoEvil","DeusExMachina+1","Indignation","Vengeance","Wallop","SpiritShield+1","LikeWater","Protect+1","ClearTheMind","Perseverance+1","Wallop+1","SpiritShield","FlurryOfBlows+1","Wish+1","DeceiveReality+1","Scrawl","CarveReality+1","LikeWater+1","ClearTheMind+1","WaveOfTheHand+1","MentalFortress+1","MentalFortress","Devotion+1","WheelKick+1"],"relics":["Black Star","Kunai","Juzu Bracelet","Eternal Feather","Oddly Smooth Stone","Blue Candle","Blood Vial","Du-Vu Doll","VioletLotus","Prayer Wheel","GoldenEye","Lizard Tail","MawBank","War Paint","Damaru","HornCleat","Bottled Lightning","Astrolabe","Peace Pipe","TeardropLocket","Anchor","CaptainsWheel","Happy Flower","CeramicFish","Incense Burner","Lantern","Boot"],"acts_visited":["Exordium","TheCity","TheBeyond"],"potions_floor_usage":[23,29,29,31],"damage_taken":[{"damage":4,"enemies":"Cultist","floor":1,"turns":5},{"damage":11,"enemies":"Small Slimes","floor":3,"turns":4},{"damage":4,"enemies":"Jaw Worm","floor":4,"turns":2},{"damage":16,"enemies":"Gremlin Nob","floor":6,"turns":4},{"damage":16,"enemies":"Lots of Slimes","floor":8,"turns":5},{"damage":2,"enemies":"3 Sentries","floor":10,"turns":6},{"damage":38,"enemies":"Lagavulin","floor":12,"turns":5},{"damage":0,"enemies":"Blue Slaver","floor":14,"turns":3},{"damage":0,"enemies":"Slime Boss","floor":16,"turns":3},{"damage":3,"enemies":"Chosen","floor":18,"turns":4},{"damage":26,"enemies":"3 Byrds","floor":19,"turns":5},{"damage":11,"enemies":"Shelled Parasite and Fungi","floor":20,"turns":5},{"damage":20,"enemies":"Snecko","floor":22,"turns":7},{"damage":16,"enemies":"Slavers","floor":23,"turns":7},{"damage":0,"enemies":"Cultist and Chosen","floor":24,"turns":3},{"damage":4,"enemies":"Snake Plant","floor":28,"turns":5},{"damage":50,"enemies":"Gremlin Leader","floor":29,"turns":6},{"damage":5,"enemies":"Chosen and Byrds","floor":30,"turns":9},{"damage":7,"enemies":"Book of Stabbing","floor":31,"turns":6},{"damage":32,"enemies":"Collector","floor":33,"turns":10},{"damage":15,"enemies":"3 Darklings","floor":35,"turns":9},{"damage":3,"enemies":"Mind Bloom Boss Battle","floor":36,"turns":9},{"damage":8,"enemies":"Nemesis","floor":41,"turns":9},{"damage":6,"enemies":"Giant Head","floor":44,"turns":9},{"damage":0,"enemies":"3 Shapes","floor":45,"turns":4},{"damage":5,"enemies":"Jaw Worm Horde","floor":46,"turns":5},{"damage":3,"enemies":"2 Orb Walkers","floor":47,"turns":6},{"damage":0,"enemies":"Nemesis","floor":48,"turns":13},{"damage":0,"enemies":"Time Eater","floor":50,"turns":14}],"seed_played":"-1923167986881524356","potions_obtained":[{"floor":8,"key":"Energy Potion"},{"floor":10,"key":"SpeedPotion"},{"floor":12,"key":"Dexterity Potion"},{"floor":20,"key":"FairyPotion"},{"floor":28,"key":"SpeedPotion"},{"floor":30,"key":"SteroidPotion"},{"floor":31,"key":"Energy Potion"},{"floor":35,"key":"Strength Potion"},{"floor":45,"key":"SteroidPotion"}],"is_trial":false,"path_per_floor":["M","$","M","M","?","E","R","M","T","E","R","E","R","M","R","B",null,"M","M","M","$","M","E","M","R","T","R","M","E","M","E","R","B",null,"M","?","?","?","$","R","E","R","T","E","M","M","?","E","R","B",null],"character_chosen":"WATCHER","items_purchased":["Prayer Wheel","MentalFortress","TeardropLocket"],"campfire_rested":1,"item_purchase_floors":[21,39,39],"current_hp_per_floor":[61,61,50,46,46,30,30,14,14,12,42,4,13,15,24,26,61,60,36,27,27,9,21,23,35,35,47,45,36,33,28,43,13,57,44,43,43,43,43,58,52,67,67,62,64,61,60,62,68,68],"gold":533,"neow_bonus":"BOSS_RELIC","is_daily":false,"chose_seed":false,"campfire_upgraded":7,"win_rate":0.0,"timestamp":1607767759,"path_taken":["M","$","M","?","?","E","R","M","T","E","R","E","R","M","R","BOSS","M","M","M","$","M","E","M","R","T","R","M","E","M","E","R","BOSS","M","?","?","?","$","R","E","R","T","E","M","M","?","E","R","BOSS"],"items_purchased_type":["Relic","Card","Relic"],"build_version":"2020-11-30","purchased_purges":2,"victory":true,"max_hp_per_floor":[72,72,72,72,72,72,72,72,72,72,72,72,72,72,72,72,72,72,72,72,72,72,72,72,72,72,72,72,72,72,72,72,72,72,72,72,72,68,68,68,68,68,68,68,68,68,68,68,68,68],"relic_stats":{"Happy Flower":[14],"counters":[29,182],"Blue Candle":[0],"Astrolabe":["CarveReality","LikeWater","ClearTheMind"],"CeramicFish":9,"Eternal Feather":102,"Juzu Bracelet":1,"War Paint":["Defend_P","Protect"],"GoldenEye":[0],"MawBank":156,"Boot":[5],"Blood Vial":41,"Peace Pipe":2,"Lizard Tail":36,"Prayer Wheel":7,"VioletLotus":[50],"Black Star":9,"Kunai":[50],"obtain_stats":[{"Lantern":48,"CeramicFish":44,"Juzu Bracelet":6,"Incense Burner":47,"TeardropLocket":39,"Boot":48,"Blood Vial":12,"Lizard Tail":23,"HornCleat":31,"Prayer Wheel":21,"VioletLotus":17,"Kunai":6,"Happy Flower":44,"Blue Candle":10,"Astrolabe":34,"Oddly Smooth Stone":10,"Damaru":29,"Eternal Feather":9,"War Paint":29,"GoldenEye":23,"MawBank":26,"Du-Vu Doll":12,"Peace Pipe":36,"Anchor":41,"CaptainsWheel":41,"Black Star":0,"Bottled Lightning":31,"PureWater":0},{"Lantern":28,"CeramicFish":24,"Juzu Bracelet":4,"Incense Burner":27,"TeardropLocket":22,"Boot":28,"Blood Vial":7,"Lizard Tail":14,"HornCleat":19,"Prayer Wheel":12,"VioletLotus":9,"Kunai":4,"Happy Flower":24,"Blue Candle":6,"Astrolabe":20,"Oddly Smooth Stone":6,"Damaru":17,"Eternal Feather":5,"War Paint":17,"GoldenEye":14,"MawBank":15,"Du-Vu Doll":7,"Peace Pipe":22,"Anchor":23,"CaptainsWheel":23,"Black Star":0,"Bottled Lightning":19,"PureWater":0},{"Lantern":168,"CeramicFish":140,"Juzu Bracelet":15,"Incense Burner":155,"TeardropLocket":122,"Boot":168,"Blood Vial":31,"Lizard Tail":65,"HornCleat":94,"Prayer Wheel":51,"VioletLotus":37,"Kunai":15,"Happy Flower":140,"Blue Candle":26,"Astrolabe":104,"Oddly Smooth Stone":26,"Damaru":79,"Eternal Feather":20,"War Paint":79,"GoldenEye":65,"MawBank":68,"Du-Vu Doll":31,"Peace Pipe":122,"Anchor":131,"CaptainsWheel":131,"Black Star":0,"Bottled Lightning":94,"PureWater":0}]},"card_choices":[{"not_picked":["Protect","CrushJoints"],"picked":"TalkToTheHand","floor":1},{"not_picked":["Evaluate","SashWhip"],"picked":"WheelKick","floor":3},{"not_picked":["Halt","JustLucky"],"picked":"FearNoEvil","floor":4},{"not_picked":["Consecrate","ConjureBlade"],"picked":"DeusExMachina","floor":6},{"not_picked":["EmptyFist","CrushJoints"],"picked":"Indignation","floor":8},{"not_picked":["MasterReality","Weave"],"picked":"Vengeance","floor":10},{"not_picked":["Nirvana","Consecrate","JustLucky"],"picked":"SKIP","floor":12},{"not_picked":["FlyingSleeves","Fasting2"],"picked":"Wallop","floor":14},{"not_picked":["Devotion","ConjureBlade"],"picked":"SpiritShield","floor":16},{"not_picked":["Crescendo","SandsOfTime","Prostrate"],"picked":"SKIP","floor":18},{"not_picked":["WheelKick","SignatureMove+1"],"picked":"LikeWater","floor":19},{"not_picked":["ForeignInfluence","WreathOfFlame"],"picked":"Protect","floor":20},{"not_picked":["Evaluate","EmptyBody"],"picked":"ClearTheMind","floor":22},{"not_picked":["SashWhip","BowlingBash","FlyingSleeves"],"picked":"SKIP","floor":22},{"not_picked":["CarveReality","WreathOfFlame"],"picked":"Perseverance","floor":23},{"not_picked":["Halt","Crescendo+1"],"picked":"Wallop+1","floor":24},{"not_picked":["Indignation","Protect"],"picked":"SpiritShield","floor":24},{"not_picked":["Weave","Pray"],"picked":"FlurryOfBlows+1","floor":28},{"not_picked":["CrushJoints","JustLucky","CutThroughFate"],"picked":"SKIP","floor":28},{"not_picked":["Scrawl","SashWhip+1"],"picked":"Wish","floor":29},{"not_picked":["Indignation","EmptyFist+1"],"picked":"DeceiveReality+1","floor":30},{"not_picked":["Evaluate","FlurryOfBlows","Weave+1"],"picked":"SKIP","floor":30},{"not_picked":["Pray","Halt","Swivel"],"picked":"SKIP","floor":31},{"not_picked":["Brilliance","LessonLearned"],"picked":"Scrawl","floor":33},{"not_picked":["Consecrate+1","JustLucky"],"picked":"WaveOfTheHand+1","floor":35},{"not_picked":["PathToVictory+1","CrushJoints","Perseverance"],"picked":"SKIP","floor":35},{"not_picked":["FlurryOfBlows+1","ThirdEye"],"picked":"MentalFortress+1","floor":36},{"not_picked":["Conclude","Perseverance+1"],"picked":"Devotion","floor":41},{"not_picked":["WaveOfTheHand","Weave+1","SignatureMove+1"],"picked":"SKIP","floor":44},{"not_picked":["FlyingSleeves+1","JustLucky"],"picked":"WheelKick+1","floor":45},{"not_picked":["Nirvana+1","Crescendo","FollowUp+1"],"picked":"SKIP","floor":45},{"not_picked":["SashWhip+1","JustLucky+1","CarveReality"],"picked":"SKIP","floor":46},{"not_picked":["Study","EmptyFist+1","WaveOfTheHand+1"],"picked":"SKIP","floor":46},{"not_picked":["JustLucky+1","Collect","FlyingSleeves"],"picked":"SKIP","floor":48}],"player_experience":636840,"relics_obtained":[{"floor":6,"key":"Kunai"},{"floor":6,"key":"Juzu Bracelet"},{"floor":9,"key":"Eternal Feather"},{"floor":10,"key":"Oddly Smooth Stone"},{"floor":10,"key":"Blue Candle"},{"floor":12,"key":"Blood Vial"},{"floor":12,"key":"Du-Vu Doll"},{"floor":23,"key":"GoldenEye"},{"floor":23,"key":"Lizard Tail"},{"floor":26,"key":"MawBank"},{"floor":29,"key":"War Paint"},{"floor":29,"key":"Damaru"},{"floor":31,"key":"HornCleat"},{"floor":31,"key":"Bottled Lightning"},{"floor":36,"key":"Peace Pipe"},{"floor":41,"key":"Anchor"},{"floor":41,"key":"CaptainsWheel"},{"floor":44,"key":"Happy Flower"},{"floor":44,"key":"CeramicFish"},{"floor":47,"key":"Incense Burner"},{"floor":48,"key":"Lantern"},{"floor":48,"key":"Boot"}],"event_choices":[{"damage_healed":0,"gold_gain":0,"player_choice":"Ignored","damage_taken":0,"max_hp_gain":0,"max_hp_loss":0,"event_name":"Liars Game","floor":5,"gold_loss":0},{"damage_healed":0,"gold_gain":0,"player_choice":"Fight","damage_taken":0,"max_hp_gain":0,"max_hp_loss":0,"event_name":"MindBloom","floor":36,"gold_loss":0},{"cards_removed":["Defend_P"],"damage_healed":0,"gold_gain":0,"player_choice":"Purged","damage_taken":0,"max_hp_gain":0,"max_hp_loss":0,"event_name":"Purifier","floor":37,"gold_loss":0},{"damage_healed":0,"gold_gain":0,"player_choice":"Max HP","damage_taken":0,"max_hp_gain":0,"max_hp_loss":4,"event_name":"Winding Halls","floor":38,"gold_loss":0},{"damage_healed":0,"gold_gain":0,"player_choice":"Fight","damage_taken":0,"max_hp_gain":0,"max_hp_loss":0,"event_name":"Mysterious Sphere","floor":47,"gold_loss":0}],"is_beta":false,"boss_relics":[{"not_picked":["SacredBark","SlaversCollar"],"picked":"VioletLotus"},{"not_picked":["Calling Bell","Philosopher\u0027s Stone"],"picked":"Astrolabe"}],"items_purged_floors":[2,39],"is_endless":false,"potions_floor_spawned":[8,10,12,20,22,28,30,31,35,45,46,48],"ascension_level":6}}