{"host":"p033swmn9l8hdcoq","time":1607788357,"event":{"mods":["BaseMod","Minty Spire (QoL Compilation)","StSLib","[功能]功能增强和修复MOD"],"gold_per_floor":[113,108,118,130,125,125,155,155,155,167,177,177,197,214,214,288,288,308,303,303,319,330,330,330,330,402,433,433,447,479,496,496,567,567,585,595,611,248,259,294,294,319,319,339,339,365,320,336,336,336,336,336,9,44,44],"floor_reached":56,"playtime":2148,"items_purged":["Strike_G","Defend_G","Strike_G","Strike_G","Defend_G","Defend_G"],"score":2084,"play_id":"d22823b9-1f02-4c58-bb0c-edfa1b92c0ce","local_time":"20201212235237","is_ascension_mode":true,"campfire_choices":[{"data":"Blade Dance","floor":6.0,"key":"SMITH"},{"floor":8.0,"key":"REST"},{"data":"Blade Dance","floor":12.0,"key":"SMITH"},{"data":"Corpse Explosion","floor":15.0,"key":"SMITH"},{"data":"Finisher","floor":23.0,"key":"SMITH"},{"data":"Acrobatics","floor":25.0,"key":"SMITH"},{"floor":28.0,"key":"REST"},{"data":"Reflex","floor":32.0,"key":"SMITH"},{"data":"Concentrate","floor":41.0,"key":"SMITH"},{"floor":49,"key":"RECALL"},{"data":"After Image","floor":52,"key":"SMITH"}],"circlet_count":0,"master_deck":["AscendersBane","Defend_G","Defend_G","Survivor","Neutralize","Blade Dance+1","Backflip","Corpse Explosion+1","Blade Dance+1","Finisher+1","Acrobatics+1","Footwork","After Image+1","Reflex+1","Malaise","Terror+1","Acrobatics","Concentrate+1","Calculated Gamble+1","Tactician"],"relics":["Runic Dome","Lizard Tail","Ninja Scroll","Runic Pyramid","Ornamental Fan","Juzu Bracelet","The Courier","Empty Cage","Sling","Oddly Smooth Stone","Boot","Orichalcum","TungstenRod","Bottled Lightning","Potion Belt","Medical Kit","Bronze Scales","Bottled Flame"],"acts_visited":["Exordium","TheCity","TheBeyond","TheEnding"],"potions_floor_usage":[50,50,55,55],"damage_taken":[{"damage":0.0,"enemies":"Cultist","floor":1.0,"turns":4.0},{"damage":5.0,"enemies":"2 Louse","floor":3.0,"turns":2.0},{"damage":0.0,"enemies":"Jaw Worm","floor":4.0,"turns":4.0},{"damage":35.0,"enemies":"Gremlin Nob","floor":7.0,"turns":5.0},{"damage":0.0,"enemies":"Lots of Slimes","floor":10.0,"turns":1.0},{"damage":2.0,"enemies":"3 Louse","floor":11.0,"turns":2.0},{"damage":13.0,"enemies":"Exordium Thugs","floor":13.0,"turns":4.0},{"damage":3.0,"enemies":"Looter","floor":14.0,"turns":3.0},{"damage":10.0,"enemies":"The Guardian","floor":16.0,"turns":8.0},{"damage":0.0,"enemies":"Spheric Guardian","floor":18.0,"turns":2.0},{"damage":2.0,"enemies":"Chosen","floor":21.0,"turns":2.0},{"damage":3.0,"enemies":"Snake Plant","floor":22.0,"turns":3.0},{"damage":13.0,"enemies":"Slavers","floor":27.0,"turns":3.0},{"damage":0.0,"enemies":"Chosen and Byrds","floor":29.0,"turns":5.0},{"damage":9.0,"enemies":"Gremlin Leader","floor":30.0,"turns":5.0},{"damage":0.0,"enemies":"Shelled Parasite and Fungi","floor":31.0,"turns":3.0},{"damage":49.0,"enemies":"Automaton","floor":33.0,"turns":9.0},{"damage":0.0,"enemies":"3 Shapes","floor":35.0,"turns":4.0},{"damage":0.0,"enemies":"Orb Walker","floor":36.0,"turns":1.0},{"damage":0.0,"enemies":"Maw","floor":37.0,"turns":7.0},{"damage":0.0,"enemies":"Jaw Worm Horde","floor":39.0,"turns":2.0},{"damage":0.0,"enemies":"Giant Head","floor":40.0,"turns":3.0},{"damage":0.0,"enemies":"Nemesis","floor":42.0,"turns":4.0},{"damage":0.0,"enemies":"4 Shapes","floor":44.0,"turns":5.0},{"damage":0.0,"enemies":"Giant Head","floor":46.0,"turns":2.0},{"damage":13,"enemies":"Writhing Mass","floor":48,"turns":3},{"damage":22,"enemies":"Time Eater","floor":50,"turns":6},{"damage":0,"enemies":"Shield and Spear","floor":54,"turns":3},{"damage":28,"enemies":"The Heart","floor":55,"turns":6}],"seed_played":"4054426717982936530","potions_obtained":[{"floor":1.0,"key":"Energy Potion"},{"floor":7.0,"key":"BlessingOfTheForge"},{"floor":11.0,"key":"Explosive Potion"},{"floor":14.0,"key":"SkillPotion"},{"floor":18.0,"key":"Strength Potion"},{"floor":21.0,"key":"Fruit Juice"},{"floor":29.0,"key":"AttackPotion"},{"floor":33.0,"key":"Fire Potion"},{"floor":37.0,"key":"SteroidPotion"},{"floor":44.0,"key":"SpeedPotion"},{"floor":46.0,"key":"Swift Potion"},{"floor":48,"key":"Strength Potion"}],"is_trial":false,"path_per_floor":["M","$","M","M","$","R","E","R","T","M","M","R","M","M","R","B",null,"M","$","?","M","M","R","T","R","T","E","R","M","E","M","R","B",null,"M","M","M","$","M","E","R","E","T","M","?","E","$","M","R","B",null,"R","$","E","B",null],"character_chosen":"THE_SILENT","items_purchased":["Sling","Oddly Smooth Stone","Boot","Strength Potion","Medical Kit","Bronze Scales","Block Potion","SpeedPotion"],"campfire_rested":2,"item_purchase_floors":[38,38,38,47,53,53,53,53],"current_hp_per_floor":[63,63,58,58,58,58,23,44,44,44,42,42,29,26,26,16,57,57,57,44,47,44,44,44,44,44,31,55,55,46,46,46,40,70,70,70,70,70,70,70,70,70,70,70,70,70,70,57,57,35,66,66,66,66,38],"gold":44,"neow_bonus":"BOSS_RELIC","is_daily":false,"chose_seed":false,"campfire_upgraded":8,"win_rate":0.0,"timestamp":1607788357,"path_taken":["M","$","M","M","$","R","E","R","T","M","?","R","M","M","R","BOSS","M","$","?","M","M","R","?","R","T","E","R","M","E","M","R","BOSS","M","M","M","$","M","E","R","E","T","M","?","E","$","M","R","BOSS","R","$","E","BOSS"],"items_purchased_type":["Relic","Relic","Relic","Potion","Relic","Relic","Potion","Potion"],"build_version":"2020-11-30","purchased_purges":6,"victory":true,"max_hp_per_floor":[70,70,70,70,70,70,70,70,70,70,70,70,70,70,70,70,70,70,70,75,80,80,80,80,80,80,80,80,80,80,80,80,80,80,80,80,80,80,80,80,80,80,80,80,76,76,76,76,76,76,76,76,76,76,76],"card_choices":[{"not_picked":["Slice","Choke"],"picked":"Blade Dance","floor":1.0},{"not_picked":["Dodge and Roll","Deadly Poison","Dash"],"picked":"SKIP","floor":3.0},{"not_picked":["Slice","Reflex"],"picked":"Backflip","floor":4.0},{"not_picked":["Acrobatics","Bouncing Flask"],"picked":"Corpse Explosion","floor":7.0},{"not_picked":["Sucker Punch","Backstab"],"picked":"Blade Dance","floor":10.0},{"not_picked":["Backflip","Blur"],"picked":"Finisher","floor":11.0},{"not_picked":["Dagger Throw","Flechettes"],"picked":"Acrobatics","floor":13.0},{"not_picked":["Poisoned Stab","Masterful Stab","Sucker Punch"],"picked":"SKIP","floor":14.0},{"not_picked":["Blade Dance","Choke","Slice"],"picked":"SKIP","floor":18.0},{"not_picked":["Slice+1","Flying Knee","Outmaneuver"],"picked":"SKIP","floor":21.0},{"not_picked":["Slice+1","Flying Knee","Outmaneuver"],"picked":"SKIP","floor":21.0},{"not_picked":["Outmaneuver","Dagger Spray"],"picked":"Footwork","floor":22.0},{"not_picked":["Leg Sweep+1","All Out Attack"],"picked":"After Image","floor":27.0},{"not_picked":["Dagger Spray","Outmaneuver"],"picked":"Reflex","floor":29.0},{"not_picked":["Deadly Poison","Slice+1","Quick Slash+1"],"picked":"SKIP","floor":30.0},{"not_picked":["Backstab","Poisoned Stab+1","PiercingWail"],"picked":"SKIP","floor":31.0},{"not_picked":["Corpse Explosion","Night Terror"],"picked":"Malaise","floor":33.0},{"not_picked":["Acrobatics+1","Noxious Fumes"],"picked":"Terror+1","floor":35.0},{"not_picked":["Underhanded Strike","Deflect"],"picked":"Acrobatics","floor":36.0},{"not_picked":["Glass Knife","Prepared"],"picked":"Concentrate","floor":37.0},{"not_picked":["Sucker Punch","PiercingWail","Underhanded Strike"],"picked":"SKIP","floor":39.0},{"not_picked":["Poisoned Stab","Dash","Cloak And Dagger"],"picked":"SKIP","floor":40.0},{"not_picked":["Masterful Stab+1","Caltrops+1","Acrobatics"],"picked":"SKIP","floor":42.0},{"not_picked":["Outmaneuver","Deadly Poison+1","Acrobatics"],"picked":"SKIP","floor":44.0},{"not_picked":["Flying Knee","Cloak And Dagger","Finisher"],"picked":"SKIP","floor":46.0},{"not_picked":["Sucker Punch+1","Dagger Spray+1"],"picked":"Calculated Gamble+1","floor":48},{"not_picked":["Burst","Noxious Fumes"],"picked":"Tactician","floor":54}],"player_experience":58635,"relics_obtained":[{"floor":7.0,"key":"Lizard Tail"},{"floor":9.0,"key":"Ninja Scroll"},{"floor":26.0,"key":"Ornamental Fan"},{"floor":27.0,"key":"Juzu Bracelet"},{"floor":30.0,"key":"The Courier"},{"floor":40.0,"key":"Orichalcum"},{"floor":42.0,"key":"TungstenRod"},{"floor":43.0,"key":"Bottled Lightning"},{"floor":46.0,"key":"Potion Belt"},{"floor":54,"key":"Bottled Flame"}],"event_choices":[{"damage_healed":0.0,"max_hp_gain":5.0,"max_hp_loss":0.0,"gold_gain":0.0,"event_name":"Forgotten Altar","player_choice":"Shed Blood","floor":20.0,"gold_loss":0.0,"damage_taken":18.0},{"damage_healed":0.0,"max_hp_gain":0.0,"max_hp_loss":4.0,"gold_gain":0.0,"event_name":"Winding Halls","player_choice":"Max HP","floor":45.0,"gold_loss":0.0,"damage_taken":0.0}],"is_beta":false,"boss_relics":[{"not_picked":["EctoplasmExtend","SacredBark"],"picked":"Runic Pyramid"},{"not_picked":["Sozu","Coffee Dripper"],"picked":"Empty Cage"}],"items_purged_floors":[2,5,19,38,47,53],"is_endless":false,"potions_floor_spawned":[1,7,11,14,18,21,29,33,37,44,46,48,54],"ascension_level":13}}