{"host":"djfsqftupta9xgss","time":1607751323,"event":{"mods":["Act Like it!","BaseMod","Gensokyo","Minty Spire (QoL Compilation)","MostiFishMod","Replay The Spire","Spicy Shops","StSLib","TestMod"],"gold_per_floor":[114,124,124,124,144,173,185,219,265,294,359,26,37,52,52,127,127,142,158,177,140,157,157,170,170,196,225,240,780,780,780,780,852,852,863,863,882,882,1157,1157,297,297,322,322,322,322,322,322,262,288,288],"floor_reached":52,"playtime":1180,"items_purged":["Doubt"],"score":3301,"play_id":"66306a1d-538d-421b-b2d0-8c42c053a8cc","local_time":"20201212133523","is_ascension_mode":true,"campfire_choices":[{"floor":15,"key":"RECALL"},{"data":"Pommel Strike","floor":23,"key":"SMITH"},{"floor":30,"key":"REST"},{"data":"Body Slam","floor":32,"key":"SMITH"},{"data":"testmod-Arrangement","floor":40,"key":"SMITH"},{"data":"Discovery","floor":42,"key":"SMITH"},{"data":"Impatience","floor":48,"key":"SMITH"}],"circlet_count":0,"master_deck":["AscendersBane","Body Slam+1","Second Wind+1","testmod-Arrangement+1","Discovery+1","Barricade","Thunderclap+1","Madness","Madness","Sword Boomerang","Sword Boomerang","Disarm","Combust","testmod-Wormhole","Impatience+1"],"relics":["DaveBox","testmod-TestBox","Transparent","testmod-SaigiyounoYou","Runic Dome","Question Card","Anchor","ReplayTheSpireMod:Ninjato","ReplayTheSpireMod:Lightbulb","Nunchaku","testmod-Motorcycle","Civilization","ImportantClient","testmod-KeyOfTheVoid","BargainBundle","Matryoshka","Juzu Bracelet","Ying","Meat on the Bone","testmod-Antiphasic","Nilry\u0027s Codex","testmod-Hope","Divine Protection","MutagenicStrength","testmod-Brilliant","Replay:Accelerometer","testmod-Charity","Gremlin Food","CeramicFish","Toy Ornithopter"],"acts_visited":["Exordium","TheCity","TheBeyond","TheEnding"],"potions_floor_usage":[21,51,51],"damage_taken":[{"damage":7.0,"enemies":"Jaw Worm","floor":1.0,"turns":1.0},{"damage":14.0,"enemies":"Small Slimes","floor":2.0,"turns":2.0},{"damage":16,"enemies":"2 Louse","floor":5,"turns":2},{"damage":24,"enemies":"Lagavulin","floor":6,"turns":3},{"damage":16,"enemies":"Blue Slaver","floor":7,"turns":2},{"damage":16,"enemies":"3 Sentries","floor":8,"turns":2},{"damage":16,"enemies":"Gremlin Nob","floor":10,"turns":2},{"damage":16,"enemies":"Gremlin Nob","floor":11,"turns":2},{"damage":16,"enemies":"Exordium Wildlife","floor":13,"turns":2},{"damage":16,"enemies":"3 Louse","floor":14,"turns":2},{"damage":8,"enemies":"Slime Boss","floor":16,"turns":1},{"damage":9,"enemies":"Shell Parasite","floor":18,"turns":1},{"damage":20,"enemies":"3 Byrds","floor":19,"turns":2},{"damage":11,"enemies":"Centurion and Healer","floor":20,"turns":1},{"damage":12,"enemies":"Sentry and Sphere","floor":22,"turns":1},{"damage":16,"enemies":"Snecko","floor":24,"turns":1},{"damage":17,"enemies":"Slavers","floor":27,"turns":1},{"damage":11,"enemies":"Cultist and Chosen","floor":28,"turns":1},{"damage":34,"enemies":"Automaton","floor":33,"turns":2},{"damage":15,"enemies":"3 Shapes","floor":35,"turns":1},{"damage":18,"enemies":"Orb Walker","floor":37,"turns":1},{"damage":21,"enemies":"Donu and Deca","floor":45,"turns":1},{"damage":24,"enemies":"Time Eater","floor":46,"turns":1},{"damage":27,"enemies":"Shield and Spear","floor":50,"turns":1},{"damage":147,"enemies":"The Heart","floor":51,"turns":4}],"seed_played":"2498353820865505167","potions_obtained":[{"floor":7,"key":"SteroidPotion"},{"floor":8,"key":"BloodPotion"},{"floor":20,"key":"Fruit Juice"}],"is_trial":false,"path_per_floor":["M","M","?","?","M","E","M","E","T","E","?","$","M","M","R","B",null,"M","M","M","$","M","R","M","?","T","E","M","?","R","?","R","B",null,"M","?","M","?","?","R","$","R","T","?","B","B",null,"R","$","E","B",null],"character_chosen":"IRONCLAD","items_purchased":["Civilization","BargainBundle","Matryoshka","Juzu Bracelet","Ying","Meat on the Bone","testmod-Antiphasic","testmod-Arrangement","testmod-LimitFlipper","Carnage","Perfected Strike","True Grit+1","Warcry","Rupture","PowerPotion","testmod-Brilliant","Replay:Accelerometer","Clash","Sword Boomerang","Disarm","Flex","Combust","testmod-Wormhole","Impatience","testmod-Charity"],"campfire_rested":1,"item_purchase_floors":[12,21,21,21,21,21,21,21,21,21,21,21,21,21,21,41,41,41,41,41,41,41,41,41,41],"current_hp_per_floor":[75,75,80,73,80,80,80,80,80,80,80,80,82,87,87,93,93,100,110,122,127,162,162,177,156,156,195,215,2,66,66,66,230,236,264,264,291,239,239,239,239,239,240,240,321,351,351,351,351,384,417],"gold":288,"neow_bonus":"BOSS_RELIC","is_daily":false,"chose_seed":false,"campfire_upgraded":5,"win_rate":0.0,"timestamp":1607751323,"path_taken":["M","M","?","?","M","E","M","E","T","E","?","?","M","M","R","BOSS","M","M","M","$","M","R","M","?","T","E","M","?","R","?","R","BOSS","M","?","M","?","?","R","$","R","T","?","BOSS","BOSS","R","$","E","BOSS"],"items_purchased_type":["Relic","Relic","Relic","Relic","Relic","Relic","Relic","Card","Card","Card","Card","Card","Card","Card","Potion","Relic","Relic","Card","Card","Card","Card","Card","Card","Card","Relic"],"build_version":"2020-11-30","purchased_purges":1,"victory":true,"max_hp_per_floor":[75,75,80,80,80,80,80,80,80,80,80,80,82,87,87,93,93,100,110,122,127,162,162,177,177,177,195,215,215,215,215,215,238,238,264,264,291,291,291,291,291,291,292,292,321,351,351,351,351,384,417],"card_choices":[{"not_picked":["Perfected Strike","Shockwave"],"picked":"Body Slam","floor":1.0},{"not_picked":["Carnage","Warcry","Heavy Blade"],"picked":"Armaments","floor":2.0},{"not_picked":["Iron Wave","Cleave","Blood for Blood","Combust"],"picked":"SKIP","floor":5},{"not_picked":["Clothesline","Thunderclap","Fire Breathing"],"picked":"Immolate","floor":6},{"not_picked":["Havoc","Twin Strike","Rupture"],"picked":"True Grit","floor":7},{"not_picked":["Wild Strike","Thunderclap","Evolve"],"picked":"Dark Embrace","floor":8},{"not_picked":["Dual Wield","Headbutt","Intimidate"],"picked":"Impervious","floor":10},{"not_picked":["MostiFishMod:BrandingRite","Warcry","Headbutt"],"picked":"Seeing Red","floor":11},{"not_picked":["Clothesline","Combust","Body Slam"],"picked":"Shrug It Off","floor":13},{"not_picked":["Twin Strike","Clash","Wild Strike"],"picked":"Pommel Strike","floor":14},{"not_picked":["Armaments+1","Cleave","Flex"],"picked":"Second Wind+1","floor":18},{"not_picked":["Wild Strike","Infernal Blade","Seeing Red"],"picked":"MostiFishMod:NeverNightCountry","floor":19},{"not_picked":["Iron Wave","Havoc","Spot Weakness"],"picked":"Warcry","floor":20},{"not_picked":["Disarm","True Grit","Iron Wave+1"],"picked":"Warcry","floor":22},{"not_picked":["Limit Break","Shrug It Off","Cleave"],"picked":"Anger","floor":24},{"not_picked":["MostiFishMod:FireWorks","Heavy Blade","Sever Soul"],"picked":"Shrug It Off","floor":27},{"not_picked":["MostiFishMod:BrandingRite+1","Anger","Cleave"],"picked":"Entrench","floor":28},{"not_picked":["Berserk","Brutality","Feed"],"picked":"Barricade","floor":33},{"not_picked":["Twin Strike","Sever Soul+1","Seeing Red"],"picked":"Headbutt","floor":35},{"not_picked":["Iron Wave","Blood for Blood+1","MostiFishMod:BrandingRite"],"picked":"Thunderclap+1","floor":37},{"not_picked":["MostiFishMod:BrandingRite+1","Flame Barrier","Body Slam","Sword Boomerang"],"picked":"SKIP","floor":50}],"player_experience":313477,"relics_obtained":[{"floor":1.0,"key":"Question Card"},{"floor":6,"key":"Anchor"},{"floor":8,"key":"ReplayTheSpireMod:Ninjato"},{"floor":9,"key":"ReplayTheSpireMod:Lightbulb"},{"floor":10,"key":"Nunchaku"},{"floor":11,"key":"testmod-Motorcycle"},{"floor":16,"key":"ImportantClient"},{"floor":25,"key":"Nilry\u0027s Codex"},{"floor":26,"key":"testmod-Hope"},{"floor":27,"key":"Divine Protection"},{"floor":43,"key":"Gremlin Food"},{"floor":43,"key":"CeramicFish"},{"floor":50,"key":"Toy Ornithopter"}],"event_choices":[{"damage_healed":0,"gold_gain":0,"player_choice":"Donut","damage_taken":0,"max_hp_gain":5,"max_hp_loss":0,"event_name":"Big Fish","floor":3,"gold_loss":0},{"cards_removed":["Strike_R"],"damage_healed":0,"gold_gain":0,"player_choice":"Card Removal","damage_taken":7,"max_hp_gain":0,"max_hp_loss":0,"event_name":"Golden Wing","floor":4,"gold_loss":0},{"damage_healed":0,"gold_gain":0,"player_choice":"Searched \u00271\u0027 times","damage_taken":0,"max_hp_gain":0,"max_hp_loss":0,"event_name":"Dead Adventurer","floor":11,"gold_loss":0},{"damage_healed":0,"gold_gain":0,"player_choice":"Obtained Book","damage_taken":21,"max_hp_gain":0,"max_hp_loss":0,"event_name":"Cursed Tome","floor":25,"gold_loss":0},{"damage_healed":0,"gold_gain":540,"player_choice":"GOLD GOLD GOLD CARD CARD CARD CARD CARD CARD CARD CARD CARD CARD CARD CARD CARD GOLD GOLD GOLD ","damage_taken":213,"max_hp_gain":0,"max_hp_loss":0,"event_name":"Knowing Skull","floor":29,"potions_obtained":[],"gold_loss":0,"cards_obtained":["testmod-ConditionedReflex","Purity","Madness","Enlightenment","Trip","testmod-ConditionedReflex","testmod-HandmadeProducts","Impatience","testmod-ComboMaster","MostiFishMod:ButterFly","Discovery","testmod-WeaknessCounterattack","Trip"]},{"damage_healed":0,"gold_gain":0,"player_choice":"Inject Mutagens","damage_taken":0,"relics_obtained":["MutagenicStrength"],"max_hp_gain":0,"max_hp_loss":0,"event_name":"Drug Dealer","floor":31,"gold_loss":0},{"cards_removed":["Trip"],"damage_healed":0,"gold_gain":0,"player_choice":"Offered Uncommon","damage_taken":0,"max_hp_gain":0,"max_hp_loss":0,"event_name":"Bonfire Elementals","floor":36,"gold_loss":0},{"damage_healed":0,"gold_gain":0,"player_choice":"Embrace Madness","damage_taken":52,"max_hp_gain":0,"max_hp_loss":0,"event_name":"Winding Halls","floor":38,"gold_loss":0,"cards_obtained":["Madness","Madness"]},{"damage_healed":0,"gold_gain":275,"player_choice":"Desecrate","damage_taken":0,"max_hp_gain":0,"max_hp_loss":0,"event_name":"Golden Shrine","floor":39,"gold_loss":0,"cards_obtained":["Regret"]},{"damage_healed":0,"gold_gain":0,"player_choice":"Took Portal","damage_taken":0,"max_hp_gain":0,"max_hp_loss":0,"event_name":"SecretPortal","floor":44,"gold_loss":0}],"is_beta":false,"boss_relics":[{"not_picked":["Empty Cage","Mark of Pain"],"picked":"testmod-KeyOfTheVoid"},{"not_picked":["RhineCircuit","Snecko Eye","Astrolabe"]}],"items_purged_floors":[49],"is_endless":false,"potions_floor_spawned":[7,8,10,11,14,18,20,24,27,35,50],"ascension_level":20}}