{"host":"b0dcklafnoly879c","time":1607804796,"event":{"mods":["BaseMod","Hermit","Minty Spire (QoL Compilation)","StSLib","The Jungle"],"gold_per_floor":[20,20,39,59,74,106,106,137,161,196,206,222,233,233,233,334,334,344,365,391,409,13,47,47,82,107,141,163,163,188,21,21,124,124,140,167,192,33,59,66,66],"floor_reached":40,"playtime":2806,"items_purged":["hermit:Strike_Hermit","hermit:Strike_Hermit"],"score":546,"play_id":"bcdf0c31-081f-4383-848d-d1d1bbadba09","local_time":"20201213052636","is_ascension_mode":true,"campfire_choices":[{"data":"hermit:GoldenBullet","floor":7.0,"key":"SMITH"},{"data":"hermit:FlashPowder","floor":15.0,"key":"SMITH"},{"data":"hermit:CalledShot","floor":32,"key":"SMITH"}],"circlet_count":0,"master_deck":["hermit:Strike_Hermit","hermit:Defend_Hermit","hermit:Defend_Hermit","hermit:Defend_Hermit","hermit:Defend_Hermit","hermit:Snapshot","hermit:Covet","hermit:GoldenBullet+1","hermit:Headshot","hermit:BigShot","hermit:FlashPowder+1","hermit:HeroicBravado","hermit:Scavenge+1","hermit:TakeAim+1","hermit:Dive","hermit:Vantage+1","hermit:Enervate","hermit:CalledShot+1","Forethought","hermit:LuckOfTheDraw+1","hermit:Determination","hermit:Dissolve","hermit:Scavenge+1","hermit:Deadeye","hermit:Enervate+1","hermit:GhostlyPresence","Finesse","hermit:TrackingShot+1"],"relics":["hermit:ClaspedLocket","Gambling Chip","Regal Pillow","Nunchaku","Bag of Marbles","Meat on the Bone","Black Star","Kunai","Turnip","PreservedInsect","Pear","Mango","Boot","Peace Pipe","Bronze Scales"],"acts_visited":["Exordium","TheCity","TheBeyond"],"potions_floor_usage":[40,40,40],"damage_taken":[{"damage":2.0,"enemies":"Jaw Worm","floor":1.0,"turns":4.0},{"damage":1.0,"enemies":"Cultist","floor":3.0,"turns":3.0},{"damage":0.0,"enemies":"2 Louse","floor":4.0,"turns":2.0},{"damage":5.0,"enemies":"Lots of Slimes","floor":5.0,"turns":5.0},{"damage":5.0,"enemies":"Gremlin Nob","floor":6.0,"turns":3.0},{"damage":45.0,"enemies":"Lagavulin","floor":8.0,"turns":9.0},{"damage":8.0,"enemies":"3 Sentries","floor":10.0,"turns":7.0},{"damage":0.0,"enemies":"Exordium Thugs","floor":11.0,"turns":1.0},{"damage":0.0,"enemies":"Large Slime","floor":12.0,"turns":3.0},{"damage":10.0,"enemies":"Lots of Slimes","floor":13.0,"turns":4.0},{"damage":22.0,"enemies":"Slime Boss","floor":16.0,"turns":11.0},{"damage":13.0,"enemies":"Spheric Guardian","floor":18.0,"turns":4.0},{"damage":0.0,"enemies":"3 Byrds","floor":19.0,"turns":7.0},{"damage":21.0,"enemies":"Snake Plant","floor":20.0,"turns":4.0},{"damage":8.0,"enemies":"3 Cultists","floor":21.0,"turns":7.0},{"damage":22.0,"enemies":"Slavers","floor":23.0,"turns":8.0},{"damage":8.0,"enemies":"Gremlin Leader","floor":25.0,"turns":4.0},{"damage":20.0,"enemies":"Slavers","floor":27.0,"turns":5.0},{"damage":6.0,"enemies":"Cultist and Chosen","floor":28.0,"turns":8.0},{"damage":5,"enemies":"Snake Plant","floor":30,"turns":2},{"damage":11,"enemies":"Champ","floor":33,"turns":12},{"damage":12,"enemies":"Orb Walker","floor":35,"turns":3},{"damage":1,"enemies":"3 Shapes","floor":36,"turns":8},{"damage":20,"enemies":"3 Darklings","floor":37,"turns":9},{"damage":23,"enemies":"Sphere and 2 Shapes","floor":39,"turns":6},{"damage":67,"enemies":"Nemesis","floor":40,"turns":12}],"seed_played":"-7440941919353781493","potions_obtained":[{"floor":3.0,"key":"DuplicationPotion"},{"floor":4.0,"key":"CultistPotion"},{"floor":8.0,"key":"LiquidMemories"},{"floor":11.0,"key":"BlessingOfTheForge"},{"floor":13.0,"key":"EssenceOfSteel"},{"floor":16.0,"key":"FearPotion"},{"floor":18.0,"key":"Block Potion"},{"floor":25.0,"key":"Energy Potion"},{"floor":27.0,"key":"SneckoOil"},{"floor":33,"key":"ColorlessPotion"},{"floor":35,"key":"hermit:Tonic"}],"is_trial":false,"path_per_floor":["M","?","M","M","M","E","R","E","T","E","M","M","M","?","R","B",null,"M","M","M","M","$","E","?","E","T","E","M","?","M","$","R","B",null,"M","M","M","$","M","E"],"character_chosen":"HERMIT","items_purchased":["Kunai","hermit:Enervate","hermit:Determination","hermit:GhostlyPresence","Finesse"],"campfire_rested":0,"item_purchase_floors":[22,22,31,38,38],"current_hp_per_floor":[73,73,72,72,67,62,62,17,17,9,21,33,35,35,35,25,75,62,62,41,45,45,35,35,63,63,55,61,61,56,56,56,57,99,87,86,67,67,56,0,0],"gold":66,"neow_bonus":"THREE_RARE_CARDS","is_daily":false,"chose_seed":false,"campfire_upgraded":3,"win_rate":0.0,"timestamp":1607804796,"path_taken":["M","?","M","?","M","E","R","E","T","E","M","M","M","?","R","BOSS","M","M","?","M","$","E","?","E","T","E","M","?","?","?","R","BOSS","M","M","M","$","M","E"],"items_purchased_type":["Relic","Card","Card","Card","Card"],"build_version":"2020-11-30","purchased_purges":2,"victory":false,"max_hp_per_floor":[75,75,75,75,75,75,75,75,75,75,75,75,75,75,75,75,75,75,75,75,75,75,75,75,99,99,99,99,99,99,99,99,99,99,99,99,99,99,99,99,99],"card_choices":[{"not_picked":["hermit:Gambit","hermit:FatalDesire"],"picked":"hermit:Reprieve","floor":0.0},{"not_picked":["hermit:ItchyTrigger","hermit:BodyArmor","hermit:PistolWhip"],"picked":"SKIP","floor":1.0},{"not_picked":["hermit:Feint","hermit:LowProfile","hermit:Misfire"],"picked":"SKIP","floor":3.0},{"not_picked":["hermit:LowProfile","hermit:Grudge","hermit:Desperado"],"picked":"SKIP","floor":4.0},{"not_picked":["hermit:ItchyTrigger","hermit:FromBeyond","hermit:Manifest"],"picked":"SKIP","floor":5.0},{"not_picked":["hermit:Snipe","hermit:Ricochet"],"picked":"hermit:GoldenBullet","floor":6.0},{"not_picked":["hermit:Quickdraw","hermit:Feint"],"picked":"hermit:Headshot","floor":8.0},{"not_picked":["hermit:Showdown","hermit:Misfire","hermit:Grudge"],"picked":"SKIP","floor":10.0},{"not_picked":["hermit:BodyArmor","hermit:NoHoldsBarred","hermit:Feint"],"picked":"SKIP","floor":11.0},{"not_picked":["hermit:HighCaliber","hermit:Coalescence"],"picked":"hermit:BigShot","floor":12.0},{"not_picked":["hermit:Midnight","hermit:Snipe"],"picked":"hermit:FlashPowder","floor":13.0},{"not_picked":["hermit:Purgatory","hermit:FromBeyond"],"picked":"hermit:HeroicBravado","floor":16.0},{"not_picked":["hermit:FlashPowder+1","hermit:Horror"],"picked":"hermit:Scavenge+1","floor":18.0},{"not_picked":["hermit:Vantage","hermit:Desperado"],"picked":"hermit:TakeAim+1","floor":19.0},{"not_picked":["hermit:Brawl+1","hermit:Virtue+1"],"picked":"hermit:Dive","floor":20.0},{"not_picked":["hermit:Dive","hermit:Roulette"],"picked":"hermit:Vantage+1","floor":21.0},{"not_picked":["hermit:Spite","hermit:Roulette","hermit:PistolWhip"],"picked":"SKIP","floor":23.0},{"not_picked":["hermit:Snipe","hermit:Desperado","hermit:TakeCover"],"picked":"SKIP","floor":25.0},{"not_picked":["hermit:HoleUp+1","hermit:Manifest","hermit:NoHoldsBarred"],"picked":"SKIP","floor":27.0},{"not_picked":["hermit:WideOpen","hermit:EternalForm"],"picked":"hermit:CalledShot","floor":28.0},{"not_picked":["hermit:Glare+1","hermit:TakeAim"],"picked":"hermit:LuckOfTheDraw+1","floor":30},{"not_picked":["hermit:HighNoon","hermit:DeadOrAlive"],"picked":"hermit:Dissolve","floor":33},{"not_picked":["hermit:Glare+1","hermit:SprayPray"],"picked":"hermit:Scavenge+1","floor":35},{"not_picked":["hermit:Spite","hermit:TrackingShot+1"],"picked":"hermit:Deadeye","floor":36},{"not_picked":["hermit:CalledShot","hermit:Shortfuse"],"picked":"hermit:Enervate+1","floor":37},{"not_picked":["hermit:Ricochet","hermit:Headshot+1"],"picked":"hermit:TrackingShot+1","floor":39}],"player_experience":293450,"relics_obtained":[{"floor":6.0,"key":"Regal Pillow"},{"floor":8.0,"key":"Nunchaku"},{"floor":9.0,"key":"Bag of Marbles"},{"floor":10.0,"key":"Meat on the Bone"},{"floor":23.0,"key":"Turnip"},{"floor":23.0,"key":"PreservedInsect"},{"floor":25.0,"key":"Pear"},{"floor":25.0,"key":"Mango"},{"floor":26.0,"key":"Boot"},{"floor":27.0,"key":"Peace Pipe"},{"floor":27.0,"key":"Bronze Scales"}],"event_choices":[{"cards_removed":["hermit:Reprieve"],"damage_healed":0.0,"max_hp_gain":0.0,"max_hp_loss":0.0,"gold_gain":0.0,"event_name":"WeMeetAgain","player_choice":"Gave Card","floor":2.0,"gold_loss":0.0,"damage_taken":0.0,"relics_obtained":["Gambling Chip"]},{"cards_removed":["hermit:Strike_Hermit"],"damage_healed":0.0,"max_hp_gain":0.0,"max_hp_loss":0.0,"gold_gain":0.0,"event_name":"Bonfire Elementals","player_choice":"Offered Basic","floor":14.0,"gold_loss":0.0,"damage_taken":0.0},{"damage_healed":0.0,"max_hp_gain":0.0,"max_hp_loss":0.0,"gold_gain":0.0,"event_name":"Vampires","player_choice":"Ignored","floor":24.0,"gold_loss":0.0,"damage_taken":0.0},{"damage_healed":0.0,"max_hp_gain":0.0,"max_hp_loss":0.0,"gold_gain":0.0,"event_name":"Match and Keep!","player_choice":"1 cards matched","floor":29.0,"gold_loss":0.0,"damage_taken":0.0,"cards_obtained":["Forethought"]}],"is_beta":false,"boss_relics":[{"not_picked":["Runic Dome","Coffee Dripper"],"picked":"Black Star"},{"not_picked":["Fusion Hammer","Empty Cage"],"picked":"hermit:ClaspedLocket"}],"items_purged_floors":[22,31],"is_endless":false,"potions_floor_spawned":[3,4,8,11,13,16,18,21,25,27,33,35],"killed_by":"Nemesis","ascension_level":2}}