{"host":"4qkvkh7pd9qr2mca","time":1607811474,"event":{"mods":["AchievementEnabler","BaseMod","Colored Map","Colored Powertips","Highlight Path","Minty Spire (QoL Compilation)","Permanent Neow","Quick Restart","StSLib","SuperFastMode"],"gold_per_floor":[116,116,130,140,158,183,183,21,21,52,12,29,0,0,0],"floor_reached":14,"playtime":440,"items_purged":["Pain"],"score":200,"play_id":"1cac1679-15d6-4072-9ba4-2f3cef002834","local_time":"20201212231754","is_ascension_mode":true,"campfire_choices":[{"floor":7,"key":"REST"}],"circlet_count":0,"master_deck":["AscendersBane","Strike_R","Strike_R","Strike_R","Strike_R","Defend_R","Defend_R","Defend_R","Bash","Whirlwind","Reaper","Metallicize","Armaments","Burning Pact","Flame Barrier","Intimidate","True Grit","Shrug It Off"],"relics":["Burning Blood","Champion Belt","Blue Candle","White Beast Statue"],"acts_visited":["Exordium"],"potions_floor_usage":[6,10],"damage_taken":[{"damage":4,"enemies":"2 Louse","floor":1,"turns":2},{"damage":22,"enemies":"Cultist","floor":3,"turns":5},{"damage":20,"enemies":"Small Slimes","floor":4,"turns":5},{"damage":7,"enemies":"3 Louse","floor":5,"turns":2},{"damage":38,"enemies":"Gremlin Nob","floor":6,"turns":4},{"damage":57,"enemies":"3 Sentries","floor":10,"turns":11},{"damage":2,"enemies":"Looter","floor":11,"turns":4},{"damage":18,"enemies":"Blue Slaver","floor":12,"turns":8},{"damage":28,"enemies":"Gremlin Nob","floor":14,"turns":3}],"seed_played":"5202682384001014931","potions_obtained":[{"floor":1,"key":"BloodPotion"},{"floor":3,"key":"AttackPotion"},{"floor":11,"key":"Swift Potion"},{"floor":12,"key":"Weak Potion"}],"is_trial":false,"path_per_floor":["M","?","M","M","M","E","R","$","T","E","M","M","$","E"],"character_chosen":"IRONCLAD","items_purchased":["Flame Barrier","Shrug It Off"],"campfire_rested":1,"item_purchase_floors":[8,13],"current_hp_per_floor":[70,75,63,57,56,28,50,50,50,26,30,22,22,0,0],"gold":0,"neow_bonus":"TRANSFORM_TWO_CARDS","is_daily":false,"chose_seed":false,"campfire_upgraded":0,"win_rate":0.0,"timestamp":1607811474,"path_taken":["M","?","M","M","M","E","R","?","T","E","M","M","$","E"],"items_purchased_type":["Card","Card"],"build_version":"2020-11-30","purchased_purges":1,"victory":false,"max_hp_per_floor":[75,75,75,75,75,75,75,75,75,75,75,75,75,75,75],"card_choices":[{"not_picked":["Dark Embrace","Whirlwind","Iron Wave"],"picked":"SKIP","floor":1},{"not_picked":["Perfected Strike","Entrench","Twin Strike"],"picked":"SKIP","floor":3},{"not_picked":["Clothesline","Flex"],"picked":"Metallicize","floor":4},{"not_picked":["Dropkick","Body Slam"],"picked":"Armaments","floor":5},{"not_picked":["Iron Wave","Flex"],"picked":"Burning Pact","floor":6},{"not_picked":["Heavy Blade","Barricade"],"picked":"Intimidate","floor":10},{"not_picked":["Armaments","Clash","Cleave"],"picked":"SKIP","floor":11},{"not_picked":["Shrug It Off","Rupture"],"picked":"True Grit","floor":12}],"player_experience":305614,"relics_obtained":[{"floor":6,"key":"Champion Belt"},{"floor":9,"key":"Blue Candle"},{"floor":10,"key":"White Beast Statue"}],"event_choices":[{"damage_healed":5,"gold_gain":0,"player_choice":"Full Heal","damage_taken":0,"max_hp_gain":0,"max_hp_loss":0,"event_name":"Wheel of Change","floor":2,"gold_loss":0}],"is_beta":false,"boss_relics":[],"items_purged_floors":[8],"is_endless":false,"potions_floor_spawned":[1,3,11,12],"killed_by":"Gremlin Nob","ascension_level":20}}