{"host":"oi1nj6gqzrtwlr6p","time":1607759430,"event":{"mods":["2.2 Compatiblity","BaseMod","Better Match","Better Note","Block Reminder","Colored Powertips","DeckTracker","Downfall","Energized Spire","Koishi","Marisa????????","Minty Spire (QoL Compilation)","Rare Cards Sparkle","Reimu??????","StSLib","Td1madao Mod","The Administrix","The Senshi","The Servant 0.9.4","The Vixen","The Wild Card"],"gold_per_floor":[99,99,99,99,99,99,99,99,99,99,99,99,99,99,99,99,99,99,99,99,99,52,52,52,52,52,52,52,52,52,52,52,52,52,52,52,52,0,0,0,0,0,0,0,0,0,0,0,0,0],"floor_reached":51,"playtime":4039,"items_purged":[],"score":743,"play_id":"d72039f6-d591-4d22-af5a-a2095f6e0638","local_time":"20201212015030","is_ascension_mode":false,"campfire_choices":[{"data":"Guardian:CurlUp","floor":7,"key":"SMITH"},{"data":"Guardian:DonusPower","floor":15,"key":"SMITH"},{"floor":32,"key":"REST"},{"floor":40,"key":"REST"},{"floor":47,"key":"REST"},{"data":"theWildCard:Scathach","floor":49,"key":"SMITH"}],"circlet_count":0,"master_deck":["Guardian:Strike_Guardian","Guardian:Strike_Guardian","Guardian:Strike_Guardian","Guardian:Strike_Guardian","Guardian:Defend_Guardian","Guardian:Defend_Guardian","Guardian:Defend_Guardian","Guardian:Defend_Guardian","Guardian:CurlUp+1","Guardian:TwinSlam","Guardian:Planning","Guardian:ChargeCore","Guardian:SentryBeam","Guardian:DonusPower+1","Guardian:Reroute","theWildCard:Scathach+1","Guardian:StasisField","Guardian:StasisStrike","Guardian:Incinerate","Guardian:TimeCapacitor+1","Guardian:RefractedBeam+1","Guardian:ArmoredProtocol","Guardian:TemporalStrike","Guardian:Suspension","Guardian:RevengeProtocol","Guardian:PrismaticBarrier+1","Guardian:Planning","Guardian:BronzeOrb+1","Guardian:Harden+1","Guardian:Incinerate"],"relics":["Ectoplasm","Mercury Hourglass","TungstenRod","Odd Mushroom","Lizard Tail","Philosopher\u0027s Stone","Smiling Mask","Red Mask","Dream Catcher","Tea:ReiMu"],"acts_visited":["Exordium","TheCity","TheBeyond"],"potions_floor_usage":[6,6,14,16,33,48,50],"damage_taken":[{"damage":2,"enemies":"Small Slimes","floor":1,"turns":3},{"damage":2,"enemies":"Jaw Worm","floor":2,"turns":3},{"damage":0,"enemies":"2 Louse","floor":5,"turns":2},{"damage":25,"enemies":"Lagavulin","floor":6,"turns":6},{"damage":2,"enemies":"Blue Slaver","floor":8,"turns":2},{"damage":5,"enemies":"The Mushroom Lair","floor":10,"turns":3},{"damage":3,"enemies":"3 Louse","floor":11,"turns":2},{"damage":2,"enemies":"Gremlin Nob","floor":14,"turns":3},{"damage":0,"enemies":"Slime Boss","floor":16,"turns":8},{"damage":0,"enemies":"Spheric Guardian","floor":18,"turns":3},{"damage":9,"enemies":"Shell Parasite","floor":21,"turns":3},{"damage":8,"enemies":"Snake Plant","floor":23,"turns":5},{"damage":4,"enemies":"Sentry and Sphere","floor":24,"turns":4},{"damage":14,"enemies":"Shelled Parasite and Fungi","floor":25,"turns":4},{"damage":11,"enemies":"Centurion and Healer","floor":27,"turns":5},{"damage":0,"enemies":"Snecko","floor":28,"turns":3},{"damage":4,"enemies":"Snake Plant","floor":31,"turns":5},{"damage":8,"enemies":"Champ","floor":33,"turns":12},{"damage":35,"enemies":"3 Shapes","floor":35,"turns":4},{"damage":15,"enemies":"3 Darklings","floor":36,"turns":4},{"damage":8,"enemies":"Transient","floor":37,"turns":5},{"damage":0,"enemies":"Maw","floor":41,"turns":9},{"damage":18,"enemies":"Jaw Worm Horde","floor":44,"turns":4},{"damage":5,"enemies":"Writhing Mass","floor":46,"turns":7},{"damage":0,"enemies":"Giant Head","floor":48,"turns":8},{"damage":4,"enemies":"Awakened One","floor":50,"turns":15}],"seed_played":"-7441485742952024971","potions_obtained":[{"floor":2,"key":"Guardian:AcceleratePotion"},{"floor":6,"key":"Fruit Juice"},{"floor":11,"key":"SteroidPotion"},{"floor":14,"key":"PowerPotion"},{"floor":18,"key":"GrandPatriotsElixir:ReiMu"},{"floor":24,"key":"Guardian:BlockOnCardUsePotion"},{"floor":28,"key":"SneckoOil"},{"floor":31,"key":"BlessingOfTheForge"},{"floor":35,"key":"FearPotion"},{"floor":39,"key":"PowerPotion"},{"floor":39,"key":"Guardian:StasisDiscoveryPotion"},{"floor":48,"key":"SkillPotion"}],"is_trial":false,"path_per_floor":["M","M","?","$","M","E","R","M","T","?","M","?","$","E","R","B",null,"M","?","?","M","$","M","M","M","T","M","M","$","?","M","R","B",null,"M","M","M","?","?","R","M","?","T","M","$","M","R","E","R","B",null],"character_chosen":"GUARDIAN","items_purchased":["Guardian:Gem_Green"],"campfire_rested":3,"item_purchase_floors":[22],"current_hp_per_floor":[78,76,76,76,76,56,56,54,54,49,46,46,46,44,44,44,85,85,85,85,76,76,68,64,50,50,39,39,39,29,25,50,42,85,50,35,27,27,27,52,52,52,52,34,34,29,54,54,79,75],"gold":0,"neow_bonus":"BOSS_RELIC","is_daily":false,"chose_seed":false,"campfire_upgraded":3,"win_rate":0.0,"timestamp":1607759430,"path_taken":["M","M","?","?","M","E","R","M","T","?","M","?","?","E","R","BOSS","M","?","?","?","?","M","M","M","T","M","?","$","?","M","R","BOSS","M","M","M","?","?","R","?","?","T","M","?","M","R","E","R","BOSS"],"items_purchased_type":["Card"],"build_version":"2020-11-30","purchased_purges":0,"victory":true,"max_hp_per_floor":[80,80,80,80,80,85,85,85,85,85,85,85,85,85,85,85,85,85,85,85,85,85,85,85,85,85,85,85,85,85,85,85,85,85,85,85,85,85,85,85,85,85,85,85,85,85,85,85,85,85],"card_choices":[{"not_picked":["Guardian:PiercingHide","Guardian:TemporalShield"],"picked":"Guardian:Planning","floor":1},{"not_picked":["Guardian:Preprogram","Guardian:BronzeOrb"],"picked":"Guardian:ChargeCore","floor":2},{"not_picked":["Guardian:ChargeUp","Guardian:PiercingHide"],"picked":"Guardian:Gem_Yellow","floor":5},{"not_picked":["Guardian:PrismaticBeam","Guardian:ConstructionForm"],"picked":"Guardian:SentryBeam","floor":6},{"not_picked":["Guardian:PiercingHide","Guardian:RollAttack"],"picked":"Guardian:DonusPower","floor":8},{"not_picked":["Guardian:Gem_Purple","Guardian:RollAttack"],"picked":"Guardian:Gem_Green","floor":10},{"not_picked":["Guardian:CrystalBeam","Guardian:Suspension"],"picked":"Guardian:Reroute","floor":11},{"not_picked":["Guardian:GuardianWhirl","Guardian:RefractedBeam"],"picked":"Guardian:StasisField","floor":14},{"not_picked":["Guardian:FastForward","Guardian:ConstructionForm"],"picked":"Guardian:StasisStrike","floor":16},{"not_picked":["Guardian:Planning+1","Guardian:PrismaticBeam"],"picked":"Guardian:Incinerate","floor":18},{"not_picked":["Guardian:Planning","Guardian:TemporalStrike+1"],"picked":"Guardian:TimeCapacitor+1","floor":21},{"not_picked":["Guardian:PolyBeam","Guardian:GuardianWhirl"],"picked":"Guardian:RefractedBeam+1","floor":23},{"not_picked":["Guardian:Reroute+1","Guardian:ShieldSpikes+1"],"picked":"Guardian:ArmoredProtocol","floor":24},{"not_picked":["Guardian:CrystalBeam+1","Guardian:Harden"],"picked":"Guardian:TemporalStrike","floor":25},{"not_picked":["Guardian:TemporalShield+1","Guardian:Gem_Crimson"],"picked":"Guardian:Gem_Blue","floor":27},{"not_picked":["Guardian:PrimingBeam+1","Guardian:SentryBeam+1"],"picked":"Guardian:Suspension","floor":28},{"not_picked":["Guardian:Recover","Guardian:Clone+1"],"picked":"Guardian:Gem_White","floor":31},{"not_picked":["Guardian:SphericShield","Guardian:FastForward"],"picked":"Guardian:RevengeProtocol","floor":33},{"not_picked":["Guardian:Gem_Yellow","Guardian:TemporalShield+1"],"picked":"Guardian:PrismaticBarrier+1","floor":35},{"not_picked":["Guardian:WalkerClaw","Guardian:Gem_Cyan"],"picked":"Guardian:Gem_White","floor":36},{"not_picked":["Guardian:BronzeArmor+1","Guardian:Harden+1"],"picked":"Guardian:Gem_Fragmented","floor":37},{"not_picked":["Guardian:PiercingHide","Guardian:TemporalShield"],"picked":"Guardian:Planning","floor":41},{"not_picked":["Guardian:DecasProtection","Guardian:PolyBeam"],"picked":"Guardian:BronzeOrb+1","floor":44},{"not_picked":["Guardian:BronzeOrb+1","Guardian:RollAttack"],"picked":"Guardian:Harden+1","floor":46},{"not_picked":["Guardian:Preprogram+1","Guardian:Recover+1"],"picked":"Guardian:Gem_Synthetic","floor":47},{"not_picked":["Guardian:VentSteam","Guardian:Harden"],"picked":"Guardian:Incinerate","floor":48}],"player_experience":323250,"relics_obtained":[{"floor":6,"key":"Mercury Hourglass"},{"floor":9,"key":"TungstenRod"},{"floor":10,"key":"Odd Mushroom"},{"floor":14,"key":"Lizard Tail"},{"floor":26,"key":"Smiling Mask"},{"floor":43,"key":"Dream Catcher"},{"floor":48,"key":"Tea:ReiMu"}],"event_choices":[{"damage_healed":0,"gold_gain":0,"player_choice":"Ignored","damage_taken":0,"max_hp_gain":0,"max_hp_loss":0,"event_name":"Liars Game","floor":3,"gold_loss":0},{"damage_healed":0,"gold_gain":0,"player_choice":"Fought Mushrooms","damage_taken":0,"max_hp_gain":0,"max_hp_loss":0,"event_name":"Mushrooms","floor":10,"gold_loss":0},{"damage_healed":0,"gold_gain":0,"player_choice":"Bought 0 Potions","damage_taken":0,"max_hp_gain":0,"max_hp_loss":0,"event_name":"The Woman in Blue","floor":19,"gold_loss":0},{"damage_healed":0,"gold_gain":0,"player_choice":"Ignored","damage_taken":0,"max_hp_gain":0,"max_hp_loss":0,"event_name":"betterNote:BetterNote","floor":20,"gold_loss":0,"cards_obtained":["SpringWay:ReiMu"]},{"damage_healed":0,"gold_gain":0,"player_choice":"CARD ","damage_taken":12,"max_hp_gain":0,"max_hp_loss":0,"event_name":"Knowing Skull","floor":30,"potions_obtained":[],"gold_loss":0,"cards_obtained":["Finesse"]},{"damage_healed":0,"gold_gain":0,"player_choice":"Paid","damage_taken":0,"relics_obtained":["Red Mask"],"max_hp_gain":0,"max_hp_loss":0,"event_name":"Tomb of Lord Red Mask","floor":38,"gold_loss":52},{"damage_healed":0,"gold_gain":0,"player_choice":"Got Potions","damage_taken":0,"max_hp_gain":0,"max_hp_loss":0,"event_name":"Lab","floor":39,"gold_loss":0}],"is_beta":false,"boss_relics":[{"not_picked":["Velvet Choker","energizedSpire:MagnifyingGlass"],"picked":"Philosopher\u0027s Stone"},{"not_picked":["Runic Pyramid","Runic Dome","Cursed Key"]}],"items_purged_floors":[],"is_endless":false,"potions_floor_spawned":[2,6,11,14,18,24,28,31,35,44,46,48],"ascension_level":0}}