{"host":"eez7vtcxu2i37lck","time":1607756191,"event":{"mods":["AchievementEnabler","BaseMod","Colored Map","Colored Powertips","Downfall","Hermit","Highlight Path","Hubris","Infinite Spire","Jorbs\u0027s Wanderer Trilogy","Minty Spire (QoL Compilation)","Quick Restart","Rare Cards Sparkle","Replay The Spire","Shop Mod","StSLib","The IronCluck"],"gold_per_floor":[114,134,65,75,75,75,75,75,75,0,0,27,27,60,60,190,190,214,230,230,0,0,121,121,121,176,299,437,437,437,453,453,674,674,695,709,57,57,73,0,0,24,24,38,52,52,91,114,114,114,114],"floor_reached":50,"playtime":2173,"items_purged":["Strike_G","Injury"],"score":633,"play_id":"5b82702d-78d1-4496-aaf4-ba67cb0d0816","local_time":"20201212015631","is_ascension_mode":false,"campfire_choices":[{"data":"Accuracy","floor":6.0,"key":"SMITH"},{"data":"Footwork","floor":8.0,"key":"SMITH"},{"data":"Cloak And Dagger","floor":11.0,"key":"SMITH"},{"floor":15.0,"key":"REST"},{"floor":25.0,"key":"REST"},{"floor":30.0,"key":"REST"},{"floor":32.0,"key":"REST"},{"floor":41,"key":"REST"},{"floor":46,"key":"REST"},{"data":"Accuracy","floor":49,"key":"SMITH"}],"circlet_count":0,"master_deck":["Strike_G","Strike_G","Strike_G","Defend_G","Defend_G","Defend_G","Defend_G","Defend_G","Survivor","Neutralize","Cloak And Dagger+1","Accuracy+1","Footwork+1","Cloak And Dagger+1","ReplayTheSpireMod:Scrap Shanks","hubris:SlightOfHand","Corpse Explosion","Cloak And Dagger","Accuracy+1","Blade Dance","Cloak And Dagger","Calculated Gamble+1","Cloak And Dagger+1","Prepared+1","Wraith Form v2","Infinite Blades","Blur","Acrobatics"],"relics":["ChewingGum","Gremlin Horn","Matryoshka","Golden Idol","hubris:OldNail","Replay:Bronze Core","hubris:Icosahedron","Blue Doll","hubris:SlimyHat","Juzu Bracelet","Dream Catcher","Snecko Scales","OrangePellets","Bottled Tornado","infinitespire:PuzzleCube","Red Mask","Replay:Bottled Steam","ReplayTheSpireMod:Lightbulb","PreservedInsect"],"acts_visited":["Exordium","TheCity","TheBeyond"],"potions_floor_usage":[],"damage_taken":[{"damage":10.0,"enemies":"infinitespire:Voidling","floor":1.0,"turns":5.0},{"damage":0.0,"enemies":"Cultist","floor":2.0,"turns":3.0},{"damage":2.0,"enemies":"2 Louse","floor":4.0,"turns":3.0},{"damage":9.0,"enemies":"3 Sentries","floor":12.0,"turns":8.0},{"damage":3.0,"enemies":"Lagavulin","floor":14.0,"turns":6.0},{"damage":43.0,"enemies":"Fading Forest","floor":16.0,"turns":11.0},{"damage":8.0,"enemies":"3 Byrds","floor":18.0,"turns":5.0},{"damage":14.0,"enemies":"Chosen","floor":19.0,"turns":6.0},{"damage":1.0,"enemies":"Snecko","floor":23.0,"turns":7.0},{"damage":22.0,"enemies":"Cultist and Chosen","floor":27.0,"turns":8.0},{"damage":43.0,"enemies":"Sentry and Sphere","floor":31.0,"turns":7.0},{"damage":43.0,"enemies":"Collector","floor":33.0,"turns":10.0},{"damage":15.0,"enemies":"Orb Walker","floor":35.0,"turns":2.0},{"damage":2.0,"enemies":"3 Darklings","floor":36.0,"turns":3.0},{"damage":3,"enemies":"4 Shapes","floor":39,"turns":3},{"damage":0,"enemies":"Spire Growth","floor":42,"turns":2},{"damage":13,"enemies":"Nightmare","floor":44,"turns":7},{"damage":0,"enemies":"Maw","floor":45,"turns":3},{"damage":0,"enemies":"Reptomancer","floor":47,"turns":3},{"damage":0,"enemies":"Jaw Worm Horde","floor":48,"turns":1},{"damage":70,"enemies":"LordOfAnnihilation","floor":50,"turns":7}],"seed_played":"5057078502636404463","potions_obtained":[{"floor":2.0,"key":"Reflective Coating"},{"floor":12.0,"key":"Weak Potion"},{"floor":16.0,"key":"hexamod:EctoCoolerPotion"},{"floor":31.0,"key":"LiquidMemories"},{"floor":33.0,"key":"Dexterity Potion"},{"floor":39,"key":"Adrenaline Potion"}],"is_trial":false,"path_per_floor":["M","M","$","M","?","R","?","R","T","$","R","E","?","E","R","B",null,"M","M","?","?","$","M","T","R","T","M","?","?","R","M","R","B",null,"M","M","$","?","M","?","R","M","T","NM","M","R","E","M","R","B"],"character_chosen":"THE_SILENT","items_purchased":["Accuracy","OrangePellets","Bottled Tornado","infinitespire:PuzzleCube"],"campfire_rested":6,"item_purchase_floors":[3,37,37,37],"current_hp_per_floor":[67,67,67,65,65,65,65,65,65,65,65,56,56,53,70,45,70,62,48,48,48,48,47,47,68,68,46,46,46,67,24,45,2,70,55,53,53,53,50,50,70,70,70,57,57,70,70,70,70,0,0],"gold":114,"neow_bonus":"BOSS_RELIC","is_daily":false,"chose_seed":false,"campfire_upgraded":4,"win_rate":0.0,"timestamp":1607756191,"path_taken":["M","?","?","M","?","R","?","R","T","?","R","E","?","E","R","BOSS","M","M","?","?","?","M","?","R","T","M","?","?","R","M","R","BOSS","M","M","$","?","M","?","R","M","T","NM","M","R","E","M","R","BOSS"],"items_purchased_type":["Card","Relic","Relic","Relic"],"build_version":"2020-11-30","purchased_purges":2,"victory":false,"max_hp_per_floor":[70,70,70,70,70,70,70,70,70,70,70,70,70,70,70,70,70,70,70,70,70,70,70,70,70,70,70,70,70,70,70,70,70,70,70,70,70,70,70,70,70,70,70,70,70,70,70,70,70,70,70],"card_choices":[{"not_picked":["Eviscerate","Backflip"],"picked":"Blade Dance","floor":1.0},{"not_picked":["Backflip","Dagger Throw"],"picked":"Cloak And Dagger","floor":2.0},{"not_picked":["Escape Plan","Outmaneuver"],"picked":"Footwork","floor":4.0},{"not_picked":["Die Die Die","Accuracy"],"picked":"ReplayTheSpireMod:Scrap Shanks","floor":12.0},{"not_picked":["Backflip","Dagger Spray"],"picked":"hubris:SlightOfHand","floor":14.0},{"not_picked":["Malaise","Doppelganger"],"picked":"Corpse Explosion","floor":16.0},{"not_picked":["Sucker Punch","PiercingWail"],"picked":"Cloak And Dagger","floor":18.0},{"not_picked":["Outmaneuver","Endless Agony"],"picked":"Accuracy","floor":19.0},{"not_picked":["Cloak And Dagger+1","Underhanded Strike"],"picked":"Blade Dance","floor":23.0},{"not_picked":["Dodge and Roll+1","Terror+1"],"picked":"Cloak And Dagger","floor":27.0},{"not_picked":["Underhanded Strike","Backflip"],"picked":"Calculated Gamble+1","floor":28.0},{"not_picked":["Fluid Movement","Infinite Blades"],"picked":"Cloak And Dagger+1","floor":30.0},{"not_picked":["Dagger Spray","Dodge and Roll+1","Flying Knee"],"picked":"SKIP","floor":31.0},{"not_picked":["Concentrate","Blade Dance"],"picked":"Prepared+1","floor":32.0},{"not_picked":["Night Terror","ReplayTheSpireMod:From All Sides"],"picked":"Wraith Form v2","floor":33.0},{"not_picked":["Backflip","Terror","Draining Mist"],"picked":"SKIP","floor":35.0},{"not_picked":["Dagger Spray+1","Replay:Poison Smokescreen"],"picked":"Infinite Blades","floor":36.0},{"not_picked":["Sucker Punch","Flying Knee"],"picked":"Blur","floor":39},{"not_picked":["PiercingWail+1","Distraction+1","Backflip"],"picked":"SKIP","floor":42},{"not_picked":["Endless Agony+1","Poisoned Stab"],"picked":"Acrobatics","floor":44},{"not_picked":["Predator","hubris:SlightOfHand","Cloak And Dagger"],"picked":"SKIP","floor":45},{"not_picked":["Reflex+1","Doppelganger","Setup"],"picked":"SKIP","floor":47},{"not_picked":["Flying Knee+1","Choke+1","Backflip"],"picked":"SKIP","floor":48}],"player_experience":213757,"relics_obtained":[{"floor":9.0,"key":"Gremlin Horn"},{"floor":12.0,"key":"Matryoshka"},{"floor":14.0,"key":"hubris:OldNail"},{"floor":24.0,"key":"Blue Doll"},{"floor":26.0,"key":"hubris:SlimyHat"},{"floor":26.0,"key":"Juzu Bracelet"},{"floor":28.0,"key":"Dream Catcher"},{"floor":43,"key":"Replay:Bottled Steam"},{"floor":44,"key":"ReplayTheSpireMod:Lightbulb"},{"floor":47,"key":"PreservedInsect"}],"event_choices":[{"damage_healed":0.0,"max_hp_gain":0.0,"max_hp_loss":0.0,"gold_gain":0.0,"event_name":"Liars Game","player_choice":"Ignored","floor":5.0,"gold_loss":0.0,"damage_taken":0.0},{"damage_healed":0.0,"max_hp_gain":0.0,"max_hp_loss":0.0,"gold_gain":0.0,"event_name":"Golden Idol","player_choice":"Take Wound","floor":13.0,"gold_loss":0.0,"damage_taken":0.0,"relics_obtained":["Golden Idol"],"cards_obtained":["Injury"]},{"damage_healed":0.0,"max_hp_gain":0.0,"max_hp_loss":0.0,"gold_gain":0.0,"event_name":"Masked Bandits","player_choice":"Paid Fearfully","floor":21.0,"gold_loss":230.0,"damage_taken":0.0},{"cards_removed":["Strike_G"],"damage_healed":0.0,"max_hp_gain":0.0,"max_hp_loss":0.0,"gold_gain":0.0,"event_name":"Falling","player_choice":"Removed Attack","floor":38.0,"gold_loss":0.0,"damage_taken":0.0},{"damage_healed":0,"gold_gain":0,"player_choice":"Paid","damage_taken":0,"relics_obtained":["Red Mask"],"max_hp_gain":0,"max_hp_loss":0,"event_name":"Tomb of Lord Red Mask","floor":40,"gold_loss":73}],"is_beta":false,"boss_relics":[{"not_picked":["hubris:CrackedHourglass","hubris:BlackHole"],"picked":"Replay:Bronze Core"},{"not_picked":["Pandora\u0027s Box","infinitespire:Cupcake"],"picked":"Snecko Scales"}],"items_purged_floors":[10,37],"is_endless":true,"potions_floor_spawned":[2,12,16,31,33,39,42,45,48],"killed_by":"LordOfAnnihilation","ascension_level":0}}