{"host":"v1zz5dqrlq7zjvm7","time":1607770726,"event":{"mods":["Act Like it!","BaseMod","Colored Map","Colored Powertips","Friendly Minions","Gensokyo","HololiveMod","Minty Spire (QoL Compilation)","Prisma Mod","StSLib","The Servant 0.9.4","UnlockEverythingMod","Waifu the Spire"],"gold_per_floor":[79,101,124,160,192,241,241,288,357,357,384,442,482,412,412,518,518,543,569,569,205,228,228,281,316,316,366,375,396,646,697,697,837,837,858,867,881,917,941,941,852,852,852,790,790,790,870,899,899,903,903],"floor_reached":50,"playtime":2692,"items_purged":[],"score":1566,"play_id":"f5799ee7-56b5-4410-b941-fdccf80fec73","local_time":"20201212212846","is_ascension_mode":true,"campfire_choices":[{"data":"Hololive_Strike","floor":7.0,"key":"SMITH"},{"data":"Hololive_CallDoris","floor":10.0,"key":"SMITH"},{"data":"Hololive_CallFriendA","floor":15.0,"key":"SMITH"},{"data":"Gensokyo:TekeTeke","floor":23.0,"key":"SMITH"},{"data":"Hololive_CallCivia","floor":32.0,"key":"SMITH"},{"data":"Hololive_Thief","floor":40,"key":"SMITH"},{"floor":42,"key":"REST"},{"floor":49,"key":"REST"}],"circlet_count":0,"master_deck":["AscendersBane","Hololive_Rebound+1","Hololive_CallShirakamiFubuki+1","Hololive_CallHoushouMarine+1","Hololive_CallAyundaRisu+1","Hololive_CallOzoraSubaru+1","Hololive_CallTokoyamiTowa+1","Hololive_CallSakuraMiko+1","Hololive_FlyingPonyTail+1","Hololive_CallInugamiKorone+1","Hololive_CallSakuraMiko+1","Hololive_CallFriendA+1","Hololive_CallTokinoSora+1","Hololive_CallDoris+1","Hololive_BeCareful+1","Hololive_CallKiryuuCoco+1","Hololive_LuckPotion+1","Hololive_AWSL","Hololive_HighAtkLowDef+1","Hololive_Rebound+1","Hololive_Yoholoon+1","Hololive_CallCivia+1","Hololive_CallShishiroBotan+1","Gensokyo:TekeTeke+1","Hololive_CallOmaruPolka+1","Hololive_MaximGun+1","Hololive_CallMurasakiShion+1","Hololive_CallMomosuzuNene+4","Hololive_CocoNews+1","Shame","Hololive_CallNekomataOkayu+1","Hololive_CallRosalyn+1","Hololive_Thief+1","Decay"],"relics":["Hololive_TheStar","Bag of Marbles","Torii","Shuriken","StoneCalendar","Astrolabe","OrangePellets","CeramicFish","Regal Pillow","Question Card","Hololive_TopUpMoneyS","Blue Candle","Pocketwatch","Mark of the Bloom","Pear"],"acts_visited":["Gensokyo:Gensokyo","Gensokyo:Gensokyoer","TheBeyond"],"potions_floor_usage":[35,39,44],"damage_taken":[{"damage":0.0,"enemies":"Gensokyo:Gryphon","floor":1.0,"turns":2.0},{"damage":0.0,"enemies":"Gensokyo:Python","floor":2.0,"turns":2.0},{"damage":0.0,"enemies":"Gensokyo:2_Kodama","floor":3.0,"turns":3.0},{"damage":0.0,"enemies":"Gensokyo:Gryphon_and_Rabbit","floor":4.0,"turns":4.0},{"damage":0.0,"enemies":"Gensokyo:VengefulSpirit","floor":5.0,"turns":3.0},{"damage":0.0,"enemies":"Gensokyo:Aya","floor":6.0,"turns":3.0},{"damage":0.0,"enemies":"Gensokyo:Mamizou","floor":8.0,"turns":5.0},{"damage":0.0,"enemies":"Gensokyo:Python_and_Kodama","floor":11.0,"turns":3.0},{"damage":0.0,"enemies":"Gensokyo:Cirno","floor":12.0,"turns":5.0},{"damage":0.0,"enemies":"Gensokyo:3_Kodama","floor":13.0,"turns":3.0},{"damage":0.0,"enemies":"Gensokyo:Yukari","floor":16.0,"turns":6.0},{"damage":0.0,"enemies":"Gensokyo:Chomper","floor":18.0,"turns":3.0},{"damage":0.0,"enemies":"Gensokyo:3_Dogs","floor":19.0,"turns":4.0},{"damage":0.0,"enemies":"Gensokyo:Wraith","floor":22.0,"turns":5.0},{"damage":0.0,"enemies":"Gensokyo:Koishi","floor":24.0,"turns":3.0},{"damage":1.0,"enemies":"Gensokyo:Monolith_and_Dog","floor":25.0,"turns":3.0},{"damage":0.0,"enemies":"Gensokyo:Reisen","floor":27.0,"turns":4.0},{"damage":0.0,"enemies":"Gensokyo:Chomper_and_Gloop","floor":29.0,"turns":4.0},{"damage":0.0,"enemies":"Gensokyo:Koishi","floor":31.0,"turns":4.0},{"damage":0.0,"enemies":"Gensokyo:Eiki","floor":33.0,"turns":7.0},{"damage":5,"enemies":"3 Shapes","floor":35,"turns":4},{"damage":0,"enemies":"Orb Walker","floor":37,"turns":4},{"damage":16,"enemies":"Transient","floor":38,"turns":6},{"damage":14,"enemies":"3 Darklings","floor":39,"turns":5},{"damage":10,"enemies":"4 Shapes","floor":41,"turns":3},{"damage":3,"enemies":"Nemesis","floor":44,"turns":8},{"damage":0,"enemies":"Giant Head","floor":47,"turns":7},{"damage":1,"enemies":"Writhing Mass","floor":48,"turns":4},{"damage":48,"enemies":"Donu and Deca","floor":50,"turns":6}],"seed_played":"4619859603595369419","potions_obtained":[{"floor":2.0,"key":"Dexterity Potion"},{"floor":3.0,"key":"Dexterity Potion"},{"floor":6.0,"key":"Explosive Potion"},{"floor":16.0,"key":"SkillPotion"},{"floor":18.0,"key":"Block Potion"},{"floor":19.0,"key":"Fruit Juice"},{"floor":24.0,"key":"Swift Potion"},{"floor":29.0,"key":"BlessingOfTheForge"},{"floor":38,"key":"LiquidBronze"},{"floor":39,"key":"FearPotion"},{"floor":41,"key":"FairyPotion"},{"floor":47,"key":"EntropicBrew"}],"is_trial":false,"path_per_floor":["M","M","M","M","M","E","R","E","T","R","M","E","M","?","R","B",null,"M","M","?","$","M","R","E","M","T","E","?","M","?","E","R","B",null,"M","?","M","M","M","R","M","R","T","E","?","?","E","M","R","B"],"character_chosen":"Hololive_HololiveCharacter","items_purchased":["Fruit Juice","Hololive_CallOmaruPolka","OrangePellets"],"campfire_rested":2,"item_purchase_floors":[21,21,21],"current_hp_per_floor":[27,27,27,27,27,27,27,27,27,27,27,27,27,27,27,27,29,30,36,33,38,39,39,40,40,40,41,41,42,40,41,41,42,42,38,38,39,24,11,11,2,31,31,29,29,29,29,28,28,0,0],"gold":903,"neow_bonus":"REMOVE_CARD","is_daily":false,"chose_seed":false,"campfire_upgraded":6,"win_rate":0.0,"timestamp":1607770726,"path_taken":["M","M","M","M","?","E","R","E","T","R","?","E","M","?","R","BOSS","M","M","?","?","M","R","E","?","T","E","?","M","?","E","R","BOSS","M","?","M","?","M","R","M","R","T","E","?","?","E","M","R","BOSS"],"items_purchased_type":["Potion","Card","Relic"],"build_version":"2020-11-30","purchased_purges":0,"victory":false,"max_hp_per_floor":[30,30,30,30,30,30,30,30,30,30,30,30,30,30,30,30,30,31,37,33,38,39,39,40,41,41,42,42,43,40,41,41,42,42,43,43,44,45,46,46,47,47,47,48,48,48,59,60,60,61,61],"card_choices":[{"not_picked":["Hololive_FlyingPonyTail","Hololive_CallShiroganeNoel","Hololive_OvertimeWork"],"picked":"Hololive_CallSakuraMiko","floor":1.0},{"not_picked":["Hololive_StrengthChampion","Hololive_RevenueBasedLive","Hololive_Trident"],"picked":"Hololive_FlyingPonyTail","floor":2.0},{"not_picked":["Hololive_CallYukihanaLamy","Hololive_StrengthChampion","Hololive_LuckPotion"],"picked":"Hololive_CallInugamiKorone","floor":3.0},{"not_picked":["Hololive_CallYogiri","Hololive_CallNakiriAyame","Hololive_Nanodesu"],"picked":"Hololive_CallSakuraMiko","floor":4.0},{"not_picked":["Hololive_Drill","Hololive_FlyingPonyTail","Hololive_Breathe"],"picked":"Hololive_CallFriendA","floor":5.0},{"not_picked":["Hololive_CallShishiroBotan","Hololive_StrengthChampion","Hololive_CallMinatoAqua"],"picked":"Hololive_CallTokinoSora","floor":6.0},{"not_picked":["Hololive_CallSakuraMiko","Hololive_HuntDinosaur","Hololive_FlyingPonyTail"],"picked":"Hololive_CallDoris","floor":8.0},{"not_picked":["Hololive_Rebound","Hololive_CallInugamiKorone","Hololive_Sequa"],"picked":"Hololive_BeCareful","floor":11.0},{"not_picked":["Hololive_Trident","Hololive_HuntDinosaur","Hololive_StrengthChampion"],"picked":"Hololive_CallKiryuuCoco","floor":12.0},{"not_picked":["Hololive_Breathe","Hololive_Spy","Hololive_Drill"],"picked":"Hololive_LuckPotion","floor":13.0},{"not_picked":["Hololive_Nanodesu","Hololive_HighAtkLowDef","Hololive_ScarfAndHalo"],"picked":"Hololive_AWSL","floor":16.0},{"not_picked":["Hololive_RevenueBasedLive","Hololive_FlyingPonyTail","Hololive_Rebound"],"picked":"Hololive_CallCivia","floor":18.0},{"not_picked":["Hololive_CallAyundaRisu+1","Hololive_DevilCharm+1","Hololive_LuckPotion"],"picked":"Hololive_CallShishiroBotan","floor":19.0},{"not_picked":["Gensokyo:MonkeysPaw","Gensokyo:LittleGreenMen","Gensokyo:EightFeetTall"],"picked":"Gensokyo:TekeTeke","floor":20.0},{"not_picked":["Hololive_CallCivia","Hololive_FlyingPonyTail","Hololive_LuckPotion"],"picked":"Hololive_MaximGun","floor":22.0},{"not_picked":["Hololive_CallMomosuzuNene","Hololive_OvertimeWork","Hololive_CocoNews+1"],"picked":"Hololive_CallMurasakiShion","floor":24.0},{"not_picked":["Hololive_OvertimeWork","Hololive_Breathe+1","Hololive_FlyingPonyTail"],"picked":"Hololive_CallMomosuzuNene","floor":25.0},{"not_picked":["Hololive_CallShishiroBotan","Hololive_CallTokinoSora","Hololive_Sequa"],"picked":"Hololive_CocoNews","floor":27.0},{"not_picked":["Hololive_CallInugamiKorone","Hololive_Rebound","Hololive_CallAiraniIofifteen"],"picked":"Hololive_CallNekomataOkayu","floor":29.0},{"not_picked":["Hololive_Trident","Hololive_Psychosis","Hololive_CallCivia"],"picked":"Hololive_CallRosalyn","floor":31.0},{"not_picked":["Hololive_ASMR","Hololive_Recruit","Hololive_StarCraft","Hololive_OpenUp"],"picked":"Hololive_Thief","floor":33.0}],"player_experience":153988,"relics_obtained":[{"floor":6.0,"key":"Bag of Marbles"},{"floor":8.0,"key":"Torii"},{"floor":9.0,"key":"Shuriken"},{"floor":12.0,"key":"StoneCalendar"},{"floor":24.0,"key":"CeramicFish"},{"floor":27.0,"key":"Regal Pillow"},{"floor":31.0,"key":"Question Card"},{"floor":43,"key":"Blue Candle"},{"floor":44,"key":"Pocketwatch"},{"floor":47,"key":"Pear"}],"event_choices":[{"damage_healed":0,"gold_gain":0,"player_choice":"Cursed","damage_taken":0,"max_hp_gain":0,"max_hp_loss":0,"event_name":"Wheel of Change","floor":36,"gold_loss":0,"cards_obtained":["Decay"]},{"damage_healed":0,"gold_gain":0,"player_choice":"Memory 1","damage_taken":0,"max_hp_gain":0,"max_hp_loss":0,"event_name":"SensoryStone","floor":45,"gold_loss":0},{"damage_healed":0,"gold_gain":0,"player_choice":"Upgrade","damage_taken":0,"relics_obtained":["Mark of the Bloom"],"max_hp_gain":0,"max_hp_loss":0,"event_name":"MindBloom","floor":46,"gold_loss":0,"cards_upgraded":["Hololive_Rebound","Hololive_CallHoushouMarine","Hololive_CallTokoyamiTowa","Hololive_CallSakuraMiko","Hololive_FlyingPonyTail","Hololive_CallInugamiKorone","Hololive_CallTokinoSora","Hololive_BeCareful","Hololive_CallKiryuuCoco","Hololive_CallShishiroBotan","Hololive_CallOmaruPolka","Hololive_MaximGun","Hololive_CallMurasakiShion","Hololive_CallMomosuzuNene","Hololive_CocoNews","Hololive_CallNekomataOkayu","Hololive_CallRosalyn"]}],"is_beta":false,"boss_relics":[{"not_picked":["Hololive_ChaosS","Ectoplasm"],"picked":"Astrolabe"},{"not_picked":["Hololive_Finger","SacredBark"],"picked":"Hololive_TopUpMoneyS"}],"items_purged_floors":[],"is_endless":false,"potions_floor_spawned":[2,3,6,12,16,18,19,24,29,38,39,41,47],"killed_by":"Donu and Deca","ascension_level":17}}