{"host":"eyd8pf3bw1xm0qjv","time":1607801770,"event":{"mods":["AchievementEnabler","Aspiration","Bard","BaseMod","Beaked The Cultist","BetterRewards","CCEM","Challenge The Spire","Clawfect","Colored Map","Conspire","DeckTracker","Downfall","Duelist Mod","Ekko","GifTheSpireLib","Glutton Mod","Googly Eyes","Halation","Hermit","Highlight Path","Hubris","Jedi Mod","Jorbs\u0027s Wanderer Trilogy","Mad Scientist","Marisa????????","Mimic Mod","Minty Spire (QoL Compilation)","Permanent Neow","Potionbrewer","Relic Sorter","Replay The Spire","StSLib","Stuff the Spire","The Administrix","The Animator","The Blackbeard","The Bug Knight","The Construct","The Cursed","The Dragon Tamer","The Florist","The Gatherer","The Hierophant","The IronCluck","The Jungle","The Mystic","The Necromancer","The Problem Sleuth","The Runesmith","The Servant 0.9.4","The Spell Scribe","vexMod"],"gold_per_floor":[116,116,36,51,63,92,367,378,378,378,378,378,378,398,398,499,499,509,75,87,11,31,31,31],"floor_reached":23,"playtime":1096,"items_purged":["Regret"],"score":216,"play_id":"aa265052-924e-412d-9f00-667a28045942","local_time":"20201212143610","is_ascension_mode":false,"campfire_choices":[{"data":"construct:ClusterMines","floor":10,"key":"SMITH"},{"data":"construct:AttackMode","floor":12,"key":"SMITH"},{"floor":15,"key":"REST"}],"circlet_count":0,"master_deck":["construct:Strike_Gold","construct:Strike_Gold","construct:Strike_Gold","construct:Strike_Gold","construct:Defend_Gold","construct:Defend_Gold","construct:Defend_Gold","construct:Defend_Gold","construct:Defend_Gold","construct:AttackMode+1","construct:DefenseMode+1","construct:ShiftStrike+1","construct:Hazardproof","construct:Versatility","construct:Boost","construct:CripplingShot","construct:ClusterMines+1","Pain","construct:OmegaCannon","construct:GatlingGun","construct:Synchronize+1","construct:ClusterMines","construct:Boost+1","construct:Zapper","construct:Enhance+1"],"relics":["construct:Cogwheel","NeowsBlessing","StuffTheSpire:Rhapsscallions","hubris:Spice","WarpedTongs","StuffTheSpire:ModemDavis"],"acts_visited":["Exordium","theJungle:Jungle"],"potions_floor_usage":[16,16],"damage_taken":[{"damage":0,"enemies":"Small Slimes","floor":1,"turns":1},{"damage":0,"enemies":"Cultist","floor":4,"turns":1},{"damage":0,"enemies":"2 Louse","floor":5,"turns":1},{"damage":27,"enemies":"Gremlin Nob","floor":6,"turns":5},{"damage":20,"enemies":"Lots of Slimes","floor":8,"turns":6},{"damage":13,"enemies":"2 Fungi Beasts","floor":14,"turns":3},{"damage":70,"enemies":"Fading Forest","floor":16,"turns":11},{"damage":13,"enemies":"Shell Parasite","floor":18,"turns":4},{"damage":43,"enemies":"theJungle:5_Spyders","floor":20,"turns":7},{"damage":27,"enemies":"theJungle:JungleHuntersEncounter","floor":22,"turns":6},{"damage":25,"enemies":"theJungle:2_Phrogs","floor":23,"turns":2}],"seed_played":"8076744657837391907","potions_obtained":[{"floor":5,"key":"Dexterity Potion"},{"floor":8,"key":"SpeedPotion"},{"floor":16,"key":"potionbrewer:BarricadePotion"}],"is_trial":false,"path_per_floor":["M","?","$","M","M","E","?","M","T","R","?","R","?","M","R","B",null,"M","$","M","$","M","E"],"character_chosen":"THE_CONSTRUCT_MOD","items_purchased":["construct:Hazardproof","construct:ClusterMines","hubris:Spice","construct:Zapper"],"campfire_rested":1,"item_purchase_floors":[3,19,19,21],"current_hp_per_floor":[85,85,85,85,85,61,61,41,49,49,49,49,49,36,64,4,96,83,91,48,48,21,0,0],"gold":31,"neow_bonus":"THREE_ENEMY_KILL","is_daily":false,"chose_seed":false,"campfire_upgraded":2,"win_rate":0.0,"timestamp":1607801770,"path_taken":["M","?","$","?","M","E","?","?","T","R","?","R","?","?","R","BOSS","M","$","M","$","M","E"],"items_purchased_type":["Card","Card","Relic","Card"],"build_version":"2020-11-30","purchased_purges":1,"victory":false,"max_hp_per_floor":[85,85,85,85,85,88,88,88,96,96,96,96,96,96,96,96,96,96,104,104,104,104,104,104],"card_choices":[{"not_picked":["construct:Impenetrable","construct:VentSteam"],"picked":"construct:ShiftStrike","floor":1},{"not_picked":["construct:ChargeShot","construct:FlakBarrage"],"picked":"construct:Versatility","floor":4},{"not_picked":["construct:Backup","construct:FocusedBeam"],"picked":"construct:Boost","floor":5},{"not_picked":["construct:OneWayMirror","construct:HastyRepair"],"picked":"construct:CripplingShot","floor":6},{"not_picked":["construct:CripplingShot","construct:FlameCore"],"picked":"construct:ClusterMines","floor":8},{"not_picked":["construct:SyphonStrike","construct:ModeShift"],"picked":"construct:OmegaCannon","floor":14},{"not_picked":["construct:LongRangeLance","construct:PanicFire"],"picked":"construct:GatlingGun","floor":16},{"not_picked":["construct:SweepLaser+1","construct:VentSteam+1"],"picked":"construct:Synchronize+1","floor":18},{"not_picked":["construct:Hazardproof","construct:ScrapCannon+1"],"picked":"construct:Boost+1","floor":20},{"not_picked":["construct:Backfire","construct:ChargeShot"],"picked":"construct:Enhance+1","floor":22}],"player_experience":138867,"relics_obtained":[{"floor":6,"key":"StuffTheSpire:Rhapsscallions"},{"floor":9,"key":"hubris:Spice"}],"event_choices":[{"damage_healed":0,"gold_gain":0,"player_choice":"Upgraded","damage_taken":0,"max_hp_gain":0,"max_hp_loss":0,"event_name":"Upgrade Shrine","floor":2,"gold_loss":0,"cards_upgraded":["construct:ShiftStrike"]},{"damage_healed":0,"gold_gain":275,"player_choice":"Desecrate","damage_taken":0,"max_hp_gain":0,"max_hp_loss":0,"event_name":"Golden Shrine","floor":7,"gold_loss":0,"cards_obtained":["Regret"]},{"damage_healed":0,"gold_gain":0,"player_choice":"Rummage","damage_taken":0,"relics_obtained":["WarpedTongs"],"max_hp_gain":0,"max_hp_loss":0,"event_name":"Accursed Blacksmith","floor":13,"gold_loss":0,"cards_obtained":["Pain"]}],"is_beta":false,"boss_relics":[{"not_picked":["hubris:Spice","hubris:Spice"],"picked":"StuffTheSpire:ModemDavis"}],"items_purged_floors":[19],"is_endless":false,"potions_floor_spawned":[5,8,16],"killed_by":"theJungle:2_Phrogs","ascension_level":0}}