{"host":"2hea6pl5vmah38iy","time":1607773067,"event":{"mods":["AchievementEnabler","BaseMod","Colored Map","DeckTracker","Keyboard Shortcuts","Minty Spire (QoL Compilation)","Rare Cards Sparkle","StSLib","SuperFastMode","everything is the same but u backflip on backflip"],"gold_per_floor":[122,134,156,188,214,226,248,260,299,311,311],"floor_reached":10,"playtime":304,"items_purged":[],"score":99,"play_id":"5fd4f029-4fb8-4c03-8344-44280161ed9e","local_time":"20201212203747","is_ascension_mode":true,"campfire_choices":[{"data":"Neutralize","floor":6,"key":"SMITH"},{"data":"Riddle With Holes","floor":8,"key":"SMITH"}],"circlet_count":0,"master_deck":["AscendersBane","Strike_G","Strike_G","Strike_G","Strike_G","Strike_G","Defend_G","Defend_G","Defend_G","Defend_G","Survivor","Neutralize+1","Expertise","Dagger Throw","Acrobatics","Riddle With Holes+1"],"relics":["Ring of the Snake","MawBank","Art of War"],"acts_visited":["Exordium"],"potions_floor_usage":[7,10],"damage_taken":[{"damage":7,"enemies":"2 Louse","floor":1,"turns":3},{"damage":0,"enemies":"Small Slimes","floor":3,"turns":3},{"damage":3,"enemies":"Cultist","floor":4,"turns":4},{"damage":10,"enemies":"2 Fungi Beasts","floor":5,"turns":3},{"damage":0,"enemies":"Large Slime","floor":7,"turns":4},{"damage":21,"enemies":"Lagavulin","floor":10,"turns":6}],"seed_played":"-6226799241343803953","potions_obtained":[{"floor":3,"key":"Dexterity Potion"},{"floor":4,"key":"Fire Potion"}],"is_trial":false,"path_per_floor":["M","?","M","M","M","R","M","R","T","E"],"character_chosen":"THE_SILENT","items_purchased":[],"campfire_rested":0,"item_purchase_floors":[],"current_hp_per_floor":[56,49,49,46,36,36,36,36,36,15,15],"gold":311,"neow_bonus":"RANDOM_COMMON_RELIC","is_daily":false,"chose_seed":false,"campfire_upgraded":2,"win_rate":0.0,"timestamp":1607773067,"path_taken":["M","?","M","M","M","R","M","R","T","E"],"items_purchased_type":[],"build_version":"2020-11-30","purchased_purges":0,"victory":false,"max_hp_per_floor":[70,70,70,70,70,70,70,70,70,70,70],"card_choices":[{"not_picked":["Slice","Infinite Blades"],"picked":"Expertise","floor":1},{"not_picked":["Bane","Underhanded Strike"],"picked":"Dagger Throw","floor":3},{"not_picked":["Sucker Punch","Prepared","Deadly Poison"],"picked":"SKIP","floor":4},{"not_picked":["Quick Slash","PiercingWail"],"picked":"Acrobatics","floor":5},{"not_picked":["Accuracy","Dodge and Roll"],"picked":"Riddle With Holes","floor":7}],"player_experience":402685,"relics_obtained":[{"floor":9,"key":"Art of War"}],"event_choices":[{"cards_removed":["Defend_G"],"damage_healed":0,"gold_gain":0,"player_choice":"Card Removal","damage_taken":7,"max_hp_gain":0,"max_hp_loss":0,"event_name":"Golden Wing","floor":2,"gold_loss":0}],"is_beta":false,"boss_relics":[],"items_purged_floors":[],"is_endless":false,"potions_floor_spawned":[3,4,5],"killed_by":"Lagavulin","ascension_level":13}}