{"host":"87w2793jpavfbt1o","time":1607738726,"event":{"mods":["AchievementEnabler","Aspiration","BaseMod","Better Altar","Better Match","Better Note","Better Sensory Stone","Better Skull","Better Third Choice","Better Vampires","BetterRewards","Conspire","Displayed Cursed Tome","Downfall","Energized Spire","Filter the Spire","Halation","Highlight Path","Hubris","Infinite Spire","Marked Mod","Minty Spire (QoL Compilation)","Practice Mode","Prisma Mod","Relic Filter","Relic Sorter","Replay The Spire","SIMod","Shop Mod","StSLib","TestMod","??????REMEMod"],"gold_per_floor":[111,111,126,126,139,139,139,165,189,189,189,214,214,214],"floor_reached":13,"playtime":917,"items_purged":[],"score":108,"play_id":"f538dc41-cee5-44ba-b696-2faaeda7a86c","local_time":"20201211180526","is_ascension_mode":true,"campfire_choices":[{"floor":6,"key":"RECALL"}],"circlet_count":0,"master_deck":["Strike_R","Strike_R","Strike_R","Strike_R","Strike_R","Defend_R","Defend_R","Defend_R","Defend_R","Bash","Demonic Infusion","Fire Breathing+1","testmod-ChaoticCore","hubris:SharpeningStone","True Grit","Inflame","expansioncontent:DefensiveMode","Evolve+1","ReplayTheSpireMod:Limb From Limb","Clothesline+1","Replay:Undeath\u0027s Touch","Injury","Twin Strike"],"relics":["Burning Blood","Replay:Accelerometer","REME_ComplimentaryCards","testmod-TestBox","testmod-EqualTreatment","hubris:Metronome","ReplayTheSpireMod:Lightbulb","conspire:TreasureMap","hubris:Zylophone","ReplayTheSpireMod:TigerMarble","Golden Idol"],"acts_visited":["Exordium"],"potions_floor_usage":[5,8],"damage_taken":[{"damage":22,"enemies":"Small Slimes","floor":1,"turns":4},{"damage":6,"enemies":"Cultist","floor":3,"turns":3},{"damage":0,"enemies":"2 Louse","floor":5,"turns":2},{"damage":20,"enemies":"Lagavulin","floor":8,"turns":5},{"damage":0,"enemies":"Blue Slaver","floor":12,"turns":1},{"damage":60,"enemies":"3 Sentries","floor":13,"turns":4}],"seed_played":"6531028536605944434","potions_obtained":[{"floor":3,"key":"SkillPotion"},{"floor":5,"key":"Fire Potion"}],"is_trial":false,"path_per_floor":["M","?","M","?","M","R","?","E","T","?","?","M","E"],"character_chosen":"IRONCLAD","items_purchased":["Fire Breathing","hubris:Metronome","ReplayTheSpireMod:Lightbulb","conspire:TreasureMap","testmod-ChaoticCore","hubris:SharpeningStone","True Grit"],"campfire_rested":0,"item_purchase_floors":[0,0,0,0,0,0,0],"current_hp_per_floor":[56,56,56,56,62,62,62,48,48,48,48,54,0,0],"gold":214,"neow_bonus":"","is_daily":false,"chose_seed":false,"campfire_upgraded":0,"win_rate":0.0,"timestamp":1607738726,"path_taken":["M","?","M","?","M","R","?","E","T","?","?","M","E"],"items_purchased_type":["Card","Relic","Relic","Relic","Card","Card","Card"],"build_version":"2020-11-30","purchased_purges":0,"victory":false,"max_hp_per_floor":[80,80,80,80,80,80,80,80,80,80,80,80,80,80],"card_choices":[{"not_picked":["Iron Wave","Pommel Strike"],"picked":"Inflame","floor":1},{"not_picked":["Magnetism","REME_FirmDetermination"],"picked":"expansioncontent:DefensiveMode","floor":2},{"not_picked":["Cleave","hubris:ReadiedAction"],"picked":"Sword Boomerang","floor":3},{"not_picked":["Dark Embrace+1","ReplayTheSpireMod:Stacked+1"],"picked":"Evolve+1","floor":4},{"not_picked":["Berserk","hubris:CleavingFinish"],"picked":"ReplayTheSpireMod:Limb From Limb","floor":5},{"not_picked":["Headbutt","Anger"],"picked":"Replay:Undeath\u0027s Touch","floor":8},{"not_picked":["Replay:Undeath\u0027s Touch","hubris:ReadiedAction"],"picked":"Twin Strike","floor":12}],"player_experience":617458,"relics_obtained":[{"floor":8,"key":"Replay:Accelerometer"},{"floor":9,"key":"ReplayTheSpireMod:TigerMarble"}],"event_choices":[{"damage_healed":0,"gold_gain":1,"player_choice":"1","damage_taken":0,"max_hp_gain":0,"max_hp_loss":0,"event_name":"betterStone:BetterStone","floor":2,"gold_loss":0},{"damage_healed":0,"gold_gain":0,"player_choice":"2","damage_taken":0,"max_hp_gain":0,"max_hp_loss":0,"event_name":"betterMatch:BetterMatch","floor":4,"gold_loss":0,"cards_obtained":["betterMatch:UncommonCard"]},{"damage_healed":0,"gold_gain":0,"player_choice":"Grow","damage_taken":0,"max_hp_gain":0,"max_hp_loss":0,"event_name":"Living Wall","floor":10,"gold_loss":0,"cards_upgraded":["Fire Breathing"]},{"damage_healed":0,"gold_gain":0,"player_choice":"Take Wound","damage_taken":0,"relics_obtained":["Golden Idol"],"max_hp_gain":0,"max_hp_loss":0,"event_name":"Golden Idol","floor":11,"gold_loss":0,"cards_obtained":["Injury"]}],"is_beta":false,"boss_relics":[],"items_purged_floors":[],"is_endless":false,"potions_floor_spawned":[3,5],"killed_by":"3 Sentries","ascension_level":6}}