{"host":"5ulchbufvix69gs5","time":1607788385,"event":{"mods":["2.2 Compatiblity","AchievementEnabler","Act Like it!","Aspiration","Bard","BaseMod","Beaked The Cultist","Better Altar","Better Match","Better Note","Better Sensory Stone","Better Skull","Better Third Choice","BetterRewards","CCEM","Colored Map","Conspire","DeckTracker","Downfall","Friendly Minions","GifTheSpireLib","Googly Eyes","Halation","Hallownest","Hermit","Highlight Path","Hubris","Hunter ??","Infinite Spire","Jedi Mod","Jorbs\u0027s Wanderer Trilogy","Mad Scientist","Marisa????????","Mimic Mod","Minty Spire (QoL Compilation)","Permanent Neow","Replay The Spire","Shade Mod","Shop Mod","Spicy Shops","StSLib","Stuff the Spire","The Administrix","The Blackbeard","The Bug Knight","The Construct","The Cursed","The Disciple","The Factory","The Gatherer","The Hierophant","The Jungle","The Mystic","The Necromancer","The Problem Sleuth","The Runesmith","The Servant 0.9.4","The Spell Scribe","The Witch","Unceasing Turn Reminder"],"gold_per_floor":[110,110,110,123,137,137,150,178,178,102,202,222,250,265,265,360,360,377,388,388,407,419,419,447,447,447,461,477,507,31,46,46,141,141,158,190,204,219,232,232,232],"floor_reached":40,"playtime":3863,"items_purged":[],"score":569,"play_id":"6d412245-0294-49b0-88cb-3a9faca048d0","local_time":"20201212165305","is_ascension_mode":false,"campfire_choices":[{"data":"Zap","floor":6.0,"key":"SMITH"},{"data":"Double Energy","floor":15.0,"key":"SMITH"},{"data":"Replay:Fractal Strike","floor":23.0,"key":"SMITH"},{"data":"Sunder","floor":32.0,"key":"SMITH"}],"circlet_count":0,"master_deck":["Strike_B","Strike_B","Strike_B","Defend_B","Defend_B","Defend_B","Defend_B","Dualcast","jedi:forcepull","Sunder+1","Melter+1","Ball Lightning","Buffer+1","Cold Snap","Mirror Shield","Double Energy+1","Self Repair+1","Conserve Battery","Scrape+1","Replay:Fractal Strike+1","jedi:blockon+1","ReplayRNGCard","Slimebound:Split+1","Compile Driver","Core Surge","Gash+1","Go for the Eyes","StuffTheSpire:NuclearReactor","Cold Snap+1","Swift Strike","Sweeping Beam+1","Rip and Tear+1","Beam Cell","Doom and Gloom","Zap+1"],"relics":["Cracked Core","Frozen Egg 2","CCEMRelics:D6","Bird Faced Urn","StuffTheSpire:Mouthbags","aspiration:FutureDiary","Meat on the Bone","Geode","StuffTheSpire:Rhapsscallions","aspiration:FrozenJewel","jedi:fakemustache"],"acts_visited":["Exordium","TheCity","TheBeyond"],"potions_floor_usage":[40],"damage_taken":[{"damage":0.0,"enemies":"conspire:RoseBush","floor":1.0,"turns":3.0},{"damage":0.0,"enemies":"2 Louse","floor":4.0,"turns":1.0},{"damage":0.0,"enemies":"Cultist","floor":5.0,"turns":3.0},{"damage":0.0,"enemies":"Exordium Thugs","floor":7.0,"turns":4.0},{"damage":0.0,"enemies":"Replay:BlueRogue","floor":8.0,"turns":4.0},{"damage":0.0,"enemies":"Looter","floor":12.0,"turns":3.0},{"damage":0.0,"enemies":"Gremlin Nob","floor":13.0,"turns":4.0},{"damage":9.0,"enemies":"Lots of Slimes","floor":14.0,"turns":4.0},{"damage":15.0,"enemies":"Slime Boss","floor":16.0,"turns":12.0},{"damage":40.0,"enemies":"3 Byrds","floor":18.0,"turns":6.0},{"damage":5.0,"enemies":"Shell Parasite","floor":19.0,"turns":6.0},{"damage":11.0,"enemies":"Shelled Parasite and Fungi","floor":21.0,"turns":4.0},{"damage":0.0,"enemies":"conspire:HollyBat","floor":22.0,"turns":9.0},{"damage":28.0,"enemies":"Gremlin Leader","floor":24.0,"turns":8.0},{"damage":16.0,"enemies":"Sentry and Sphere","floor":27.0,"turns":4.0},{"damage":8.0,"enemies":"Snake Plant","floor":28.0,"turns":2.0},{"damage":32.0,"enemies":"Slavers","floor":29.0,"turns":6.0},{"damage":16.0,"enemies":"Centurion and Healer","floor":31.0,"turns":5.0},{"damage":8.0,"enemies":"Collector","floor":33.0,"turns":6.0},{"damage":10.0,"enemies":"Orb Walker","floor":35.0,"turns":3.0},{"damage":41.0,"enemies":"conspire:MimicChest","floor":36.0,"turns":8.0},{"damage":22.0,"enemies":"3 Darklings","floor":37.0,"turns":6.0},{"damage":15.0,"enemies":"Transient","floor":38.0,"turns":5.0},{"damage":30.0,"enemies":"Writhing Mass","floor":39.0,"turns":5.0},{"damage":65,"enemies":"beaked:SuperParasite","floor":40,"turns":8}],"seed_played":"-1671292788232976757","potions_obtained":[{"floor":4.0,"key":"Block Potion"},{"floor":8.0,"key":"CultistPotion"},{"floor":12.0,"key":"EssenceOfDarkness"},{"floor":16.0,"key":"Regen Potion"},{"floor":18.0,"key":"SmokeBomb"},{"floor":22.0,"key":"jedi:wingpotion"},{"floor":27.0,"key":"ColorlessPotion"},{"floor":29.0,"key":"SpeedPotion"},{"floor":33.0,"key":"SkillPotion"}],"is_trial":false,"path_per_floor":["M","?","?","M","M","R","M","E","T","$","?","M","E","M","R","B",null,"M","M","AVR","M","M","R","E","?","T","M","M","E","$","M","R","B",null,"M","?","M","M","M","E"],"character_chosen":"DEFECT","items_purchased":["Mirror Shield","jedi:fakemustache","Go for the Eyes","StuffTheSpire:NuclearReactor","Cold Snap+1","Swift Strike"],"campfire_rested":0,"item_purchase_floors":[10,30,30,30,30,30],"current_hp_per_floor":[75,75,75,75,75,75,75,75,75,75,75,75,75,75,75,70,75,49,58,58,59,71,71,57,57,59,53,53,55,77,77,77,77,77,77,58,56,49,49,0,0],"gold":232,"neow_bonus":"RANDOM_COLORLESS","is_daily":false,"chose_seed":false,"campfire_upgraded":4,"win_rate":0.0,"timestamp":1607788385,"path_taken":["M","?","?","M","M","R","M","E","T","$","?","M","E","M","R","BOSS","M","?","AVR","M","M","R","E","?","T","M","?","E","$","?","R","BOSS","M","?","M","M","M","E"],"items_purchased_type":["Card","Relic","Card","Card","Card","Card"],"build_version":"2020-11-30","purchased_purges":0,"victory":false,"max_hp_per_floor":[75,75,75,75,75,75,75,75,75,75,75,75,75,75,75,75,75,75,75,75,75,75,75,75,75,77,77,77,77,77,77,77,77,77,77,77,77,77,77,77,77],"card_choices":[{"not_picked":["Trip","Replay:BasicMightCard"],"picked":"jedi:forcepull","floor":0.0},{"not_picked":["BasicCrystalCard","Lockon"],"picked":"Sunder","floor":1.0},{"not_picked":["Sweeping Beam","Gash"],"picked":"Ball Lightning","floor":4.0},{"not_picked":["Steam","Melter"],"picked":"Buffer+1","floor":5.0},{"not_picked":["StuffTheSpire:LoadUp","StuffTheSpire:NuclearReactor","jedi:overflow"],"picked":"SKIP","floor":7.0},{"not_picked":["ReplayTheSpireMod:Repulse","Leap"],"picked":"Cold Snap","floor":8.0},{"not_picked":["Rainbow","StuffTheSpire:LoadUp"],"picked":"Double Energy","floor":12.0},{"not_picked":["Ball Lightning","ReplayTheSpireMod:System Scan"],"picked":"Self Repair+1","floor":13.0},{"not_picked":["Ball Lightning","StuffTheSpire:Plugnplay","ReplayTheSpireMod:Repulse"],"picked":"SKIP","floor":14.0},{"not_picked":["jedi:locknload","BasicCrystalCard"],"picked":"Conserve Battery","floor":18.0},{"not_picked":["StuffTheSpire:LoadUp","ReplayTheSpireMod:Repulse"],"picked":"Scrape+1","floor":19.0},{"not_picked":["Ball Lightning","Stack"],"picked":"jedi:blockon+1","floor":21.0},{"not_picked":["Streamline","Aggregate","Scrape"],"picked":"SKIP","floor":22.0},{"not_picked":["jedi:BurstLightning","Force Field"],"picked":"ReplayRNGCard","floor":24.0},{"not_picked":["StuffTheSpire:GlassShard","Leap"],"picked":"Compile Driver","floor":27.0},{"not_picked":["Steam","Turbo"],"picked":"Core Surge","floor":28.0},{"not_picked":["ReplaySort+1","Stack"],"picked":"Gash+1","floor":29.0},{"not_picked":["Stack","Heatsinks+1"],"picked":"Sweeping Beam+1","floor":31.0},{"not_picked":["ReplaySort+1","Auto Shields","Leap"],"picked":"SKIP","floor":35.0},{"not_picked":["Capacitor+1","Stack+1"],"picked":"Rip and Tear+1","floor":37.0},{"not_picked":["Turbo+1","Panic Button+1"],"picked":"Beam Cell","floor":38.0},{"not_picked":["ReplayTheSpireMod:Dual Polarity+1","Turbo"],"picked":"Doom and Gloom","floor":39.0}],"player_experience":184547,"relics_obtained":[{"floor":8.0,"key":"CCEMRelics:D6"},{"floor":9.0,"key":"Bird Faced Urn"},{"floor":13.0,"key":"StuffTheSpire:Mouthbags"},{"floor":24.0,"key":"Geode"},{"floor":26.0,"key":"StuffTheSpire:Rhapsscallions"},{"floor":29.0,"key":"aspiration:FrozenJewel"}],"event_choices":[{"damage_healed":0.0,"max_hp_gain":0.0,"max_hp_loss":0.0,"gold_gain":100.0,"event_name":"Golden Shrine","player_choice":"Pray","floor":11.0,"gold_loss":0.0,"damage_taken":0.0},{"cards_removed":["Buffer"],"damage_healed":0.0,"max_hp_gain":0.0,"max_hp_loss":0.0,"gold_gain":0.0,"event_name":"betterNote:BetterNote","player_choice":"Take \u0026 Give","floor":25.0,"gold_loss":0.0,"damage_taken":0.0,"cards_obtained":["Slimebound:Split"]}],"is_beta":false,"boss_relics":[{"not_picked":["hubris:GrandSneckoEye","FrozenCore"],"picked":"aspiration:FutureDiary"},{"not_picked":["Astrolabe","StuffTheSpire:Kangaroo","aspiration:RitualDagger"]}],"items_purged_floors":[],"is_endless":false,"potions_floor_spawned":[4,8,12,16,18,22,27,29,33,36],"killed_by":"beaked:SuperParasite","ascension_level":0}}