{"host":"ilxricga2547gmyy","time":1607817511,"event":{"mods":["AchievementEnabler","BaseMod","Minty Spire (QoL Compilation)","Quick Restart","StSLib"],"gold_per_floor":[117,132,207,220,220,249,267,298,322,348,250,270,285,312,312,413,413,432,444,460,164,176,176,194,229,229,229,247,273,291,291,291,387,387,399,399,27,27,39,64,64,74,74,102,116,148,148,168,168,168],"floor_reached":51,"playtime":2188,"items_purged":["Shame","Dropkick"],"score":1258,"play_id":"452d22b9-e3b1-44ba-86c7-99b751ec730b","local_time":"20201213005831","is_ascension_mode":true,"campfire_choices":[{"floor":15.0,"key":"REST"},{"floor":23.0,"key":"REST"},{"floor":27.0,"key":"REST"},{"floor":32.0,"key":"REST"},{"floor":41,"key":"REST"},{"floor":49,"key":"REST"}],"circlet_count":0,"master_deck":["Strike_R","Strike_R","Strike_R","Defend_R","Defend_R","Defend_R","Defend_R","Bash","Clothesline","Pommel Strike","Clash","Demon Form","Iron Wave","Iron Wave","Dropkick","Intimidate","Limit Break","Whirlwind","Spot Weakness+1","Flame Barrier","Pommel Strike+1","Uppercut","Reaper","Seeing Red+1","Exhume","CurseOfTheBell","Offering","Limit Break","Shrug It Off+1","Corruption","Shrug It Off","Decay","Havoc","Burning Pact+1","Second Wind+1","Pommel Strike"],"relics":["Cursed Key","Vajra","Pen Nib","Smiling Mask","Lantern","Juzu Bracelet","Empty Cage","Gremlin Horn","Sundial","Eternal Feather","Meat on the Bone","MutagenicStrength","Calling Bell","Bag of Preparation","Kunai","Dead Branch","Spirit Poop","HandDrill","Bottled Lightning","Potion Belt","MealTicket","Gambling Chip"],"acts_visited":["Exordium","TheCity","TheBeyond"],"potions_floor_usage":[44,46,50],"damage_taken":[{"damage":2.0,"enemies":"Jaw Worm","floor":1.0,"turns":4.0},{"damage":2.0,"enemies":"2 Louse","floor":2.0,"turns":2.0},{"damage":0.0,"enemies":"Cultist","floor":4.0,"turns":2.0},{"damage":6.0,"enemies":"Gremlin Nob","floor":6.0,"turns":3.0},{"damage":1.0,"enemies":"Looter","floor":7.0,"turns":2.0},{"damage":15.0,"enemies":"Lagavulin","floor":8.0,"turns":5.0},{"damage":0.0,"enemies":"Gremlin Nob","floor":10.0,"turns":2.0},{"damage":0.0,"enemies":"Lots of Slimes","floor":12.0,"turns":2.0},{"damage":4.0,"enemies":"2 Fungi Beasts","floor":13.0,"turns":2.0},{"damage":3.0,"enemies":"3 Sentries","floor":14.0,"turns":5.0},{"damage":34.0,"enemies":"Hexaghost","floor":16.0,"turns":7.0},{"damage":12.0,"enemies":"Chosen","floor":18.0,"turns":5.0},{"damage":8.0,"enemies":"3 Byrds","floor":19.0,"turns":4.0},{"damage":21.0,"enemies":"Snake Plant","floor":20.0,"turns":3.0},{"damage":20.0,"enemies":"Shelled Parasite and Fungi","floor":22.0,"turns":5.0},{"damage":16.0,"enemies":"Centurion and Healer","floor":24.0,"turns":4.0},{"damage":0.0,"enemies":"Gremlin Leader","floor":25.0,"turns":3.0},{"damage":25.0,"enemies":"Snake Plant","floor":28.0,"turns":3.0},{"damage":0.0,"enemies":"Slavers","floor":29.0,"turns":1.0},{"damage":11.0,"enemies":"Chosen and Byrds","floor":30.0,"turns":6.0},{"damage":79.0,"enemies":"Automaton","floor":33.0,"turns":7.0},{"damage":0.0,"enemies":"Orb Walker","floor":35.0,"turns":1.0},{"damage":34.0,"enemies":"3 Shapes","floor":39.0,"turns":4.0},{"damage":52,"enemies":"Nemesis","floor":40,"turns":7},{"damage":12,"enemies":"Spire Growth","floor":42,"turns":1},{"damage":6,"enemies":"Reptomancer","floor":44,"turns":3},{"damage":21,"enemies":"Writhing Mass","floor":45,"turns":4},{"damage":40,"enemies":"Nemesis","floor":46,"turns":5},{"damage":6,"enemies":"Jaw Worm Horde","floor":48,"turns":1},{"damage":11,"enemies":"Donu and Deca","floor":50,"turns":3}],"seed_played":"4832500384131752937","potions_obtained":[{"floor":2.0,"key":"LiquidMemories"},{"floor":4.0,"key":"SteroidPotion"},{"floor":8.0,"key":"AttackPotion"},{"floor":12.0,"key":"EssenceOfSteel"},{"floor":16.0,"key":"BloodPotion"},{"floor":20.0,"key":"PowerPotion"},{"floor":25.0,"key":"Fire Potion"},{"floor":28.0,"key":"SpeedPotion"},{"floor":29.0,"key":"EssenceOfSteel"},{"floor":30.0,"key":"Fire Potion"},{"floor":33.0,"key":"ElixirPotion"},{"floor":40,"key":"Swift Potion"},{"floor":45,"key":"DistilledChaos"},{"floor":46,"key":"BloodPotion"}],"is_trial":false,"path_per_floor":["M","M","?","M","?","E","M","E","T","E","$","M","M","E","R","B",null,"M","M","M","$","M","R","M","E","T","R","M","E","M","?","R","B",null,"M","?","$","?","M","E","R","M","T","E","M","E","?","M","R","B",null],"character_chosen":"IRONCLAD","items_purchased":["Iron Wave","Gremlin Horn","Offering","Limit Break","HandDrill"],"campfire_rested":6,"item_purchase_floors":[11,21,37,37,37],"current_hp_per_floor":[70,68,68,68,68,62,61,46,46,46,46,46,42,39,63,29,67,55,63,42,42,22,46,30,30,30,66,41,41,42,42,80,39,70,70,70,70,70,56,34,73,61,61,55,50,22,22,37,73,62],"gold":168,"neow_bonus":"BOSS_RELIC","is_daily":false,"chose_seed":false,"campfire_upgraded":0,"win_rate":0.0,"timestamp":1607817511,"path_taken":["M","M","?","M","?","E","M","E","T","E","$","M","M","E","R","BOSS","M","M","M","$","M","R","M","E","T","R","M","E","M","?","R","BOSS","M","?","$","?","M","E","R","M","T","E","M","E","?","M","R","BOSS"],"items_purchased_type":["Card","Relic","Card","Card","Relic"],"build_version":"2020-11-30","purchased_purges":2,"victory":true,"max_hp_per_floor":[80,80,80,80,80,80,80,80,80,80,80,80,80,80,80,80,80,80,80,80,80,80,80,80,80,80,80,80,80,80,80,80,80,80,80,77,77,73,73,73,73,73,73,73,73,73,73,73,73,73],"card_choices":[{"not_picked":["Thunderclap","Heavy Blade"],"picked":"Clothesline","floor":1.0},{"not_picked":["Body Slam","Heavy Blade"],"picked":"Pommel Strike","floor":2.0},{"not_picked":["True Grit","Havoc"],"picked":"Clash","floor":4.0},{"not_picked":["Bloodletting","Thunderclap"],"picked":"Dropkick","floor":6.0},{"not_picked":["Perfected Strike","Sever Soul"],"picked":"Demon Form","floor":7.0},{"not_picked":["Warcry","Disarm"],"picked":"Iron Wave","floor":8.0},{"not_picked":["Clothesline","Juggernaut","Sword Boomerang"],"picked":"SKIP","floor":10.0},{"not_picked":["Warcry","Searing Blow","Clothesline"],"picked":"SKIP","floor":12.0},{"not_picked":["Burning Pact","True Grit"],"picked":"Dropkick","floor":13.0},{"not_picked":["Wild Strike","Twin Strike"],"picked":"Intimidate","floor":14.0},{"not_picked":["Bludgeon","Demon Form"],"picked":"Limit Break","floor":16.0},{"not_picked":["Twin Strike","Havoc"],"picked":"Whirlwind","floor":18.0},{"not_picked":["Fire Breathing","Thunderclap+1"],"picked":"Spot Weakness+1","floor":19.0},{"not_picked":["Cleave","Clash"],"picked":"Flame Barrier","floor":20.0},{"not_picked":["Dual Wield+1","Body Slam"],"picked":"Pommel Strike+1","floor":22.0},{"not_picked":["Sword Boomerang+1","Iron Wave"],"picked":"Uppercut","floor":24.0},{"not_picked":["Dark Embrace","Evolve"],"picked":"Reaper","floor":25.0},{"not_picked":["Havoc+1","Pommel Strike","True Grit"],"picked":"SKIP","floor":28.0},{"not_picked":["Clothesline","Shockwave","Battle Trance"],"picked":"SKIP","floor":29.0},{"not_picked":["Blood for Blood+1","Bloodletting"],"picked":"Seeing Red+1","floor":30.0},{"not_picked":["Corruption","Juggernaut"],"picked":"Exhume","floor":33.0},{"not_picked":["Armaments+1","Sword Boomerang","Rage"],"picked":"SKIP","floor":35.0},{"not_picked":["Disarm","Heavy Blade"],"picked":"Shrug It Off+1","floor":39.0},{"not_picked":["Sword Boomerang","Heavy Blade"],"picked":"Corruption","floor":40},{"not_picked":["Clash+1","Warcry"],"picked":"Shrug It Off","floor":42},{"not_picked":["Uppercut","Reaper"],"picked":"Havoc","floor":44},{"not_picked":["Wild Strike+1","Pommel Strike+1"],"picked":"Burning Pact+1","floor":45},{"not_picked":["Feed","Disarm+1"],"picked":"Second Wind+1","floor":46},{"not_picked":["Flex+1","Combust"],"picked":"Pommel Strike","floor":48}],"player_experience":204014,"relics_obtained":[{"floor":6.0,"key":"Vajra"},{"floor":8.0,"key":"Pen Nib"},{"floor":9.0,"key":"Smiling Mask"},{"floor":10.0,"key":"Lantern"},{"floor":14.0,"key":"Juzu Bracelet"},{"floor":25.0,"key":"Sundial"},{"floor":26.0,"key":"Eternal Feather"},{"floor":29.0,"key":"Meat on the Bone"},{"floor":34.0,"key":"Bag of Preparation"},{"floor":34.0,"key":"Kunai"},{"floor":34.0,"key":"Dead Branch"},{"floor":40,"key":"Bottled Lightning"},{"floor":43,"key":"Potion Belt"},{"floor":44,"key":"MealTicket"},{"floor":46,"key":"Gambling Chip"}],"event_choices":[{"damage_healed":0.0,"max_hp_gain":0.0,"max_hp_loss":0.0,"gold_gain":75.0,"event_name":"Golden Wing","player_choice":"Gained Gold","floor":3.0,"gold_loss":0.0,"damage_taken":0.0},{"damage_healed":0.0,"max_hp_gain":0.0,"max_hp_loss":0.0,"gold_gain":0.0,"event_name":"The Cleric","player_choice":"Leave","floor":5.0,"gold_loss":0.0,"damage_taken":0.0},{"damage_healed":0.0,"max_hp_gain":0.0,"max_hp_loss":0.0,"gold_gain":0.0,"event_name":"Drug Dealer","player_choice":"Inject Mutagens","floor":31.0,"gold_loss":0.0,"damage_taken":0.0,"relics_obtained":["MutagenicStrength"]},{"cards_removed":["Parasite"],"damage_healed":0.0,"max_hp_gain":0.0,"max_hp_loss":0.0,"gold_gain":0.0,"event_name":"Bonfire Elementals","player_choice":"Offered Curse","floor":36.0,"gold_loss":0.0,"damage_taken":0.0,"relics_obtained":["Spirit Poop"]},{"damage_healed":0.0,"max_hp_gain":0.0,"max_hp_loss":4.0,"gold_gain":0.0,"event_name":"Winding Halls","player_choice":"Max HP","floor":38.0,"gold_loss":0.0,"damage_taken":0.0},{"damage_healed":0,"gold_gain":0,"player_choice":"Ignored","damage_taken":0,"max_hp_gain":0,"max_hp_loss":0,"event_name":"SecretPortal","floor":47,"gold_loss":0}],"is_beta":false,"boss_relics":[{"not_picked":["Coffee Dripper","Runic Dome"],"picked":"Empty Cage"},{"not_picked":["Pandora\u0027s Box","Velvet Choker"],"picked":"Calling Bell"}],"items_purged_floors":[11,21],"is_endless":false,"potions_floor_spawned":[2,4,8,12,16,20,25,28,29,30,33,40,45,46],"ascension_level":6}}