{"host":"g53rv5lvqt2dt0d8","time":1607807080,"event":{"mods":["AchievementEnabler","BaseMod","Better Match","BetterRewards","Card Forge","Colored Map","Colored Powertips","Infinite Spire","Minty Spire (QoL Compilation)","Quick Restart","StSLib","Unceasing Turn Reminder"],"gold_per_floor":[110,123,133,146,161,161,176,211,238,238,238,250,262,287,299,430,442,475,427,364,364,364,364,364,364],"floor_reached":24,"playtime":680,"items_purged":["Strike_R+1"],"score":634,"play_id":"f53c81df-402b-4698-bf75-76b9a3b549a8","local_time":"20201212210440","is_ascension_mode":true,"campfire_choices":[{"floor":6,"key":"DIG"},{"floor":11,"key":"DIG"},{"floor":13,"key":"RECALL"},{"floor":15,"key":"DIG"},{"floor":23,"key":"DIG"}],"circlet_count":0,"master_deck":["AscendersBane","Strike_R+1","Strike_R+1","Defend_R+1","Defend_R+1","Bash+1","True Grit+1","Feel No Pain+1","Dark Embrace+1","Sentinel+1","Searing Blow+12","Warcry+1","Sword Boomerang+1","Cleave+1","Warcry+1","Impervious+1","Shrug It Off+1","infinitespire:Punishment+1","Intimidate+1","Demon Form+1","Twin Strike+1"],"relics":["Burning Blood","Hammer of Thor","Seething Fire","Anvil of the Gods","Red Skull","Torii","CaptainsWheel","Brimstone","Shovel","Oddly Smooth Stone","infinitespire:Beetle Shell","Bloody Idol","MawBank","Akabeko","Mark of Pain","Gremlin Horn"],"acts_visited":["Exordium","TheCity"],"potions_floor_usage":[24,24],"damage_taken":[{"damage":15,"enemies":"infinitespire:Voidling","floor":1,"turns":3},{"damage":0,"enemies":"Small Slimes","floor":2,"turns":2},{"damage":0,"enemies":"2 Louse","floor":3,"turns":2},{"damage":1,"enemies":"Blue Slaver","floor":4,"turns":3},{"damage":0,"enemies":"Exordium Thugs","floor":5,"turns":2},{"damage":0,"enemies":"2 Fungi Beasts","floor":7,"turns":2},{"damage":0,"enemies":"Gremlin Nob","floor":8,"turns":1},{"damage":0,"enemies":"Large Slime","floor":14,"turns":1},{"damage":0,"enemies":"The Guardian","floor":16,"turns":4},{"damage":0,"enemies":"Spheric Guardian","floor":18,"turns":1},{"damage":88,"enemies":"Nightmare","floor":24,"turns":6}],"seed_played":"-526738572943700175","potions_obtained":[{"floor":1,"key":"Weak Potion"},{"floor":7,"key":"GamblersBrew"},{"floor":14,"key":"Fire Potion"}],"is_trial":false,"path_per_floor":["M","M","M","M","M","R","M","E","T","?","R","?","R","M","R","B",null,"M","?","$","?","?","R","NM"],"character_chosen":"IRONCLAD","items_purchased":["Red Skull","True Grit","Feel No Pain","Second Wind","Dark Embrace","CaptainsWheel","Sentinel","Brimstone","Shovel","Searing Blow"],"campfire_rested":0,"item_purchase_floors":[0,0,0,0,0,0,0,0,0,0],"current_hp_per_floor":[63,69,75,80,80,80,80,80,80,80,80,80,80,80,80,80,80,80,80,80,80,80,80,0,0],"gold":364,"neow_bonus":"","is_daily":false,"chose_seed":false,"campfire_upgraded":0,"win_rate":0.0,"timestamp":1607807080,"path_taken":["M","M","M","?","?","R","M","E","T","?","R","?","R","M","R","BOSS","M","?","?","?","?","R","NM"],"items_purchased_type":["Relic","Card","Card","Card","Card","Relic","Card","Relic","Relic","Card"],"build_version":"2020-11-30","purchased_purges":1,"victory":false,"max_hp_per_floor":[80,80,80,80,80,80,80,80,80,80,80,80,80,80,80,80,80,80,80,80,80,80,80,80,80],"card_choices":[{"not_picked":["Armaments","Dropkick"],"picked":"Warcry","floor":1},{"not_picked":["Perfected Strike","Havoc"],"picked":"Sword Boomerang","floor":2},{"not_picked":["Pommel Strike","infinitespire:OneForAll"],"picked":"Cleave","floor":3},{"not_picked":["Pommel Strike","Sword Boomerang","Perfected Strike"],"picked":"SKIP","floor":4},{"not_picked":["Fire Breathing","Anger"],"picked":"Warcry","floor":5},{"not_picked":["Iron Wave","Searing Blow"],"picked":"Impervious","floor":7},{"not_picked":["Shockwave","Evolve"],"picked":"Shrug It Off","floor":8},{"not_picked":["infinitespire:Starlight","infinitespire:TheBestDefense"],"picked":"infinitespire:Punishment","floor":12},{"not_picked":["Headbutt","Sword Boomerang"],"picked":"Intimidate","floor":14},{"not_picked":["Impervious","Juggernaut"],"picked":"Demon Form","floor":16},{"not_picked":["Infernal Blade","Flex+1"],"picked":"Twin Strike","floor":18}],"player_experience":478175,"relics_obtained":[{"floor":6,"key":"Oddly Smooth Stone"},{"floor":8,"key":"infinitespire:Beetle Shell"},{"floor":11,"key":"MawBank"},{"floor":15,"key":"Akabeko"},{"floor":23,"key":"Gremlin Horn"}],"event_choices":[{"damage_healed":0,"gold_gain":0,"player_choice":"Take Wound","damage_taken":0,"relics_obtained":["Golden Idol"],"max_hp_gain":0,"max_hp_loss":0,"event_name":"Golden Idol","floor":10,"gold_loss":0,"cards_obtained":["Injury"]},{"cards_removed":["Second Wind"],"damage_healed":0,"gold_gain":0,"player_choice":"Single Remove","damage_taken":0,"max_hp_gain":0,"max_hp_loss":0,"event_name":"Designer","floor":19,"gold_loss":60},{"damage_healed":0,"gold_gain":0,"player_choice":"Ignored","damage_taken":0,"max_hp_gain":0,"max_hp_loss":0,"event_name":"Vampires","floor":21,"gold_loss":0},{"damage_healed":0,"gold_gain":0,"player_choice":"Gave Idol","damage_taken":0,"relics_obtained":["Bloody Idol"],"max_hp_gain":0,"max_hp_loss":0,"event_name":"Forgotten Altar","floor":22,"relics_lost":["Golden Idol"],"gold_loss":0}],"is_beta":false,"boss_relics":[{"not_picked":["Calling Bell","Coffee Dripper"],"picked":"Mark of Pain"}],"items_purged_floors":[20],"is_endless":false,"potions_floor_spawned":[1,7,8,14],"killed_by":"Nightmare","ascension_level":12}}