{"host":"j0a1jfichhxu8b8p","time":1607759266,"event":{"mods":["BaseMod","Colored Map","DeckTracker","Keyboard Shortcuts","Minty Spire (QoL Compilation)","Permanent Neow","everything is the same but u backflip on backflip"],"gold_per_floor":[112,131,131,131,151,182,197,197,197,197,217,233,233,246,246,351,351,369,388,418,418,48,48,48],"floor_reached":23,"playtime":792,"items_purged":[],"score":352,"play_id":"d277584c-903b-4ab3-a3e0-6b6ce3bea72a","local_time":"20201212164746","is_ascension_mode":true,"campfire_choices":[{"data":"Dualcast","floor":8.0,"key":"SMITH"},{"floor":10.0,"key":"REST"},{"data":"Darkness","floor":13.0,"key":"SMITH"},{"data":"Hologram","floor":15.0,"key":"SMITH"}],"circlet_count":0,"master_deck":["Strike_B","Strike_B","Strike_B","Strike_B","Defend_B","Defend_B","Defend_B","Defend_B","Zap+1","Dualcast+1","Ball Lightning","Streamline","Hologram+1","Go for the Eyes","Darkness+1","Turbo","Coolheaded","Echo Form","Heatsinks","Self Repair","Panacea"],"relics":["Cracked Core","Symbiotic Virus","Ornamental Fan","Vajra","Cursed Key","Red Mask","Eternal Feather"],"acts_visited":["Exordium","TheCity"],"potions_floor_usage":[],"damage_taken":[{"damage":0.0,"enemies":"Small Slimes","floor":1.0,"turns":3.0},{"damage":4.0,"enemies":"Jaw Worm","floor":2.0,"turns":3.0},{"damage":0.0,"enemies":"Cultist","floor":5.0,"turns":2.0},{"damage":22.0,"enemies":"Lagavulin","floor":6.0,"turns":5.0},{"damage":19.0,"enemies":"Exordium Thugs","floor":7.0,"turns":4.0},{"damage":0.0,"enemies":"Exordium Wildlife","floor":11.0,"turns":2.0},{"damage":1.0,"enemies":"3 Louse","floor":12.0,"turns":2.0},{"damage":0.0,"enemies":"Blue Slaver","floor":14.0,"turns":2.0},{"damage":0.0,"enemies":"Slime Boss","floor":16.0,"turns":5.0},{"damage":3.0,"enemies":"Shell Parasite","floor":18.0,"turns":5.0},{"damage":7.0,"enemies":"Chosen","floor":19.0,"turns":3.0},{"damage":27.0,"enemies":"Masked Bandits","floor":20.0,"turns":5.0},{"damage":36,"enemies":"Book of Stabbing","floor":23,"turns":4}],"seed_played":"-5207585620877816548","potions_obtained":[{"floor":11.0,"key":"LiquidBronze"},{"floor":12.0,"key":"LiquidMemories"},{"floor":14.0,"key":"BlessingOfTheForge"},{"floor":18.0,"key":"FearPotion"}],"is_trial":false,"path_per_floor":["M","M","?","T","M","E","M","R","T","R","M","M","R","M","R","B",null,"M","M","?","T","$","E"],"character_chosen":"DEFECT","items_purchased":["Eternal Feather","Self Repair","Panacea"],"campfire_rested":1,"item_purchase_floors":[22,22,22],"current_hp_per_floor":[68,64,64,64,64,42,23,23,23,45,45,44,44,44,44,44,67,64,57,30,30,30,0,0],"gold":48,"neow_bonus":"UPGRADE_CARD","is_daily":false,"chose_seed":false,"campfire_upgraded":3,"win_rate":0.0,"timestamp":1607759266,"path_taken":["M","M","?","?","M","E","M","R","T","R","?","M","R","M","R","BOSS","M","M","?","?","$","E"],"items_purchased_type":["Relic","Card","Card"],"build_version":"2020-11-30","purchased_purges":0,"victory":false,"max_hp_per_floor":[75,75,75,75,75,75,75,75,75,75,75,75,75,75,75,75,75,75,75,75,75,75,75,75],"card_choices":[{"not_picked":["Compile Driver","Rebound"],"picked":"Ball Lightning","floor":1.0},{"not_picked":["Fusion","Beam Cell"],"picked":"Streamline","floor":2.0},{"not_picked":["Streamline","Steam Power"],"picked":"Hologram","floor":5.0},{"not_picked":["Rebound","Recycle"],"picked":"Go for the Eyes","floor":6.0},{"not_picked":["Redo","Rebound","Stack"],"picked":"SKIP","floor":7.0},{"not_picked":["Redo","Hologram"],"picked":"Darkness","floor":11.0},{"not_picked":["Reinforced Body","Aggregate"],"picked":"Turbo","floor":12.0},{"not_picked":["Beam Cell","Rainbow"],"picked":"Coolheaded","floor":14.0},{"not_picked":["Machine Learning","Reboot"],"picked":"Echo Form","floor":16.0},{"not_picked":["Hello World","Rebound","Gash"],"picked":"SKIP","floor":18.0},{"not_picked":["Barrage","Go for the Eyes"],"picked":"Heatsinks","floor":19.0}],"player_experience":289643,"relics_obtained":[{"floor":4.0,"key":"Symbiotic Virus"},{"floor":6.0,"key":"Ornamental Fan"},{"floor":9.0,"key":"Vajra"},{"floor":20.0,"key":"Red Mask"}],"event_choices":[{"damage_healed":0.0,"max_hp_gain":0.0,"max_hp_loss":0.0,"gold_gain":0.0,"event_name":"Liars Game","player_choice":"Ignored","floor":3.0,"gold_loss":0.0,"damage_taken":0.0},{"damage_healed":0.0,"max_hp_gain":0.0,"max_hp_loss":0.0,"gold_gain":0.0,"event_name":"Masked Bandits","player_choice":"Fought Bandits","floor":20.0,"gold_loss":0.0,"damage_taken":0.0}],"is_beta":false,"boss_relics":[{"not_picked":["Runic Dome","Snecko Eye"],"picked":"Cursed Key"}],"items_purged_floors":[],"is_endless":false,"potions_floor_spawned":[11,12,14,18],"killed_by":"Book of Stabbing","ascension_level":9}}