{"host":"2psfthmeyefnuu1p","time":1607777125,"event":{"mods":["Aspiration","BaseMod","Challenge The Spire","Conspire","Downfall","GungeonMod","Hermit","Minty Spire (QoL Compilation)","Quick Restart","Replay The Spire","RumiaBox-露米娅的神秘盒子","Spicy Shops","StSLib","The Bladedancer","The Cursed","The Gatherer","The Jungle","The Runesmith","Uncapped","[IsaacMod]以撒尖塔","vexMod","【功能Mod】混沌之环修复补丁","篝火指南"],"gold_per_floor":[114,141,176,193,212,237,251,266,266,299,299,299,313,103,14,167,167,275,376,396,468,468,468,494,494,494,508,519,534,534,598,748,908,908,948,1018,1018,1100,1169,1278,1278,1278,1351,1433,1503,1584,1384,1428,1428,1567,1567,1567,1567,1640,2033],"floor_reached":56,"playtime":5046,"items_purged":["Shame","conspire:SpireCoStock","conspire:SpireCoStock"],"score":1512,"play_id":"14321009-021a-4634-80e1-dcbf91420280","local_time":"20201212204525","is_ascension_mode":true,"campfire_choices":[{"floor":12,"key":"RECALL"}],"circlet_count":0,"master_deck":["TheCursedMod:CursedSpellbook","TheCursedMod:CursedArmor","TheCursedMod:SpitefulPlan","TheCursedMod:LuckyCharm","TheCursedMod:ShockAndAwe+1","TheCursedMod:CircleOfBlood","TheCursedMod:CircleOfFocus","TheCursedMod:CircleOfAmplification","TheCursedMod:VoidForm+1","TheCursedMod:SpitefulStrike","TheCursedMod:OutForBlood","TheCursedMod:CursedBlade","TheCursedMod:SpitefulStrike","TheCursedMod:CircleOfFocus","TheCursedMod:CursedBlade","TheCursedMod:CursedBoomerang","TheCursedMod:CircleOfCorruption","TheCursedMod:CursedAmulet","TheCursedMod:EmpowerCircles","TheCursedMod:CircleOfFlame","TheCursedMod:SoulReap","TheCursedMod:SoulReap","TheCursedMod:CollectTribute","TheCursedMod:CursedBoomerang","Guardian:Aged","TheCursedMod:WearCloak","TheCursedMod:FleshFromBone","TheCursedMod:CursedShiv+1","TheCursedMod:CollectTribute","Writhe","TheCursedMod:SmokeScreen","Master of Strategy+1","TheCursedMod:CircleOfAbyss","TheCursedMod:CircleOfAbyss","TheCursedMod:VoidForm","TheCursedMod:SpitefulStrike","TheCursedMod:Neurasthenia","Parasite","TheCursedMod:Stigma+1","TheCursedMod:HellfireBreathing","TheCursedMod:LuckyCharm+1","TheCursedMod:AbyssShockwave","Injury","TheCursedMod:ManaCirculation+1","TheCursedMod:Hemoplague+1","TheCursedMod:StingEye+1","TheCursedMod:FleshFromBone+1","ReplayTheSpireMod:Uncanny Aura","TheCursedMod:CircleOfCorruption","TheCursedMod:RavingStaff+1","TheCursedMod:OutForBlood","TheCursedMod:CircleOfCorruption+1","TheCursedMod:SpitefulPray+1","DemoMod:Invincible","expansioncontent:GoopSpray","Sadistic Nature","conspire:NecroticWound","TheCursedMod:SpitefulStrike","conspire:SpireCoStock","conspire:SpireCoStock","TheCursedMod:CursedBlade","expansioncontent:QuickStudy","Apotheosis","ReplayUltimateDefense","expansioncontent:YouAreMine","TheCursedMod:DemonSword","Clumsy","TheCursedMod:Evocation+1"],"relics":["TheCursedMod:OminousMark","HushsDoor","SteamSale","NeowsBlessing","Pen Nib","Du-Vu Doll","Onion Ring","DemoMod:ClearGuonStone","MealTicket","SalivaCoin","Membership Card","Cursed Key","Toy Ornithopter","vexMod:CardConverter","aspiration:HiddenCompartment","MagicDraw2","Mango","vexMod:PaidLearning","Vajra","DemoMod:MeatBun","vexMod:BarristanHead","Sling","DemoMod:Orange","SumBook","conspire:DeflatedDodgeball","MagicDraw1","GuppysTail","Replay:Bandana","GodSword7","Oddly Smooth Stone","ReplayTheSpireMod:CursedCoin","Coffee Dripper","DemoMod:MonsterBlood","Orichalcum","conspire:DecoderRing","ClockworkSouvenir","vexMod:ScavengeHelm","Replay:Towering Pillar of Hats","DemoMod:Bottle","Replay:WaspNest","Replay:Multitool","aspiration:HummingbirdHeart","White Beast Statue","Orrery","DemoMod:BigBoy","Guide Book","DemoMod:DecoyRelic","DemoMod:PinkGuonStone","ReplayTheSpireMod:ShopPack","DemoMod:MeltedRock","Replay:Bottled Flurry","DemoMod:BlueGuonStone","Smiling Mask","D6","Blood Vial","vexMod:Spyglass","Boot","Replay:Baseball","Happy Flower","CaptainsWheel","TheBattery","Strange Spoon","Snack Pack","Nunchaku","ReplayFunnel","vexMod:RetaliationKit","Lee\u0027s Waffle","HandDrill","DemoMod:PoisonVial","Chameleon Ring","Anchor","conspire:TreasureMap","DemoMod:WhiteGuonStone","ReplayTheSpireMod:Lightbulb"],"acts_visited":["Exordium","TheCity","TheBeyond","TheEnding"],"potions_floor_usage":[16,16,16,55,55],"damage_taken":[{"damage":0,"enemies":"Cultist","floor":1,"turns":2},{"damage":0,"enemies":"Small Slimes","floor":3,"turns":2},{"damage":0,"enemies":"Small Slimes","floor":4,"turns":2},{"damage":6,"enemies":"Jaw Worm","floor":5,"turns":2},{"damage":15,"enemies":"3 Sentries","floor":6,"turns":4},{"damage":6,"enemies":"2 Fungi Beasts","floor":7,"turns":2},{"damage":13,"enemies":"Red Slaver","floor":8,"turns":4},{"damage":16,"enemies":"Gremlin Nob","floor":10,"turns":4},{"damage":0,"enemies":"Blue Slaver","floor":13,"turns":1},{"damage":32,"enemies":"The Guardian","floor":16,"turns":7},{"damage":9,"enemies":"3 Byrds","floor":18,"turns":3},{"damage":0,"enemies":"Spheric Guardian","floor":20,"turns":1},{"damage":0,"enemies":"Gremlin Leader","floor":24,"turns":5},{"damage":0,"enemies":"Centurion and Healer","floor":27,"turns":3},{"damage":0,"enemies":"Chosen and Byrds","floor":28,"turns":1},{"damage":0,"enemies":"Snecko","floor":29,"turns":1},{"damage":3,"enemies":"Hiden Room Battle","floor":31,"turns":2},{"damage":11,"enemies":"Pondfish","floor":33,"turns":3},{"damage":0,"enemies":"3 Shapes","floor":35,"turns":2},{"damage":0,"enemies":"3 Darklings","floor":36,"turns":3},{"damage":0,"enemies":"conspire:MimicChest","floor":38,"turns":5},{"damage":0,"enemies":"Transient","floor":39,"turns":5},{"damage":0,"enemies":"Giant Head","floor":40,"turns":3},{"damage":0,"enemies":"R_Hoarder","floor":44,"turns":3},{"damage":0,"enemies":"Maw","floor":45,"turns":3},{"damage":0,"enemies":"Nemesis","floor":46,"turns":3},{"damage":0,"enemies":"4 Shapes","floor":48,"turns":1},{"damage":0,"enemies":"Replay:Hell Engine","floor":50,"turns":5},{"damage":0,"enemies":"Shield and Spear","floor":54,"turns":4},{"damage":54,"enemies":"Delirium","floor":55,"turns":14}],"seed_played":"3407624832964962462","potions_obtained":[{"floor":4,"key":"SkillPotion"},{"floor":8,"key":"Weak Potion"},{"floor":13,"key":"SkillPotion"},{"floor":39,"key":"Ancient Potion"}],"is_trial":false,"path_per_floor":["M","T","?","M","M","E","M","M","T","E","?","R","M","$","R","B",null,"M","?","M","?","$","R","E","R","T","M","M","M","?","?","R","B",null,"M","M","$","?","M","E","R","$","T","E","M","E","?","M","R","B",null,"R","$","E","B",null],"character_chosen":"THE_CURSED","items_purchased":["MealTicket","SalivaCoin","TheCursedMod:EmpowerCircles","TheCursedMod:CircleOfFlame","Membership Card","TheCursedMod:SoulReap","vexMod:CardConverter","TheCursedMod:CollectTribute","aspiration:HiddenCompartment","MagicDraw2","Mango","vexMod:PaidLearning","TheCursedMod:SmokeScreen","Master of Strategy","Adrenaline Potion","Fire Potion","Vajra","DemoMod:MeatBun","vexMod:BarristanHead","Sling","TheCursedMod:CircleOfAbyss","TheCursedMod:VoidForm","Weak Potion","SumBook","Replay:Bandana","GodSword7","Oddly Smooth Stone","ReplayTheSpireMod:CursedCoin","DuplicationPotion","FairyPotion","DemoMod:MonsterBlood","Orichalcum","conspire:DecoderRing","ClockworkSouvenir","vexMod:ScavengeHelm","TheCursedMod:FleshFromBone+1","ReplayTheSpireMod:Uncanny Aura","Replay:WaspNest","Replay:Multitool","aspiration:HummingbirdHeart","White Beast Statue","Orrery","DemoMod:BigBoy","Guide Book","DemoMod:DecoyRelic","DemoMod:PinkGuonStone","ReplayTheSpireMod:ShopPack","DemoMod:MeltedRock","Regen Potion","D6","Blood Vial","vexMod:Spyglass","Boot","Replay:Baseball","expansioncontent:QuickStudy","Apotheosis","Happy Flower","CaptainsWheel","TheBattery","Strange Spoon","Snack Pack","Nunchaku","ReplayFunnel","vexMod:RetaliationKit","Lee\u0027s Waffle","HandDrill","DemoMod:PoisonVial","ReplayUltimateDefense","expansioncontent:YouAreMine","TheCursedMod:DemonSword","Chameleon Ring","DemoMod:WeirdEgg","conspire:TreasureMap","DemoMod:WhiteGuonStone"],"campfire_rested":0,"item_purchase_floors":[14,14,14,14,15,15,22,22,22,22,22,22,22,22,22,22,23,23,23,23,23,23,23,25,32,32,32,32,32,34,37,37,37,37,37,37,37,41,41,41,41,41,42,42,42,42,42,42,42,49,49,49,49,49,49,52,52,52,52,52,52,52,53,53,53,53,53,53,53,53,53,53,53,53],"current_hp_per_floor":[75,75,75,75,69,58,56,49,49,37,37,37,39,39,39,35,75,75,75,75,60,97,103,117,119,121,123,125,127,127,129,133,130,131,133,135,146,148,150,152,156,169,171,171,171,173,181,183,185,185,185,187,202,204,168],"gold":2033,"neow_bonus":"THREE_ENEMY_KILL","is_daily":false,"chose_seed":false,"campfire_upgraded":0,"win_rate":0.0,"timestamp":1607777125,"path_taken":["M","?","?","?","M","E","M","M","T","E","?","R","?","$","R","BOSS","M","?","?","?","$","R","E","R","T","M","M","?","?","?","R","BOSS","M","M","$","?","M","E","R","$","T","E","M","E","?","M","R","BOSS","R","$","E","BOSS"],"items_purchased_type":["Relic","Relic","Card","Card","Relic","Card","Relic","Card","Relic","Relic","Relic","Relic","Card","Card","Potion","Potion","Relic","Relic","Relic","Relic","Card","Card","Potion","Relic","Relic","Relic","Relic","Relic","Potion","Potion","Relic","Relic","Relic","Relic","Relic","Card","Card","Relic","Relic","Relic","Relic","Relic","Relic","Relic","Relic","Relic","Relic","Relic","Potion","Relic","Relic","Relic","Relic","Relic","Card","Card","Relic","Relic","Relic","Relic","Relic","Relic","Relic","Relic","Relic","Relic","Relic","Card","Card","Card","Relic","Relic","Relic","Relic"],"build_version":"2020-11-30","purchased_purges":3,"victory":true,"max_hp_per_floor":[75,75,75,75,75,75,75,75,75,75,75,75,75,75,75,75,75,75,75,75,75,97,103,117,119,121,123,125,127,127,129,133,135,131,133,135,146,148,150,152,156,169,171,171,171,173,181,183,185,185,185,187,202,204,204],"card_choices":[{"not_picked":[],"picked":"ChaosCard","floor":0},{"not_picked":["TheCursedMod:AshesToAshes","TheCursedMod:CursedAmulet"],"picked":"TheCursedMod:SpitefulStrike","floor":1},{"not_picked":["TheCursedMod:SpitefulPlan","TheCursedMod:Stigma"],"picked":"TheCursedMod:OutForBlood","floor":3},{"not_picked":["TheCursedMod:Torture","TheCursedMod:FleshFromBone"],"picked":"TheCursedMod:CursedBlade","floor":4},{"not_picked":["TheCursedMod:CircleOfFlame","TheCursedMod:CursedShiv"],"picked":"TheCursedMod:SpitefulStrike","floor":5},{"not_picked":["TheCursedMod:TroublousMinions","TheCursedMod:StingEye"],"picked":"TheCursedMod:CircleOfFocus","floor":6},{"not_picked":["TheCursedMod:Torture","TheCursedMod:CursedStaff"],"picked":"TheCursedMod:CursedBlade","floor":7},{"not_picked":["TheCursedMod:FleshFromBone","TheCursedMod:Wield"],"picked":"TheCursedMod:CursedBoomerang","floor":8},{"not_picked":["TheCursedMod:Wield","TheCursedMod:WearCloak"],"picked":"TheCursedMod:CircleOfCorruption","floor":10},{"not_picked":["TheCursedMod:Obscuration","TheCursedMod:Stigma"],"picked":"TheCursedMod:CursedAmulet","floor":13},{"not_picked":["TheCursedMod:CircleOfAbyss","TheCursedMod:ShockAndAwe"],"picked":"TheCursedMod:CollectTribute","floor":16},{"not_picked":["TheCursedMod:VitalStrike","TheCursedMod:CircleOfFlame"],"picked":"TheCursedMod:CursedBoomerang","floor":18},{"not_picked":["TheCursedMod:TacticalStrike+1","TheCursedMod:CursedShiv"],"picked":"TheCursedMod:WearCloak","floor":19},{"not_picked":["TheCursedMod:DoubleShield","TheCursedMod:PrepareRite+1"],"picked":"TheCursedMod:FleshFromBone","floor":19},{"not_picked":["TheCursedMod:RapidMovement+1","TheCursedMod:BloodBarrier"],"picked":"TheCursedMod:CursedShiv+1","floor":20},{"not_picked":["TheCursedMod:UltimatePain","TheCursedMod:CursedShiv"],"picked":"TheCursedMod:SpitefulStrike","floor":24},{"not_picked":["TheCursedMod:WearCloak+1","TheCursedMod:Torture+1"],"picked":"TheCursedMod:Stigma+1","floor":27},{"not_picked":["TheCursedMod:HellsGateOpen","TheCursedMod:Obscuration+1"],"picked":"TheCursedMod:HellfireBreathing","floor":28},{"not_picked":["TheCursedMod:CircleOfFlame","TheCursedMod:CursedMace"],"picked":"TheCursedMod:LuckyCharm+1","floor":29},{"not_picked":["TheCursedMod:WearCloak","TheCursedMod:BloodBarrier+1"],"picked":"TheCursedMod:AbyssShockwave","floor":31},{"not_picked":["TheCursedMod:StunningStrike","TheCursedMod:VoidForm"],"picked":"TheCursedMod:ManaCirculation","floor":33},{"not_picked":["TheCursedMod:AbyssShockwave","TheCursedMod:Stretching"],"picked":"TheCursedMod:Hemoplague+1","floor":35},{"not_picked":["TheCursedMod:Stigma","TheCursedMod:Wield"],"picked":"TheCursedMod:StingEye+1","floor":36},{"not_picked":["TheCursedMod:CursedSpellbook+1","TheCursedMod:SpreadPlague"],"picked":"TheCursedMod:CircleOfCorruption","floor":38},{"not_picked":["TheCursedMod:FleshFromBone","TheCursedMod:FuryStrike"],"picked":"TheCursedMod:RavingStaff+1","floor":39},{"not_picked":["TheCursedMod:VitalStrike+1","TheCursedMod:CursedArmor"],"picked":"TheCursedMod:OutForBlood","floor":40},{"not_picked":["TheCursedMod:AshesToAshes+1","TheCursedMod:ReleasedStrength"],"picked":"TheCursedMod:CircleOfCorruption+1","floor":41},{"not_picked":["TheCursedMod:CircleOfWindfury+1","TheCursedMod:SpreadPlague"],"picked":"TheCursedMod:SpitefulPray+1","floor":41},{"not_picked":["Magnetism","ReplayTheSpireMod:Brewmster"],"picked":"DemoMod:Invincible","floor":42},{"not_picked":["expansioncontent:SlimeTackle","Flash of Steel"],"picked":"expansioncontent:GoopSpray","floor":42},{"not_picked":["Impatience","expansioncontent:Sear"],"picked":"Sadistic Nature","floor":42},{"not_picked":["TheCursedMod:Obscuration+1","TheCursedMod:RapidMovement+1","TheCursedMod:CursedMace+1"],"picked":"SKIP","floor":44},{"not_picked":["TheCursedMod:WearCloak+1","TheCursedMod:CursedShiv","TheCursedMod:CursedArmor"],"picked":"SKIP","floor":45},{"not_picked":["TheCursedMod:TroublousMinions","TheCursedMod:PrepareRite"],"picked":"TheCursedMod:SpitefulStrike","floor":46},{"not_picked":["TheCursedMod:Mangle+1","TheCursedMod:SpreadPlague"],"picked":"TheCursedMod:CursedBlade","floor":48},{"not_picked":["TheCursedMod:CursedBlade+1","TheCursedMod:DemonicPact"],"picked":"TheCursedMod:Evocation+1","floor":54}],"player_experience":147419,"relics_obtained":[{"floor":3,"key":"Pen Nib"},{"floor":6,"key":"Du-Vu Doll"},{"floor":9,"key":"Onion Ring"},{"floor":10,"key":"DemoMod:ClearGuonStone"},{"floor":19,"key":"Toy Ornithopter"},{"floor":24,"key":"DemoMod:Orange"},{"floor":26,"key":"conspire:DeflatedDodgeball"},{"floor":31,"key":"MagicDraw1"},{"floor":31,"key":"GuppysTail"},{"floor":38,"key":"Replay:Towering Pillar of Hats"},{"floor":40,"key":"DemoMod:Bottle"},{"floor":43,"key":"Replay:Bottled Flurry"},{"floor":44,"key":"DemoMod:BlueGuonStone"},{"floor":46,"key":"Smiling Mask"},{"floor":54,"key":"ReplayTheSpireMod:Lightbulb"}],"event_choices":[{"damage_healed":0,"gold_gain":0,"player_choice":"Agree","damage_taken":0,"max_hp_gain":0,"max_hp_loss":0,"event_name":"conspire:LoneGhost","floor":11,"gold_loss":0},{"damage_healed":0,"gold_gain":0,"player_choice":"Ignored","damage_taken":0,"max_hp_gain":0,"max_hp_loss":0,"event_name":"Ghosts","floor":30,"gold_loss":0},{"damage_healed":0,"gold_gain":0,"player_choice":"Fight","damage_taken":0,"max_hp_gain":0,"max_hp_loss":0,"event_name":"HidenRoomEvent","floor":31,"gold_loss":0},{"damage_healed":0,"gold_gain":0,"player_choice":"Invest 4","damage_taken":0,"max_hp_gain":0,"max_hp_loss":0,"event_name":"conspire:Investor","floor":47,"gold_loss":0}],"is_beta":false,"boss_relics":[{"not_picked":["Calling Bell","Replay:Wanted Poster"],"picked":"Cursed Key"},{"not_picked":[]},{"not_picked":["vexMod:MysteryBossChallenge","Runic Dome"],"picked":"Coffee Dripper"},{"not_picked":[]}],"items_purged_floors":[32,53,53],"is_endless":false,"potions_floor_spawned":[4,8,13,24,27,28,29,33,36,39,44,45,46,48,54],"ascension_level":1}}