{"host":"eav5i5w47nlnv2l1","time":1607788609,"event":{"mods":["BaseMod","Minty Spire (QoL Compilation)"],"gold_per_floor":[110,122,122,47,67,67,80,93,116,143,153,170,201,218,218,218,218],"floor_reached":16,"playtime":1580,"items_purged":["Strike_P"],"score":141,"play_id":"fb06ee2a-f403-4977-aa34-73c2fd6bf109","local_time":"20201212105649","is_ascension_mode":false,"campfire_choices":[{"data":"SashWhip","floor":6,"key":"SMITH"},{"data":"Eruption","floor":15,"key":"SMITH"}],"circlet_count":0,"master_deck":["Strike_P","Defend_P","Defend_P","Defend_P","Defend_P","Eruption+1","Vigilance","Halt","SashWhip+1","Good Instincts","FearNoEvil","EmptyBody","Prostrate","Blasphemy","Perseverance","FearNoEvil","Prostrate"],"relics":["PureWater","Centennial Puzzle","Strawberry","Boot"],"acts_visited":["Exordium"],"potions_floor_usage":[10,16],"damage_taken":[{"damage":0,"enemies":"2 Louse","floor":1,"turns":3},{"damage":0,"enemies":"Cultist","floor":2,"turns":5},{"damage":0,"enemies":"Small Slimes","floor":5,"turns":6},{"damage":2,"enemies":"Blue Slaver","floor":7,"turns":3},{"damage":0,"enemies":"Lots of Slimes","floor":8,"turns":5},{"damage":0,"enemies":"Gremlin Nob","floor":10,"turns":3},{"damage":0,"enemies":"Large Slime","floor":11,"turns":9},{"damage":5,"enemies":"3 Louse","floor":12,"turns":3},{"damage":11,"enemies":"Lagavulin","floor":13,"turns":10},{"damage":4,"enemies":"Lots of Slimes","floor":14,"turns":5},{"damage":73,"enemies":"Slime Boss","floor":16,"turns":9}],"seed_played":"7534006265279033207","potions_obtained":[{"floor":1,"key":"Dexterity Potion"},{"floor":7,"key":"SpeedPotion"},{"floor":13,"key":"FearPotion"},{"floor":14,"key":"StancePotion"}],"is_trial":false,"path_per_floor":["M","M","?","$","M","R","M","M","T","E","M","M","E","M","R","B"],"character_chosen":"WATCHER","items_purchased":[],"campfire_rested":0,"item_purchase_floors":[],"current_hp_per_floor":[65,65,65,65,65,65,63,63,63,70,70,65,54,50,50,0,0],"gold":218,"neow_bonus":"REMOVE_TWO","is_daily":false,"chose_seed":false,"campfire_upgraded":2,"win_rate":0.0,"timestamp":1607788609,"path_taken":["M","M","?","$","M","R","M","M","T","E","M","M","E","M","R","BOSS"],"items_purchased_type":[],"build_version":"2020-11-30","purchased_purges":1,"victory":false,"max_hp_per_floor":[65,65,65,65,65,65,65,65,65,72,72,72,72,72,72,72,72],"card_choices":[{"not_picked":["EmptyFist","Pray"],"picked":"Halt","floor":1},{"not_picked":["Indignation","ThirdEye"],"picked":"SashWhip","floor":2},{"not_picked":["PathToVictory","FlyingSleeves"],"picked":"FearNoEvil","floor":5},{"not_picked":["Collect","CrushJoints"],"picked":"EmptyBody","floor":7},{"not_picked":["CutThroughFate","FollowUp"],"picked":"Prostrate","floor":8},{"not_picked":["Prostrate","Study"],"picked":"Blasphemy","floor":10},{"not_picked":["EmptyFist","Vengeance"],"picked":"Perseverance","floor":11},{"not_picked":["PathToVictory","Vengeance","JustLucky"],"picked":"SKIP","floor":12},{"not_picked":["TalkToTheHand","BattleHymn"],"picked":"FearNoEvil","floor":13},{"not_picked":["CrushJoints","WheelKick"],"picked":"Prostrate","floor":14}],"player_experience":1371889,"relics_obtained":[{"floor":9,"key":"Centennial Puzzle"},{"floor":10,"key":"Strawberry"},{"floor":13,"key":"Boot"}],"event_choices":[{"damage_healed":0,"gold_gain":0,"player_choice":"1 cards matched","damage_taken":0,"max_hp_gain":0,"max_hp_loss":0,"event_name":"Match and Keep!","floor":3,"gold_loss":0,"cards_obtained":["Good Instincts"]}],"is_beta":false,"boss_relics":[],"items_purged_floors":[4],"is_endless":false,"potions_floor_spawned":[1,7,13,14],"killed_by":"Slime Boss","ascension_level":0}}