{"host":"ok3pmhc1fiz31noj","time":1607786843,"event":{"mods":["AchievementEnabler","BaseMod","Colored Map","Minty Spire (QoL Compilation)","Quick Restart","Replay The Spire","StSLib"],"gold_per_floor":[113,188,188,202,127,44,63,88,115,115,115,131,141,141,141,245,245,264,274,291,304,304,304],"floor_reached":22,"playtime":866,"items_purged":["Strike_G"],"score":188,"play_id":"e8ddb73a-132e-47e4-a64e-2bdb5ff7d508","local_time":"20201212232723","is_ascension_mode":false,"campfire_choices":[{"floor":10,"key":"REST"},{"floor":15,"key":"REST"}],"circlet_count":0,"master_deck":["Strike_G","Strike_G","Strike_G","Strike_G","Defend_G","Defend_G","Defend_G+1","Defend_G","Defend_G","Survivor+1","Neutralize","Deadly Poison+1","Regret","Bane+1","Replay:Bag of Tricks","Poisoned Stab","Terror+1"],"relics":["Ring of the Snake","War Paint","Replay:Wax Seal","Happy Flower","Orichalcum","Snake Skull","Painkiller Herb"],"acts_visited":["Exordium","TheCity"],"potions_floor_usage":[8,19,20],"damage_taken":[{"damage":0,"enemies":"2 Louse","floor":1,"turns":3},{"damage":8,"enemies":"Small Slimes","floor":4,"turns":3},{"damage":5,"enemies":"Cultist","floor":7,"turns":4},{"damage":34,"enemies":"Gremlin Nob","floor":8,"turns":6},{"damage":3,"enemies":"Red Slaver","floor":12,"turns":4},{"damage":0,"enemies":"Blue Slaver","floor":13,"turns":4},{"damage":39,"enemies":"Hexaghost","floor":16,"turns":9},{"damage":8,"enemies":"3 Byrds","floor":18,"turns":5},{"damage":12,"enemies":"2 Thieves","floor":19,"turns":4},{"damage":11,"enemies":"Snake Plant","floor":20,"turns":3},{"damage":17,"enemies":"Cultist and Chosen","floor":21,"turns":6},{"damage":0,"enemies":"Sentry and Sphere","floor":22,"turns":1}],"seed_played":"-5301982456399158529","potions_obtained":[{"floor":1,"key":"Swift Potion"},{"floor":7,"key":"SpeedPotion"},{"floor":16,"key":"SteroidPotion"},{"floor":19,"key":"Fruit Juice"},{"floor":20,"key":"ColorlessPotion"}],"is_trial":false,"path_per_floor":["M","?","?","M","$","$","M","E","T","R","?","M","M","?","R","B",null,"?","?","?","?","?"],"character_chosen":"THE_SILENT","items_purchased":["Replay:Wax Seal"],"campfire_rested":2,"item_purchase_floors":[6],"current_hp_per_floor":[70,59,59,51,51,51,46,12,12,33,33,30,30,30,51,12,70,62,55,44,27,27,27],"gold":304,"neow_bonus":"RANDOM_COMMON_RELIC","is_daily":false,"chose_seed":false,"campfire_upgraded":0,"win_rate":0.0,"timestamp":1607786843,"path_taken":["M","?","?","?","?","$","M","E","T","R","?","M","?","?","R","BOSS","?","?","?","?","?"],"items_purchased_type":["Relic"],"build_version":"2020-11-30","purchased_purges":1,"victory":false,"max_hp_per_floor":[70,70,70,70,70,70,70,70,70,70,70,70,70,70,70,70,70,70,75,75,75,75,75],"card_choices":[{"not_picked":["Accuracy","Outmaneuver"],"picked":"Deadly Poison","floor":1},{"not_picked":["Cloak And Dagger","Expertise","Calculated Gamble"],"picked":"SKIP","floor":4},{"not_picked":["Calculated Gamble","ReplayTheSpireMod:Tripwire","Cloak And Dagger"],"picked":"SKIP","floor":7},{"not_picked":["Sucker Punch","Distraction","ReplayTheSpireMod:Shiv Toss"],"picked":"SKIP","floor":8},{"not_picked":["Eviscerate","Footwork","Hidden Blade"],"picked":"SKIP","floor":12},{"not_picked":["Bouncing Flask","Prepared"],"picked":"Bane","floor":13},{"not_picked":["Night Terror","Envenom"],"picked":"Replay:Bag of Tricks","floor":16},{"not_picked":["PiercingWail","Backflip"],"picked":"Poisoned Stab","floor":18},{"not_picked":["Prepared","Hidden Blade","Finisher"],"picked":"SKIP","floor":19},{"not_picked":["Quick Slash+1","Blade Dance"],"picked":"Terror+1","floor":20},{"not_picked":["Deflect","Flying Knee","Phantasmal Killer"],"picked":"SKIP","floor":21}],"player_experience":179852,"relics_obtained":[{"floor":8,"key":"Happy Flower"},{"floor":9,"key":"Orichalcum"}],"event_choices":[{"damage_healed":0,"gold_gain":75,"player_choice":"Gather Gold","damage_taken":11,"max_hp_gain":0,"max_hp_loss":0,"event_name":"World of Goop","floor":2,"gold_loss":0},{"damage_healed":0,"gold_gain":0,"player_choice":"Upgraded","damage_taken":0,"max_hp_gain":0,"max_hp_loss":0,"event_name":"Upgrade Shrine","floor":3,"gold_loss":0,"cards_upgraded":["Deadly Poison"]},{"damage_healed":0,"gold_gain":0,"player_choice":"Box","damage_taken":0,"relics_obtained":["Snake Skull"],"max_hp_gain":0,"max_hp_loss":0,"event_name":"Big Fish","floor":11,"gold_loss":0,"cards_obtained":["Regret"]},{"damage_healed":0,"gold_gain":0,"player_choice":"Forge","damage_taken":0,"max_hp_gain":0,"max_hp_loss":0,"event_name":"Accursed Blacksmith","floor":14,"gold_loss":0,"cards_upgraded":["Bane"]}],"is_beta":false,"boss_relics":[{"not_picked":["Snecko Eye","ReplayTheSpireMod:DimensionalGlitch"],"picked":"Painkiller Herb"}],"items_purged_floors":[5],"is_endless":false,"potions_floor_spawned":[1,7,16,19,20],"killed_by":"Sentry and Sphere","ascension_level":0}}