{"host":"hgkb2zpbo2dcws21","time":1607779949,"event":{"mods":["AchievementEnabler","BaseMod","Colored Map","Colored Powertips","Custom Start","DeckTracker","KOR Keyword Fix","Minty Spire (QoL Compilation)","StSLib","SuperFastMode"],"gold_per_floor":[115,115,126,126,201,201,219,230,302,317,317,336,352,352,352,352,352],"floor_reached":16,"playtime":324,"items_purged":[],"score":188,"play_id":"fdde2e40-81f6-4b15-914b-91b72aecb0d6","local_time":"20201212223229","is_ascension_mode":true,"campfire_choices":[{"floor":6,"key":"REST"},{"data":"Body Slam","floor":11,"key":"SMITH"},{"floor":15,"key":"REST"}],"circlet_count":0,"master_deck":["AscendersBane","Strike_R+1","Strike_R","Strike_R","Strike_R+1","Defend_R","Defend_R","Defend_R","Defend_R","Bash","Second Wind","Power Through","Body Slam+1","Blood for Blood","Disarm","Entrench"],"relics":["Burning Blood","Omamori","Gremlin Horn"],"acts_visited":["Exordium"],"potions_floor_usage":[16,16],"damage_taken":[{"damage":2,"enemies":"Cultist","floor":1,"turns":4},{"damage":12,"enemies":"Jaw Worm","floor":3,"turns":3},{"damage":5,"enemies":"Small Slimes","floor":7,"turns":5},{"damage":15,"enemies":"Exordium Wildlife","floor":8,"turns":5},{"damage":0,"enemies":"2 Fungi Beasts","floor":10,"turns":2},{"damage":14,"enemies":"Exordium Thugs","floor":12,"turns":4},{"damage":17,"enemies":"Large Slime","floor":13,"turns":8},{"damage":30,"enemies":"Slime Boss","floor":16,"turns":7}],"seed_played":"-2965900173815486730","potions_obtained":[{"floor":7,"key":"EssenceOfSteel"},{"floor":8,"key":"Regen Potion"},{"floor":14,"key":"HeartOfIron"}],"is_trial":false,"path_per_floor":["M","?","M","?","?","R","M","M","T","M","R","M","M","?","R","B"],"character_chosen":"IRONCLAD","items_purchased":[],"campfire_rested":2,"item_purchase_floors":[],"current_hp_per_floor":[72,49,43,25,14,36,37,28,28,34,34,26,15,15,37,22,22],"gold":352,"neow_bonus":"REMOVE_CARD","is_daily":false,"chose_seed":false,"campfire_upgraded":1,"win_rate":0.0,"timestamp":1607779949,"path_taken":["M","?","M","?","?","R","?","M","T","M","R","M","M","?","R","BOSS"],"items_purchased_type":[],"build_version":"2020-11-30","purchased_purges":0,"victory":false,"max_hp_per_floor":[75,75,75,75,75,75,75,75,75,75,75,75,75,75,75,75,75],"card_choices":[{"not_picked":["Warcry","Body Slam"],"picked":"Second Wind","floor":1},{"not_picked":["Whirlwind","Body Slam"],"picked":"Power Through","floor":3},{"not_picked":["Perfected Strike","Anger","Spot Weakness"],"picked":"SKIP","floor":7},{"not_picked":["Perfected Strike","Entrench"],"picked":"Body Slam","floor":8},{"not_picked":["Pommel Strike","Twin Strike"],"picked":"Blood for Blood","floor":10},{"not_picked":["Warcry","Second Wind"],"picked":"Disarm","floor":12},{"not_picked":["Perfected Strike","Flex"],"picked":"Entrench","floor":13}],"player_experience":1072337,"relics_obtained":[{"floor":9,"key":"Gremlin Horn"}],"event_choices":[{"damage_healed":0,"gold_gain":0,"player_choice":"Entered Light","damage_taken":23,"max_hp_gain":0,"max_hp_loss":0,"event_name":"Shining Light","floor":2,"gold_loss":0,"cards_upgraded":["Strike_R","Strike_R"]},{"damage_healed":0,"gold_gain":0,"player_choice":"Success","damage_taken":18,"relics_obtained":["Omamori"],"max_hp_gain":0,"max_hp_loss":0,"event_name":"Scrap Ooze","floor":4,"gold_loss":0},{"damage_healed":0,"gold_gain":75,"player_choice":"Gather Gold","damage_taken":11,"max_hp_gain":0,"max_hp_loss":0,"event_name":"World of Goop","floor":5,"gold_loss":0},{"damage_healed":0,"gold_gain":0,"player_choice":"Got Potions","damage_taken":0,"max_hp_gain":0,"max_hp_loss":0,"event_name":"Lab","floor":14,"gold_loss":0}],"is_beta":false,"boss_relics":[],"items_purged_floors":[],"is_endless":false,"potions_floor_spawned":[7,8,10,13],"killed_by":"Slime Boss","ascension_level":20}}