{"host":"vgnj3owxn2tq7mop","time":1607773762,"event":{"mods":["Act Like it!","BaseMod","Colored Map","Downfall","Hallownest","Minty Spire (QoL Compilation)","StSLib","SuperFastMode","The Bug Knight","The Servant 0.9.4"],"gold_per_floor":[112,112,112,112,132,132,132,132,186,221,251,11,11,37,37,112,112,122,122,151,185,22,22,22,34,34,34,34,34,67,76,76,149,149,162,226,143,167,83,83,83,83,83,83,67,67,89,124,124,203,203,203],"floor_reached":51,"playtime":2450,"items_purged":["Infernal Blade"],"score":1379,"play_id":"b3d83307-3915-4c77-abf3-dbc84ee39d44","local_time":"20201212194922","daily_mods":["SealedDeck","Red Cards","Heirloom","Flight","DeadlyEvents","Elite Swarm"],"is_ascension_mode":true,"campfire_choices":[{"data":"HollowMod:HuntersJournal","floor":6,"key":"SMITH"},{"floor":7,"key":"DIG"},{"floor":8,"key":"DIG"},{"floor":13,"key":"DIG"},{"floor":15,"key":"DIG"},{"data":"Spot Weakness","floor":23,"key":"SMITH"},{"floor":24,"key":"REST"},{"floor":27,"key":"DIG"},{"floor":28,"key":"DIG"},{"data":"Pommel Strike","floor":29,"key":"SMITH"},{"floor":32,"key":"REST"},{"floor":40,"key":"RECALL"},{"data":"HollowMod:PaleKingsBlessing","floor":41,"key":"SMITH"},{"data":"Sword Boomerang","floor":42,"key":"SMITH"},{"data":"HollowMod:DoubleDash","floor":44,"key":"SMITH"},{"data":"HollowMod:CycloneSlash","floor":46,"key":"SMITH"},{"data":"HollowMod:CornifersMapStart","floor":49,"key":"SMITH"}],"circlet_count":0,"master_deck":["AscendersBane","Spot Weakness+1","Pommel Strike+1","Disarm","Carnage","HollowMod:DoubleDash+1","HollowMod:CloakDash","HollowMod:HuntersJournal+1","HollowMod:PaleKingsBlessing+1","Feed","Offering","Sword Boomerang+1","HollowMod:CornifersMapStart+1","HollowMod:CycloneSlash+1","Seeing Red","Barricade"],"relics":["HollowMod:VesselMask","Shovel","Hallownest:DreamNailRelic","Bronze Scales","InkBottle","Lizard Tail","MealTicket","Boot","HornCleat","HollowMod:IsmasTear","Turnip","Busted Crown","Red Mask","sneckomod:BlankCard","Letter Opener","Membership Card","Smiling Mask","Akabeko","Lantern","CeramicFish","Sozu","Bird Faced Urn","Bag of Preparation","Omamori","ClockworkSouvenir","Pear","Guardian:PocketSentry"],"acts_visited":["Exordium","Hallownest:Greenpath","Hallownest:CityofTears"],"potions_floor_usage":[10,18,21,21,33,36],"damage_taken":[{"damage":5,"enemies":"Hallownest:monsterHuskGuard","floor":1,"turns":2},{"damage":11,"enemies":"Hallownest:2_Tiktiks_and_1_Crawlid","floor":5,"turns":2},{"damage":32,"enemies":"Hallownest:eliteCrystalGuardian","floor":10,"turns":6},{"damage":22,"enemies":"Hallownest:eliteMossKnight","floor":11,"turns":7},{"damage":16,"enemies":"Hallownest:eliteCrystalGuardian","floor":14,"turns":5},{"damage":25,"enemies":"Hallownest:BossBrokenVessel","floor":16,"turns":6},{"damage":12,"enemies":"Hallownest:2_Mistakes","floor":18,"turns":10},{"damage":24,"enemies":"Hallownest:Nosk","floor":20,"turns":13},{"damage":47,"enemies":"Hallownest:eliteWatcherKnight","floor":21,"turns":12},{"damage":6,"enemies":"Hallownest:Guard_and_Sentry","floor":25,"turns":4},{"damage":22,"enemies":"Hallownest:Nosk","floor":30,"turns":7},{"damage":28,"enemies":"Hallownest:BossMantisLord","floor":33,"turns":4},{"damage":13,"enemies":"Hallownest:3_Siblings","floor":35,"turns":3},{"damage":54,"enemies":"Hallownest:2_Primals","floor":36,"turns":4},{"damage":6,"enemies":"Hallownest:Shield_Heavy","floor":47,"turns":2},{"damage":9,"enemies":"Hallownest:StalkingDevout","floor":48,"turns":3},{"damage":18,"enemies":"Hallownest:Radiance","floor":50,"turns":6},{"damage":79,"enemies":"Hallownest:BossHollowKnight","floor":51,"turns":4}],"seed_played":"-6535094927210965932","potions_obtained":[{"floor":5,"key":"ColorlessPotion"},{"floor":10,"key":"Dexterity Potion"},{"floor":16,"key":"Fire Potion"},{"floor":20,"key":"Regen Potion"},{"floor":30,"key":"LiquidMemories"},{"floor":33,"key":"Dexterity Potion"}],"is_trial":true,"path_per_floor":["M","?","$","?","M","R","R","R","T","E","E","$","R","?","R","B",null,"M","?","E","E","$","R","R","M","T","R","R","R","E","?","R","B",null,"M","?","$","T","$","R","R","R","T","R","$","R","M","E","R","B","B"],"character_chosen":"THE_BUGKNIGHT","items_purchased":["Boot","Membership Card","Bag of Preparation","ClockworkSouvenir","HollowMod:CycloneSlash"],"campfire_rested":2,"item_purchase_floors":[12,22,37,39,45],"current_hp_per_floor":[63,59,59,59,48,48,48,48,48,16,31,46,46,36,36,17,59,53,53,35,9,24,24,48,48,48,48,48,48,32,32,58,33,77,70,32,47,47,62,62,62,62,72,72,87,87,90,87,87,77,0,0],"gold":203,"neow_bonus":"","is_daily":false,"chose_seed":false,"campfire_upgraded":8,"win_rate":0.0,"timestamp":1607773762,"path_taken":["M","?","$","?","?","R","R","R","T","E","?","$","R","?","R","BOSS","M","?","?","?","$","R","R","?","T","R","R","R","?","?","R","BOSS","M","?","$","?","$","R","R","R","T","R","?","R","?","?","R","BOSS","BOSS"],"items_purchased_type":["Relic","Relic","Relic","Relic","Card"],"build_version":"2020-11-30","purchased_purges":1,"victory":false,"max_hp_per_floor":[75,67,67,67,67,67,67,67,67,67,67,67,67,70,70,73,73,76,76,79,82,82,82,82,85,85,85,85,85,88,88,88,91,91,94,97,97,97,97,97,97,97,107,107,107,107,110,110,110,110,110,110],"card_choices":[{"not_picked":["HollowMod:WraithStrike","HollowMod:DashSlash","Perfected Strike"],"picked":"SKIP","floor":1},{"not_picked":["Clothesline","HollowMod:SiblingsShadow","Uppercut"],"picked":"SKIP","floor":5},{"not_picked":["Juggernaut","Fiend Fire"],"picked":"HollowMod:PaleKingsBlessing","floor":10},{"not_picked":["HollowMod:MidwifesHunger","Barricade"],"picked":"Feed","floor":11},{"not_picked":["Exhume","Corruption"],"picked":"Offering","floor":14},{"not_picked":["Havoc"],"picked":"SKIP","floor":18},{"not_picked":["Reaper"],"picked":"SKIP","floor":20},{"not_picked":["Juggernaut"],"picked":"SKIP","floor":21},{"not_picked":["HollowMod:LuriensSpire+1"],"picked":"SKIP","floor":25},{"not_picked":["HollowMod:LordofShades"],"picked":"SKIP","floor":30},{"not_picked":[],"picked":"Sword Boomerang","floor":31},{"not_picked":["HollowMod:InfectedAttack+1"],"picked":"SKIP","floor":35},{"not_picked":[],"picked":"HollowMod:CornifersMapStart","floor":36},{"not_picked":[],"picked":"Seeing Red","floor":47},{"not_picked":[],"picked":"Barricade","floor":48}],"player_experience":1156148,"relics_obtained":[{"floor":7,"key":"Bronze Scales"},{"floor":8,"key":"InkBottle"},{"floor":10,"key":"Lizard Tail"},{"floor":11,"key":"MealTicket"},{"floor":13,"key":"HornCleat"},{"floor":14,"key":"HollowMod:IsmasTear"},{"floor":15,"key":"Turnip"},{"floor":20,"key":"sneckomod:BlankCard"},{"floor":21,"key":"Letter Opener"},{"floor":26,"key":"Smiling Mask"},{"floor":27,"key":"Akabeko"},{"floor":28,"key":"Lantern"},{"floor":30,"key":"CeramicFish"},{"floor":36,"key":"Bird Faced Urn"},{"floor":38,"key":"Omamori"},{"floor":43,"key":"Pear"},{"floor":48,"key":"Guardian:PocketSentry"}],"event_choices":[],"is_beta":false,"boss_relics":[{"not_picked":["Velvet Choker","expansioncontent:StudyCardRelic"],"picked":"Busted Crown"},{"not_picked":["Snecko Eye","SacredBark"],"picked":"Sozu"}],"items_purged_floors":[12],"is_endless":false,"potions_floor_spawned":[5,10,16,20,30,33,36,47],"killed_by":"Hallownest:BossHollowKnight","ascension_level":20}}