{"host":"40ttcv3g5w633xb3","time":1607783042,"event":{"mods":["AchievementEnabler","Act Like it!","Ascension Reborn","Aspiration","BaseMod","Beaked The Cultist","BetterRewards","Challenge The Spire","Clawfect","Colored Map","Colored Powertips","Conspire","Custom Start","Downfall","Elementarium","Emptier Cage","Energized Spire","Gensokyo","GifTheSpireLib","GungeonMod","Halation","Hallownest","Hermit","Highlight Path","Hubris","HumanHunterMod(????mod)","Humility","Infinite Spire","Jedi Mod","KomeijiMod","Marisa????????","Marked Mod","Minty Spire (QoL Compilation)","MostiFishMod","Pale of the Ancients","Permanent Neow","Quarter Circle Forward PUNCH!","Quick Restart","Random Character Button","Rare Cards Sparkle","Relic Stats","Replay The Spire","Shade Mod","Spicy Shops","Spikes Relics","StSLib","Stuff the Spire","The Hierophant","The Jungle","The Necromancer","The Problem Sleuth","TheArtist","Trackpad","Wandering Minibosses","vexMod","yUi"],"gold_per_floor":[116,116,116,134,156,156,172,172,172,172,212,212,212,230,230,230,230],"floor_reached":16,"playtime":733,"items_purged":[],"score":25,"play_id":"9fde4a14-cbb8-4782-9142-afec29ebbf58","local_time":"20201212142402","is_ascension_mode":true,"campfire_choices":[{"data":"MostiFishMod:NightSea","floor":6,"key":"SMITH"},{"data":"DemoMod:WhiteBlade","floor":8,"key":"SMITH"},{"data":"DemoMod:BlackBlade","floor":10,"key":"SMITH"},{"data":"StuffTheSpire:Harmony","floor":15,"key":"SMITH"}],"circlet_count":0,"master_deck":["Bash+1","Flex+1","DemoMod:BlackBlade+1","DemoMod:WhiteBlade+1","StuffTheSpire:Incineration","Sentinel+1","Second Wind+1","Rage+1","Double Tap+1","Pommel Strike","Replay:Bootleg Shield Generator+1","Flex+1","Pain","StuffTheSpire:Harmony+1","hubris:CleavingFinish"],"relics":["DaveBox","DiscerningMonocle","Pandora\u0027s Box","Question Card","StuffTheSpire:Experiment12","aspiration:AnachronicSnailShell","infinitespire:Broken Mirror","hubris:HerbalPaste","StuffTheSpire:Saxophone","Toxic Egg 2","qcfpunch:Wrestler\u0027s_Cloak","DemoMod:Orange","Turnip","DemoMod:GnawedKey","trackpad:ToughGloves","ReplayTheSpireMod:Ninjato","OrangePellets","trackpad:GuardianSpirit","infinitespire:Eraser","WarpedTongs","trackpad:HandOfMidas"],"acts_visited":["Exordium"],"potions_floor_usage":[],"damage_taken":[{"damage":46,"enemies":"Jaw Worm","floor":1,"turns":5},{"damage":0,"enemies":"Cultist","floor":4,"turns":2},{"damage":2,"enemies":"Small Slimes","floor":5,"turns":2},{"damage":1,"enemies":"Looter","floor":7,"turns":2},{"damage":0,"enemies":"Gremlin Nob","floor":11,"turns":2},{"damage":5,"enemies":"Exordium Wildlife","floor":14,"turns":2},{"damage":30,"enemies":"Slime Boss","floor":16,"turns":6}],"seed_played":"-5461151509823672286","potions_obtained":[{"floor":1,"key":"BloodPotion"},{"floor":4,"key":"BlessingOfTheForge"},{"floor":4,"key":"Explosive Potion"},{"floor":7,"key":"Energy Potion"}],"is_trial":false,"path_per_floor":["M","?","$","M","M","R","M","R","T","R","E","$","?","M","R","B"],"character_chosen":"IRONCLAD","items_purchased":["Flex+1","MostiFishMod:NightSea","StuffTheSpire:Experiment12","aspiration:AnachronicSnailShell","infinitespire:Broken Mirror","hubris:HerbalPaste","StuffTheSpire:Saxophone","DemoMod:BlackBlade","Pommel Strike","Replay:Bootleg Shield Generator+1","Flex+1","DemoMod:GnawedKey","trackpad:ToughGloves","ReplayTheSpireMod:Ninjato","OrangePellets","trackpad:GuardianSpirit","infinitespire:Eraser"],"campfire_rested":0,"item_purchase_floors":[3,3,3,3,3,3,3,3,12,12,12,12,12,12,12,12,12],"current_hp_per_floor":[39,46,46,50,52,52,79,79,96,96,97,97,97,97,97,75,75],"gold":230,"neow_bonus":"BOSS_RELIC","is_daily":false,"chose_seed":false,"campfire_upgraded":4,"win_rate":0.0,"timestamp":1607783042,"path_taken":["M","?","$","?","M","R","M","R","T","R","E","$","?","M","R","BOSS"],"items_purchased_type":["Card","Card","Relic","Relic","Relic","Relic","Relic","Card","Card","Card","Card","Relic","Relic","Relic","Relic","Relic","Relic"],"build_version":"2020-11-30","purchased_purges":0,"victory":false,"max_hp_per_floor":[85,85,85,85,85,85,85,85,97,97,97,97,97,97,97,97,97],"relic_stats":{"OrangePellets":[0],"counters":[7,21],"Pandora\u0027s Box":["DemoMod:BlackBlade","jedi:collectorstrike","Berserk","conspire:HitWhereItHurts","Massacre","MostiFishMod:PerfectStrikeMKII","MostiFishMod:Mania","conspire:Purge","Ghostly Armor"],"Turnip":[11],"Question Card":8,"obtain_stats":[{"trackpad:GuardianSpirit":12,"ReplayTheSpireMod:Ninjato":12,"DaveBox":0,"DemoMod:Orange":9,"trackpad:HandOfMidas":14,"DiscerningMonocle":0,"StuffTheSpire:Saxophone":3,"DemoMod:GlassGuonStoneRelic":4,"Question Card":1,"Burning Blood":0,"WarpedTongs":13,"StuffTheSpire:Experiment12":3,"trackpad:ToughGloves":12,"OrangePellets":12,"hubris:HerbalPaste":3,"infinitespire:Broken Mirror":3,"aspiration:AnachronicSnailShell":3,"Pandora\u0027s Box":0,"qcfpunch:Wrestler\u0027s_Cloak":9,"Turnip":11,"DemoMod:GnawedKey":12,"Toxic Egg 2":7,"infinitespire:Eraser":12},{"trackpad:GuardianSpirit":5,"ReplayTheSpireMod:Ninjato":5,"DaveBox":0,"DemoMod:Orange":4,"trackpad:HandOfMidas":6,"DiscerningMonocle":0,"StuffTheSpire:Saxophone":1,"DemoMod:GlassGuonStoneRelic":2,"Question Card":1,"Burning Blood":0,"WarpedTongs":5,"StuffTheSpire:Experiment12":1,"trackpad:ToughGloves":5,"OrangePellets":5,"hubris:HerbalPaste":1,"infinitespire:Broken Mirror":1,"aspiration:AnachronicSnailShell":1,"Pandora\u0027s Box":0,"qcfpunch:Wrestler\u0027s_Cloak":4,"Turnip":5,"DemoMod:GnawedKey":5,"Toxic Egg 2":4,"infinitespire:Eraser":5},{"trackpad:GuardianSpirit":13,"ReplayTheSpireMod:Ninjato":13,"DaveBox":0,"DemoMod:Orange":11,"trackpad:HandOfMidas":15,"DiscerningMonocle":0,"StuffTheSpire:Saxophone":5,"DemoMod:GlassGuonStoneRelic":7,"Question Card":5,"Burning Blood":0,"WarpedTongs":13,"StuffTheSpire:Experiment12":5,"trackpad:ToughGloves":13,"OrangePellets":13,"hubris:HerbalPaste":5,"infinitespire:Broken Mirror":5,"aspiration:AnachronicSnailShell":5,"Pandora\u0027s Box":0,"qcfpunch:Wrestler\u0027s_Cloak":11,"Turnip":13,"DemoMod:GnawedKey":13,"Toxic Egg 2":11,"infinitespire:Eraser":13}],"WarpedTongs":[4]},"card_choices":[{"not_picked":["Perfected Strike","Clothesline+1"],"picked":"Pommel Strike","floor":1},{"not_picked":["StuffTheSpire:Resist","Sever Soul","Heavy Blade+1"],"picked":"StuffTheSpire:Incineration","floor":4},{"not_picked":["ReplayTheSpireMod:Strike From Hell","Thunderclap","Clash"],"picked":"Sentinel+1","floor":5},{"not_picked":["Disarm+1","Battle Trance+1","ReplayTheSpireMod:Muscle Training+1"],"picked":"Second Wind+1","floor":7},{"not_picked":["StuffTheSpire:Resist","Invigoration","Warcry+1"],"picked":"Rage+1","floor":11},{"not_picked":["Sword Boomerang+1","Hemokinesis","Flex+1"],"picked":"Double Tap+1","floor":11},{"not_picked":["StuffTheSpire:RockThrow+1","Havoc+1","Heavy Blade"],"picked":"hubris:CleavingFinish","floor":14}],"player_experience":289737,"relics_obtained":[{"floor":1,"key":"Question Card"},{"floor":7,"key":"Toxic Egg 2"},{"floor":9,"key":"qcfpunch:Wrestler\u0027s_Cloak"},{"floor":9,"key":"DemoMod:Orange"},{"floor":11,"key":"Turnip"},{"floor":14,"key":"trackpad:HandOfMidas"}],"event_choices":[{"cards_removed":["Pommel Strike"],"damage_healed":5,"gold_gain":0,"player_choice":"Offered Common","damage_taken":0,"max_hp_gain":0,"max_hp_loss":0,"event_name":"Bonfire Elementals","floor":2,"gold_loss":0},{"cards_removed":["Pommel Strike"],"damage_healed":5,"gold_gain":0,"player_choice":"Offered Special","damage_taken":0,"max_hp_gain":0,"max_hp_loss":0,"event_name":"Bonfire Elementals","floor":2,"gold_loss":0},{"damage_healed":0,"gold_gain":0,"player_choice":"Rummage","damage_taken":0,"relics_obtained":["WarpedTongs"],"max_hp_gain":0,"max_hp_loss":0,"event_name":"Accursed Blacksmith","floor":13,"gold_loss":0,"cards_obtained":["Pain"]}],"is_beta":false,"boss_relics":[],"items_purged_floors":[],"is_endless":false,"potions_floor_spawned":[4],"killed_by":"Slime Boss","ascension_level":-20}}