{"host":"t0dvtgwziqfh5pc4","time":1607778987,"event":{"mods":["BaseMod","Colored Powertips","Downfall","Googly Eyes","Hermit","Infinite Spire","Lobotomy","Minty Spire (QoL Compilation)","Quick Restart","Replay The Spire","SIMod","Shop Mod","StSLib","The Bug Knight","The Cursed","The Hierophant","The Jungle"],"gold_per_floor":[110,110,110,110,124,124,151,151,151,151,46,65,65,81,81,81,81],"floor_reached":16,"playtime":498,"items_purged":[],"score":196,"play_id":"bb5f6fcc-7e9b-4b34-b7e7-a8686a103084","local_time":"20201212211627","daily_mods":["Heirloom","Flight"],"is_ascension_mode":true,"campfire_choices":[{"data":"Boundary","floor":6,"key":"SMITH"},{"data":"Lasso","floor":8,"key":"SMITH"},{"data":"ConcertedEfforts","floor":10,"key":"SMITH"},{"data":"GemstoneDetection","floor":13,"key":"SMITH"},{"floor":15,"key":"REST"}],"circlet_count":0,"master_deck":["AscendersBane","Strike_AJ","Strike_TS","Strike_RR","Strike_RD","Defend_TS","Defend_PP","Defend_FS","Defend_AJ","ConcertedEfforts+1","HarmonyShield","Lasso+1","Harmanyblast","Boundary+1","BeautySensation","GemstoneDetection+1","AppleFeast","Batlization","ReinventMyself"],"relics":["The_element_of_harmony","Unceasing Top","CogitoBucket","Turnip","Gremlin Horn"],"acts_visited":["Exordium"],"potions_floor_usage":[7,14],"damage_taken":[{"damage":10,"enemies":"Small Slimes","floor":1,"turns":5},{"damage":6,"enemies":"Cultist","floor":5,"turns":3},{"damage":18,"enemies":"Gremlin Nob","floor":7,"turns":4},{"damage":7,"enemies":"Jaw Worm","floor":12,"turns":3},{"damage":7,"enemies":"Blue Slaver","floor":14,"turns":5},{"damage":57,"enemies":"Slime Boss","floor":16,"turns":8}],"seed_played":"5404202922382418609","potions_obtained":[{"floor":1,"key":"Energy Potion"},{"floor":4,"key":"Dexterity Potion"},{"floor":5,"key":"Fire Potion"}],"is_trial":true,"path_per_floor":["M","WH","WH","?","M","R","E","R","T","R","$","M","R","M","R","B"],"character_chosen":"TWI_CLASS","items_purchased":["GemstoneDetection","AppleFeast"],"campfire_rested":1,"item_purchase_floors":[11,11],"current_hp_per_floor":[59,59,59,59,53,53,35,35,35,35,35,28,28,21,44,0,0],"gold":81,"neow_bonus":"ONE_RANDOM_RARE_CARD","is_daily":false,"chose_seed":false,"campfire_upgraded":4,"win_rate":0.0,"timestamp":1607778987,"path_taken":["M","WH","WH","?","M","R","E","R","T","R","$","M","R","?","R","BOSS"],"items_purchased_type":["Card","Card"],"build_version":"2020-11-30","purchased_purges":0,"victory":false,"max_hp_per_floor":[77,77,77,77,77,77,77,77,77,77,77,77,77,77,77,77,77],"card_choices":[{"not_picked":["TwentyPercentcooler"],"picked":"Lasso","floor":1},{"not_picked":["Return_To_Past","Honesty"],"picked":"SKIP","floor":1},{"not_picked":["FarmExpert"],"picked":"Boundary","floor":5},{"not_picked":["Boundary","Celebrities"],"picked":"SKIP","floor":5},{"not_picked":["Boundary","Celebrities"],"picked":"SKIP","floor":5},{"not_picked":["TwentyPercentcooler"],"picked":"BeautySensation","floor":7},{"not_picked":["CheerUp","RushToSky"],"picked":"SKIP","floor":7},{"not_picked":["Tornado"],"picked":"Batlization","floor":12},{"not_picked":["ServeMeal"],"picked":"ReinventMyself","floor":12},{"not_picked":["Lasso","RashStunts"],"picked":"SKIP","floor":14},{"not_picked":["Louder","ServeMeal"],"picked":"SKIP","floor":14}],"player_experience":99359,"relics_obtained":[{"floor":7,"key":"Turnip"},{"floor":9,"key":"Gremlin Horn"}],"event_choices":[{"damage_healed":0,"gold_gain":0,"player_choice":"Got Potions","damage_taken":0,"max_hp_gain":0,"max_hp_loss":0,"event_name":"Lab","floor":4,"gold_loss":0}],"is_beta":false,"boss_relics":[],"items_purged_floors":[],"is_endless":false,"potions_floor_spawned":[1,5],"killed_by":"Slime Boss","ascension_level":20}}