{"host":"6fbjdsiu9jij34p7","time":1607780865,"event":{"mods":["2.2 Compatiblity","AchievementEnabler","BaseMod","Colored Map","DeckTracker","Highlight Path","Keyboard Shortcuts","Minty Spire (QoL Compilation)","Permanent Neow","Quick Restart","StSLib","SuperFastMode"],"gold_per_floor":[109,34,84,101,25,50,68,82,108,108,23,53,53,63,63,134,134,74,74,74,74,87,87,87,87,87],"floor_reached":25,"playtime":580,"items_purged":[],"score":400,"play_id":"c0aa0381-4716-4faa-b492-596629320d77","local_time":"20201212224745","is_ascension_mode":true,"campfire_choices":[{"floor":15.0,"key":"REST"},{"floor":23,"key":"REST"}],"circlet_count":0,"master_deck":["AscendersBane","Strike_B","Strike_B","Strike_B","Defend_B","Defend_B","Defend_B","Defend_B","Zap","Dualcast","Compile Driver","Glacier","Sweeping Beam+1","Self Repair","Defragment","Blizzard","Barrage"],"relics":["Cracked Core","NeowsBlessing","Omamori","Oddly Smooth Stone","Regal Pillow","Inserter","MutagenicStrength","Frozen Egg 2"],"acts_visited":["Exordium","TheCity"],"potions_floor_usage":[],"damage_taken":[{"damage":0.0,"enemies":"2 Louse","floor":1.0,"turns":1.0},{"damage":0.0,"enemies":"Small Slimes","floor":4.0,"turns":1.0},{"damage":0.0,"enemies":"Lagavulin","floor":6.0,"turns":1.0},{"damage":0.0,"enemies":"Cultist","floor":7.0,"turns":4.0},{"damage":11.0,"enemies":"2 Fungi Beasts","floor":8.0,"turns":3.0},{"damage":10.0,"enemies":"Exordium Thugs","floor":14.0,"turns":3.0},{"damage":82.0,"enemies":"The Guardian","floor":16.0,"turns":22.0},{"damage":20,"enemies":"2 Thieves","floor":18,"turns":4},{"damage":13,"enemies":"Spheric Guardian","floor":22,"turns":8},{"damage":65,"enemies":"Cultist and Chosen","floor":25,"turns":8}],"seed_played":"1339847547011868256","potions_obtained":[{"floor":4.0,"key":"FairyPotion"},{"floor":7.0,"key":"Explosive Potion"},{"floor":14.0,"key":"BlessingOfTheForge"}],"is_trial":false,"path_per_floor":["M","?","?","M","$","E","M","M","T","?","$","?","?","M","R","B",null,"M","?","?","?","M","R","T","M"],"character_chosen":"DEFECT","items_purchased":["Glacier","Defragment"],"campfire_rested":2,"item_purchase_floors":[5,11],"current_hp_per_floor":[64,64,57,57,57,57,57,46,46,46,46,46,46,43,71,18,58,45,45,45,25,19,56,56,0,0],"gold":87,"neow_bonus":"THREE_ENEMY_KILL","is_daily":false,"chose_seed":false,"campfire_upgraded":0,"win_rate":0.0,"timestamp":1607780865,"path_taken":["M","?","?","M","$","E","?","M","T","?","?","?","?","M","R","BOSS","M","?","?","?","M","R","?","M"],"items_purchased_type":["Card","Card"],"build_version":"2020-11-30","purchased_purges":0,"victory":false,"max_hp_per_floor":[71,71,71,71,71,71,71,71,71,71,71,71,71,71,71,71,71,71,71,71,76,76,76,76,76,76],"card_choices":[{"not_picked":["Stack","Turbo"],"picked":"Compile Driver","floor":1.0},{"not_picked":["Conserve Battery","Turbo","Loop"],"picked":"SKIP","floor":4.0},{"not_picked":["Loop","Recycle","Steam"],"picked":"SKIP","floor":6.0},{"not_picked":["Coolheaded","FTL"],"picked":"Sweeping Beam","floor":7.0},{"not_picked":["Redo","Hologram"],"picked":"Self Repair","floor":8.0},{"not_picked":["Genetic Algorithm","Leap","Thunder Strike"],"picked":"SKIP","floor":14.0},{"not_picked":["Steam","Loop"],"picked":"Blizzard","floor":18},{"not_picked":["Streamline","Redo"],"picked":"Barrage","floor":22}],"player_experience":225108,"relics_obtained":[{"floor":6.0,"key":"Omamori"},{"floor":9.0,"key":"Oddly Smooth Stone"},{"floor":24,"key":"Frozen Egg 2"}],"event_choices":[{"cards_removed":["Strike_B"],"damage_healed":0.0,"max_hp_gain":0.0,"max_hp_loss":0.0,"gold_gain":0.0,"event_name":"The Cleric","player_choice":"Card Removal","floor":2.0,"gold_loss":75.0,"damage_taken":0.0},{"damage_healed":0.0,"max_hp_gain":0.0,"max_hp_loss":0.0,"gold_gain":50.0,"event_name":"FaceTrader","player_choice":"Touch","floor":3.0,"gold_loss":0.0,"damage_taken":7.0},{"damage_healed":0.0,"max_hp_gain":0.0,"max_hp_loss":0.0,"gold_gain":0.0,"event_name":"Living Wall","player_choice":"Grow","floor":10.0,"gold_loss":0.0,"damage_taken":0.0,"cards_upgraded":["Sweeping Beam"]},{"damage_healed":0.0,"max_hp_gain":0.0,"max_hp_loss":0.0,"gold_gain":30.0,"event_name":"Dead Adventurer","player_choice":"Searched \u00271\u0027 times","floor":12.0,"gold_loss":0.0,"damage_taken":0.0},{"damage_healed":0.0,"max_hp_gain":0.0,"max_hp_loss":0.0,"gold_gain":0.0,"event_name":"Big Fish","player_choice":"Box","floor":13.0,"gold_loss":0.0,"damage_taken":0.0,"relics_obtained":["Regal Pillow"],"cards_obtained":["Regret"]},{"damage_healed":0,"gold_gain":0,"player_choice":"Inject Mutagens","damage_taken":0,"relics_obtained":["MutagenicStrength"],"max_hp_gain":0,"max_hp_loss":0,"event_name":"Drug Dealer","floor":19,"gold_loss":0},{"damage_healed":0,"gold_gain":0,"player_choice":"Ignored","damage_taken":0,"max_hp_gain":0,"max_hp_loss":0,"event_name":"Ghosts","floor":20,"gold_loss":0},{"damage_healed":0,"gold_gain":0,"player_choice":"Shed Blood","damage_taken":25,"max_hp_gain":5,"max_hp_loss":0,"event_name":"Forgotten Altar","floor":21,"gold_loss":0}],"is_beta":false,"boss_relics":[{"not_picked":["Cursed Key","Runic Dome"],"picked":"Inserter"}],"items_purged_floors":[],"is_endless":false,"potions_floor_spawned":[4,7,14],"killed_by":"Cultist and Chosen","ascension_level":16}}