{"host":"0tiuc76yumknr6qf","time":1607756490,"event":{"mods":["BaseMod","Hermit","Minty Spire (QoL Compilation)","StSLib"],"gold_per_floor":[218,218,232,9,23,23,41,58,58,58,58,89,107,29,29,128,128,145,157,190,190,202,232,232,246,269,269,279,85,85,117,117,213,213,226,226,78,90,107,107,122,153,178,178,178,453,30,42,42,42],"floor_reached":51,"playtime":6934,"items_purged":[],"score":717,"play_id":"c0bb455a-bda4-465c-8cc2-415c8eb32647","local_time":"20201212010130","is_ascension_mode":false,"campfire_choices":[{"data":"hermit:HeroicBravado","floor":6,"key":"SMITH"},{"data":"hermit:CalledShot","floor":11,"key":"SMITH"},{"data":"hermit:Adapt","floor":15,"key":"SMITH"},{"data":"hermit:FatalDesire","floor":24,"key":"SMITH"},{"data":"hermit:Maintenance","floor":27,"key":"SMITH"},{"floor":32,"key":"REST"},{"data":"Apotheosis","floor":40,"key":"SMITH"},{"data":"Secret Weapon","floor":49,"key":"SMITH"}],"circlet_count":0,"master_deck":["hermit:Strike_Hermit+1","hermit:Strike_Hermit","hermit:Strike_Hermit+1","hermit:Defend_Hermit","hermit:Defend_Hermit","hermit:Defend_Hermit","hermit:Defend_Hermit","hermit:Snapshot+1","hermit:Covet","hermit:Misfire","hermit:LowProfile","hermit:HeroicBravado+1","hermit:Spite","hermit:CalledShot+1","hermit:Quickdraw","hermit:Adapt+1","hermit:ShadowCloak","hermit:Gambit","hermit:BodyArmor+1","hermit:FatalDesire+1","hermit:Midnight","hermit:ShadowCloak","hermit:Maintenance+1","hermit:OverwhelmingPower","Necronomicurse","hermit:Dive+1","hermit:FromBeyond","Apotheosis+1","Doubt","Regret","Flash of Steel","hermit:Roulette","Secret Weapon+1","Finesse","hermit:Gestalt+1"],"relics":["hermit:Momento","Bag of Preparation","Potion Belt","MealTicket","Runic Pyramid","Red Mask","The Courier","Oddly Smooth Stone","Kunai","Necronomicon","Mercury Hourglass","Sozu","Art of War","Akabeko","Membership Card","Boot","Sundial"],"acts_visited":["Exordium","TheCity","TheBeyond"],"potions_floor_usage":[16,16,16,31,35,50],"damage_taken":[{"damage":2,"enemies":"Small Slimes","floor":1,"turns":2},{"damage":3,"enemies":"2 Louse","floor":3,"turns":2},{"damage":0,"enemies":"Cultist","floor":5,"turns":3},{"damage":0,"enemies":"3 Louse","floor":7,"turns":3},{"damage":5,"enemies":"Large Slime","floor":8,"turns":5},{"damage":16,"enemies":"3 Sentries","floor":12,"turns":7},{"damage":1,"enemies":"Gremlin Gang","floor":13,"turns":4},{"damage":1,"enemies":"Slime Boss","floor":16,"turns":10},{"damage":0,"enemies":"3 Byrds","floor":18,"turns":5},{"damage":7,"enemies":"2 Thieves","floor":19,"turns":4},{"damage":27,"enemies":"Masked Bandits","floor":20,"turns":6},{"damage":0,"enemies":"Shelled Parasite and Fungi","floor":22,"turns":7},{"damage":1,"enemies":"Gremlin Leader","floor":23,"turns":8},{"damage":4,"enemies":"Snake Plant","floor":25,"turns":7},{"damage":0,"enemies":"Cultist and Chosen","floor":28,"turns":9},{"damage":29,"enemies":"Slavers","floor":31,"turns":13},{"damage":24,"enemies":"Automaton","floor":33,"turns":17},{"damage":1,"enemies":"3 Darklings","floor":35,"turns":5},{"damage":6,"enemies":"3 Shapes","floor":38,"turns":4},{"damage":0,"enemies":"3 Darklings","floor":39,"turns":8},{"damage":32,"enemies":"Jaw Worm Horde","floor":41,"turns":7},{"damage":18,"enemies":"Reptomancer","floor":42,"turns":11},{"damage":2,"enemies":"Spire Growth","floor":48,"turns":5},{"damage":23,"enemies":"Donu and Deca","floor":50,"turns":9}],"seed_played":"8603476126414075179","potions_obtained":[{"floor":3,"key":"GamblersBrew"},{"floor":5,"key":"Explosive Potion"},{"floor":12,"key":"Strength Potion"},{"floor":13,"key":"SteroidPotion"},{"floor":16,"key":"hermit:BlackBile"},{"floor":20,"key":"Swift Potion"},{"floor":21,"key":"Regen Potion"},{"floor":21,"key":"Weak Potion"},{"floor":31,"key":"LiquidMemories"}],"is_trial":false,"path_per_floor":["M","?","M","$","M","R","M","M","T","?","R","E","M","$","R","B",null,"M","M","?","?","M","E","R","M","T","R","M","$","?","E","R","B",null,"M","?","$","M","M","R","M","E","T","?","T","?","$","M","R","B",null],"character_chosen":"HERMIT","items_purchased":["hermit:HeroicBravado","Bag of Preparation","hermit:ShadowCloak","Kunai","Apotheosis","Membership Card","Flash of Steel","hermit:Roulette","Secret Weapon","Finesse","Boot","Sundial"],"campfire_rested":1,"item_purchase_floors":[4,4,14,29,37,47,47,47,47,47,47,47],"current_hp_per_floor":[73,73,70,70,70,70,70,65,65,50,50,34,33,48,48,47,75,75,68,41,41,41,40,40,36,36,36,36,51,35,21,43,19,75,74,74,75,69,69,69,37,19,19,75,75,75,75,73,73,50],"gold":42,"neow_bonus":"HUNDRED_GOLD","is_daily":false,"chose_seed":false,"campfire_upgraded":7,"win_rate":0.0,"timestamp":1607756490,"path_taken":["M","?","M","$","M","R","M","M","T","?","R","E","M","$","R","BOSS","M","M","?","?","M","E","R","M","T","R","?","$","?","E","R","BOSS","M","?","$","M","?","R","M","E","T","?","?","?","$","M","R","BOSS"],"items_purchased_type":["Card","Relic","Card","Relic","Card","Relic","Card","Card","Card","Card","Relic","Relic"],"build_version":"2020-11-30","purchased_purges":0,"victory":true,"max_hp_per_floor":[75,75,75,75,75,75,75,75,75,75,75,75,75,75,75,75,75,75,75,75,75,75,75,75,75,75,75,75,75,75,75,75,75,75,75,75,75,75,75,75,75,75,75,75,75,75,75,75,75,75],"card_choices":[{"not_picked":["hermit:Quickdraw","hermit:Glare"],"picked":"hermit:Misfire","floor":1},{"not_picked":["hermit:HighCaliber","hermit:Desperado"],"picked":"hermit:LowProfile","floor":3},{"not_picked":["hermit:LowProfile","hermit:Quickdraw"],"picked":"hermit:Spite","floor":5},{"not_picked":["hermit:TrackingShot","hermit:SprayPray","hermit:CalledShot"],"picked":"SKIP","floor":7},{"not_picked":["hermit:BodyArmor","hermit:Malice"],"picked":"hermit:CalledShot","floor":8},{"not_picked":["hermit:Showdown","hermit:HighCaliber"],"picked":"hermit:Quickdraw","floor":12},{"not_picked":["hermit:Misfire","hermit:Shortfuse"],"picked":"hermit:Adapt","floor":13},{"not_picked":["hermit:Magnum","hermit:Purgatory"],"picked":"hermit:Gambit","floor":16},{"not_picked":["hermit:Misfire","hermit:Manifest"],"picked":"hermit:BodyArmor+1","floor":18},{"not_picked":["hermit:Feint+1","hermit:Scavenge"],"picked":"hermit:FatalDesire","floor":19},{"not_picked":["hermit:Vantage","hermit:Feint"],"picked":"hermit:Midnight","floor":20},{"not_picked":["hermit:Coalescence+1","hermit:Midnight"],"picked":"hermit:ShadowCloak","floor":22},{"not_picked":["hermit:TrackingShot+1","hermit:Horror","hermit:Vantage"],"picked":"SKIP","floor":23},{"not_picked":["hermit:TrackingShot+1","hermit:ItchyTrigger"],"picked":"hermit:Maintenance","floor":25},{"not_picked":["hermit:Horror+1","hermit:Grudge+1"],"picked":"hermit:OverwhelmingPower","floor":28},{"not_picked":["hermit:Combo","hermit:Coalescence"],"picked":"hermit:Dive+1","floor":31},{"not_picked":["hermit:Dissolve","hermit:FatalDesire"],"picked":"hermit:FromBeyond","floor":33},{"not_picked":["hermit:HoleUp+1","hermit:Manifest","hermit:LuckOfTheDraw"],"picked":"SKIP","floor":35},{"not_picked":["hermit:DeadMansHand","hermit:LowProfile","hermit:BodyArmor"],"picked":"SKIP","floor":38},{"not_picked":["hermit:FullyLoaded+1","hermit:LoneWolf+1","hermit:EyeOfTheStorm+1"],"picked":"SKIP","floor":39},{"not_picked":["hermit:Manifest+1","hermit:Quickdraw","hermit:Vantage+1"],"picked":"SKIP","floor":41},{"not_picked":["hermit:Quickdraw+1","hermit:Maintenance","hermit:Feint+1"],"picked":"SKIP","floor":42},{"not_picked":["hermit:CalledShot","hermit:LowProfile+1"],"picked":"hermit:Gestalt+1","floor":48}],"player_experience":1806004,"relics_obtained":[{"floor":9,"key":"Potion Belt"},{"floor":12,"key":"MealTicket"},{"floor":20,"key":"Red Mask"},{"floor":23,"key":"The Courier"},{"floor":26,"key":"Oddly Smooth Stone"},{"floor":30,"key":"Necronomicon"},{"floor":31,"key":"Mercury Hourglass"},{"floor":42,"key":"Art of War"},{"floor":43,"key":"Akabeko"}],"event_choices":[{"damage_healed":0,"gold_gain":0,"player_choice":"Grow","damage_taken":0,"max_hp_gain":0,"max_hp_loss":0,"event_name":"Living Wall","floor":2,"gold_loss":0,"cards_upgraded":["hermit:Snapshot"]},{"damage_healed":0,"gold_gain":0,"player_choice":"Entered Light","damage_taken":15,"max_hp_gain":0,"max_hp_loss":0,"event_name":"Shining Light","floor":10,"gold_loss":0,"cards_upgraded":["hermit:Strike_Hermit","hermit:Strike_Hermit"]},{"damage_healed":0,"gold_gain":0,"player_choice":"Fought Bandits","damage_taken":0,"max_hp_gain":0,"max_hp_loss":0,"event_name":"Masked Bandits","floor":20,"gold_loss":0},{"damage_healed":0,"gold_gain":0,"player_choice":"Got Potions","damage_taken":0,"max_hp_gain":0,"max_hp_loss":0,"event_name":"Lab","floor":21,"gold_loss":0},{"damage_healed":0,"gold_gain":0,"player_choice":"Obtained Book","damage_taken":16,"max_hp_gain":0,"max_hp_loss":0,"event_name":"Cursed Tome","floor":30,"gold_loss":0},{"cards_removed":["hermit:Strike_Hermit"],"damage_healed":0,"gold_gain":0,"player_choice":"Purged","damage_taken":0,"max_hp_gain":0,"max_hp_loss":0,"event_name":"Purifier","floor":36,"gold_loss":0},{"damage_healed":56,"gold_gain":0,"player_choice":"Heal","damage_taken":0,"max_hp_gain":0,"max_hp_loss":0,"event_name":"MindBloom","floor":44,"gold_loss":0,"cards_obtained":["Doubt"]},{"damage_healed":0,"gold_gain":275,"player_choice":"Desecrate","damage_taken":0,"max_hp_gain":0,"max_hp_loss":0,"event_name":"Golden Shrine","floor":46,"gold_loss":0,"cards_obtained":["Regret"]}],"is_beta":false,"boss_relics":[{"not_picked":["Snecko Eye","Fusion Hammer"],"picked":"Runic Pyramid"},{"not_picked":["Runic Dome","Empty Cage"],"picked":"Sozu"}],"items_purged_floors":[],"is_endless":false,"potions_floor_spawned":[3,5,12,13,16,20,22,28,31,35,39,42],"ascension_level":0}}