{"host":"mkv3lj8gfkr85ioo","time":1607732951,"event":{"mods":["AchievementEnabler","BaseMod","Colored Map","Minty Spire (QoL Compilation)","SuperFastMode"],"gold_per_floor":[113,113,113,36,36,72,72,112,112,148,148,148,2,42,42,141,141,155,180,200,79,104,143,156,63,86,86,101,119,119,160,160,253,253,268,97,122,143,209,209,542,562,635,650,650,650,650,0,0,0],"floor_reached":51,"playtime":1910,"items_purged":["Strike_R","Apotheosis+1"],"score":1538,"play_id":"3e0038f3-406c-4583-a235-33a487f38ba6","local_time":"20201212092910","is_ascension_mode":true,"campfire_choices":[{"data":"Combust","floor":7.0,"key":"SMITH"},{"floor":12.0,"key":"REST"},{"floor":15.0,"key":"REST"},{"floor":32.0,"key":"REST"},{"floor":40,"key":"REST"},{"floor":45,"key":"REST"},{"floor":47,"key":"RECALL"},{"floor":49,"key":"REST"}],"circlet_count":0,"master_deck":["AscendersBane","Strike_R+1","Strike_R+1","Defend_R+1","Defend_R+1","Defend_R+1","Defend_R","Bash+1","Combust+1","Shockwave","Uppercut","Impervious+1","Offering+1","Warcry+1","Power Through+1","Shrug It Off+1","Power Through+1","Entrench+1","Battle Trance+1","Fire Breathing","Dropkick","Barricade","Body Slam","Shrug It Off+1","Entrench+1","Second Wind+1","Feel No Pain","True Grit+1","Warcry+1","Dark Embrace","Flame Barrier+1"],"relics":["Burning Blood","NeowsBlessing","Whetstone","The Courier","Toxic Egg 2","Potion Belt","HornCleat","Fusion Hammer","Meat on the Bone","War Paint","Question Card","Eternal Feather","Mark of Pain","Prayer Wheel","Kunai","InkBottle","Red Mask"],"acts_visited":["Exordium","TheCity","TheBeyond"],"potions_floor_usage":[42,50,50],"damage_taken":[{"damage":0.0,"enemies":"Small Slimes","floor":1.0,"turns":1.0},{"damage":0.0,"enemies":"3 Sentries","floor":6.0,"turns":1.0},{"damage":0.0,"enemies":"Lagavulin","floor":8.0,"turns":1.0},{"damage":25.0,"enemies":"Gremlin Nob","floor":10.0,"turns":4.0},{"damage":27.0,"enemies":"Lagavulin","floor":14.0,"turns":6.0},{"damage":39.0,"enemies":"Hexaghost","floor":16.0,"turns":10.0},{"damage":6.0,"enemies":"Chosen","floor":18.0,"turns":4.0},{"damage":9.0,"enemies":"Spheric Guardian","floor":19.0,"turns":4.0},{"damage":10.0,"enemies":"Snecko","floor":20.0,"turns":6.0},{"damage":10.0,"enemies":"3 Cultists","floor":22.0,"turns":6.0},{"damage":12.0,"enemies":"Book of Stabbing","floor":23.0,"turns":8.0},{"damage":10.0,"enemies":"Sentry and Sphere","floor":24.0,"turns":6.0},{"damage":10.0,"enemies":"Centurion and Healer","floor":28.0,"turns":4.0},{"damage":3.0,"enemies":"Snecko","floor":29.0,"turns":6.0},{"damage":9.0,"enemies":"Slavers","floor":31.0,"turns":4.0},{"damage":39.0,"enemies":"Champ","floor":33.0,"turns":12.0},{"damage":24,"enemies":"3 Darklings","floor":35,"turns":5},{"damage":13,"enemies":"3 Shapes","floor":37,"turns":3},{"damage":8,"enemies":"Writhing Mass","floor":38,"turns":6},{"damage":0,"enemies":"2 Orb Walkers","floor":39,"turns":8},{"damage":22,"enemies":"Transient","floor":42,"turns":5},{"damage":9,"enemies":"4 Shapes","floor":44,"turns":5},{"damage":6,"enemies":"Awakened One","floor":50,"turns":8}],"seed_played":"1300874553369391771","potions_obtained":[{"floor":1.0,"key":"BlessingOfTheForge"},{"floor":10.0,"key":"LiquidBronze"},{"floor":16.0,"key":"DuplicationPotion"},{"floor":19.0,"key":"Ancient Potion"},{"floor":28.0,"key":"PowerPotion"},{"floor":29.0,"key":"Energy Potion"},{"floor":33.0,"key":"Energy Potion"},{"floor":42,"key":"BlessingOfTheForge"}],"is_trial":false,"path_per_floor":["M","?","?","$","?","E","R","E","T","E","?","R","$","E","R","B",null,"M","M","M","$","M","E","M","$","T","?","M","M","T","E","R","B",null,"M","$","M","M","?","R","?","M","T","M","R","T","R","?","R","B",null],"character_chosen":"IRONCLAD","items_purchased":["Shockwave","Apotheosis+1","Power Through+1","Shrug It Off+1","Power Through+1","Fire Breathing","Shrug It Off+1","Entrench+1"],"campfire_rested":6,"item_purchase_floors":[4,13,21,21,21,25,36,36],"current_hp_per_floor":[74,74,51,51,25,31,31,37,37,18,18,40,40,19,41,8,58,58,55,51,51,47,41,49,49,49,49,45,48,48,45,75,54,70,52,52,45,55,61,75,75,59,59,56,75,75,75,75,75,75],"gold":0,"neow_bonus":"THREE_ENEMY_KILL","is_daily":false,"chose_seed":false,"campfire_upgraded":1,"win_rate":0.0,"timestamp":1607732950,"path_taken":["M","?","?","$","?","E","R","E","T","E","?","R","$","E","R","BOSS","M","M","M","$","M","E","M","$","T","?","M","M","?","E","R","BOSS","M","$","M","M","?","R","?","M","T","M","R","?","R","?","R","BOSS"],"items_purchased_type":["Card","Card","Card","Card","Card","Card","Card","Card"],"build_version":"2020-11-30","purchased_purges":2,"victory":true,"max_hp_per_floor":[75,75,75,75,75,75,75,75,75,75,75,75,75,75,75,75,75,75,75,75,75,75,75,75,75,75,75,75,75,75,75,75,75,75,75,75,75,75,75,75,75,75,75,75,75,75,75,75,75,75],"card_choices":[{"not_picked":["Bloodletting","Flex","Armaments"],"picked":"SKIP","floor":1.0},{"not_picked":["Bloodletting","Flex","Armaments"],"picked":"SKIP","floor":1.0},{"not_picked":["Thunderclap","Infernal Blade","Warcry"],"picked":"SKIP","floor":6.0},{"not_picked":["Iron Wave","Sword Boomerang"],"picked":"Uppercut","floor":8.0},{"not_picked":["Blood for Blood","Fire Breathing"],"picked":"Impervious+1","floor":10.0},{"not_picked":["Shockwave+1","Twin Strike","Corruption"],"picked":"SKIP","floor":14.0},{"not_picked":["Impervious+1","Barricade"],"picked":"Offering+1","floor":16.0},{"not_picked":["Rampage","Blood for Blood"],"picked":"Warcry+1","floor":18.0},{"not_picked":["Rupture","Flex+1","Whirlwind"],"picked":"SKIP","floor":19.0},{"not_picked":["Shockwave+1","Rupture","Dual Wield+1"],"picked":"SKIP","floor":20.0},{"not_picked":["Whirlwind","Twin Strike"],"picked":"Entrench+1","floor":22.0},{"not_picked":["Clothesline","Brutality"],"picked":"Battle Trance+1","floor":23.0},{"not_picked":["Thunderclap","Shrug It Off+1","Power Through+1"],"picked":"SKIP","floor":24.0},{"not_picked":["Pummel","Dual Wield+1"],"picked":"Dropkick","floor":28.0},{"not_picked":["Spot Weakness+1","Shockwave+1","Clothesline"],"picked":"SKIP","floor":29.0},{"not_picked":["True Grit+1","Clash","Armaments+1","Feel No Pain"],"picked":"SKIP","floor":31.0},{"not_picked":["Juggernaut","Immolate","Berserk"],"picked":"Barricade","floor":33.0},{"not_picked":["Bloodletting+1","Entrench+1","Warcry+1"],"picked":"Body Slam","floor":35},{"not_picked":["Inflame","Clash+1","Heavy Blade"],"picked":"Second Wind+1","floor":37},{"not_picked":["Combust+1","Headbutt","Shockwave+1"],"picked":"Feel No Pain","floor":38},{"not_picked":["Brutality","Clothesline","Shrug It Off+1"],"picked":"True Grit+1","floor":39},{"not_picked":["Heavy Blade","Anger+1","Bloodletting+1"],"picked":"Warcry+1","floor":42},{"not_picked":["Ghostly Armor+1","Combust","Heavy Blade","Dark Embrace"],"picked":"SKIP","floor":42},{"not_picked":["Ghostly Armor+1","Combust","Heavy Blade"],"picked":"Dark Embrace","floor":42},{"not_picked":["Flex+1","Clash+1","Limit Break+1"],"picked":"Flame Barrier+1","floor":44},{"not_picked":["Iron Wave","Rupture+1","Perfected Strike","Headbutt+1"],"picked":"SKIP","floor":44},{"not_picked":["Iron Wave","Rupture+1","Perfected Strike","Headbutt+1"],"picked":"SKIP","floor":44}],"player_experience":129222,"relics_obtained":[{"floor":6.0,"key":"Whetstone"},{"floor":8.0,"key":"The Courier"},{"floor":9.0,"key":"Toxic Egg 2"},{"floor":10.0,"key":"Potion Belt"},{"floor":14.0,"key":"HornCleat"},{"floor":23.0,"key":"Meat on the Bone"},{"floor":26.0,"key":"War Paint"},{"floor":30.0,"key":"Question Card"},{"floor":31.0,"key":"Eternal Feather"},{"floor":39,"key":"Prayer Wheel"},{"floor":43,"key":"Kunai"},{"floor":46,"key":"InkBottle"}],"event_choices":[{"damage_healed":0.0,"max_hp_gain":0.0,"max_hp_loss":0.0,"gold_gain":0.0,"cards_transformed":["Strike_R"],"event_name":"Living Wall","player_choice":"Change","floor":2.0,"gold_loss":0.0,"damage_taken":0.0,"cards_obtained":["Combust"]},{"damage_healed":0.0,"max_hp_gain":0.0,"max_hp_loss":0.0,"gold_gain":0.0,"event_name":"Shining Light","player_choice":"Entered Light","floor":3.0,"gold_loss":0.0,"damage_taken":23.0,"cards_upgraded":["Defend_R","Bash"]},{"damage_healed":0.0,"max_hp_gain":0.0,"max_hp_loss":0.0,"gold_gain":0.0,"event_name":"Golden Idol","player_choice":"Take Damage","floor":5.0,"gold_loss":0.0,"damage_taken":26.0,"relics_obtained":["Golden Idol"]},{"cards_removed":["Strike_R"],"damage_healed":0.0,"max_hp_gain":0.0,"max_hp_loss":0.0,"gold_gain":0.0,"event_name":"Wheel of Change","player_choice":"Card Removal","floor":11.0,"gold_loss":0.0,"damage_taken":0.0},{"damage_healed":0.0,"max_hp_gain":0.0,"max_hp_loss":0.0,"gold_gain":0.0,"event_name":"Vampires","player_choice":"Ignored","floor":27.0,"gold_loss":0.0,"damage_taken":0.0},{"damage_healed":0,"gold_gain":0,"player_choice":"Fight","damage_taken":0,"max_hp_gain":0,"max_hp_loss":0,"event_name":"Mysterious Sphere","floor":39,"gold_loss":0},{"damage_healed":0,"gold_gain":333,"player_choice":"Gave Idol","damage_taken":0,"max_hp_gain":0,"max_hp_loss":0,"event_name":"The Moai Head","floor":41,"relics_lost":["Golden Idol"],"gold_loss":0},{"damage_healed":0,"gold_gain":0,"player_choice":"Paid","damage_taken":0,"relics_obtained":["Red Mask"],"max_hp_gain":0,"max_hp_loss":0,"event_name":"Tomb of Lord Red Mask","floor":48,"gold_loss":650}],"is_beta":false,"boss_relics":[{"not_picked":["Cursed Key","Coffee Dripper"],"picked":"Fusion Hammer"},{"not_picked":["Snecko Eye","Pandora\u0027s Box"],"picked":"Mark of Pain"}],"items_purged_floors":[25,36],"is_endless":false,"potions_floor_spawned":[1,10,16,19,28,29,33,35,42],"ascension_level":15}}