{"host":"aq972z5q0kt9xhjm","time":1607814364,"event":{"mods":["AchievementEnabler","BaseMod","Colored Map","Colored Powertips","Highlight Path","Minty Spire (QoL Compilation)","Quick Restart","Relic Sorter"],"gold_per_floor":[129,169,227,267,300,328,358,358,358,404,404,422,295,335,335,335,335],"floor_reached":16,"playtime":868,"items_purged":["Strike_R"],"score":137,"play_id":"45633830-eb8c-4524-b57c-ca8571a0fc23","local_time":"20201212180604","is_ascension_mode":true,"campfire_choices":[{"data":"True Grit","floor":8.0,"key":"SMITH"},{"floor":11.0,"key":"REST"},{"data":"HandOfGreed","floor":15.0,"key":"SMITH"}],"circlet_count":0,"master_deck":["Strike_R","Strike_R","Strike_R","Strike_R","Defend_R","Defend_R","Defend_R","Defend_R","Bash","HandOfGreed+1","Flex","Evolve","Fire Breathing","True Grit+1","Power Through","Cleave","Brutality","Pommel Strike","Sword Boomerang"],"relics":["Burning Blood","Gambling Chip","Odd Mushroom","Singing Bowl","Centennial Puzzle"],"acts_visited":[],"potions_floor_usage":[],"damage_taken":[{"damage":4.0,"enemies":"Jaw Worm","floor":1.0,"turns":3.0},{"damage":0.0,"enemies":"2 Louse","floor":2.0,"turns":2.0},{"damage":3.0,"enemies":"Small Slimes","floor":3.0,"turns":4.0},{"damage":14.0,"enemies":"3 Louse","floor":4.0,"turns":4.0},{"damage":11.0,"enemies":"2 Fungi Beasts","floor":5.0,"turns":3.0},{"damage":10.0,"enemies":"Gremlin Nob","floor":6.0,"turns":4.0},{"damage":18.0,"enemies":"The Mushroom Lair","floor":7.0,"turns":4.0},{"damage":31.0,"enemies":"Lagavulin","floor":10.0,"turns":9.0},{"damage":2.0,"enemies":"Looter","floor":12.0,"turns":3.0},{"damage":1.0,"enemies":"Exordium Wildlife","floor":14.0,"turns":4.0},{"damage":0,"enemies":"Hexaghost","floor":16,"turns":1}],"seed_played":"-3081080221762656302","potions_obtained":[{"floor":1.0,"key":"Block Potion"},{"floor":3.0,"key":"ElixirPotion"},{"floor":4.0,"key":"AttackPotion"},{"floor":10.0,"key":"DistilledChaos"},{"floor":14.0,"key":"PowerPotion"}],"is_trial":false,"path_per_floor":["M","M","M","M","M","E","?","R","T","E","R","M","$","M","R","B"],"character_chosen":"IRONCLAD","items_purchased":["Energy Potion"],"campfire_rested":1,"item_purchase_floors":[13],"current_hp_per_floor":[58,64,67,59,54,50,38,38,38,15,39,43,43,48,48,48,48],"gold":335,"neow_bonus":"RANDOM_COLORLESS_2","is_daily":false,"chose_seed":false,"campfire_upgraded":2,"win_rate":0.0,"timestamp":1607814364,"path_taken":["M","M","M","M","M","E","?","R","T","E","R","M","$","M","R","BOSS"],"items_purchased_type":["Potion"],"build_version":"2020-11-30","purchased_purges":1,"victory":false,"max_hp_per_floor":[80,80,80,80,80,80,80,80,80,82,82,82,82,82,82,82,82],"card_choices":[{"not_picked":["Violence","Panache"],"picked":"HandOfGreed","floor":0.0},{"not_picked":["Feel No Pain","Clash"],"picked":"Flex","floor":1.0},{"not_picked":["Searing Blow","Body Slam"],"picked":"Evolve","floor":2.0},{"not_picked":["Dropkick","Clothesline"],"picked":"Fire Breathing","floor":3.0},{"not_picked":["Dropkick","Twin Strike"],"picked":"True Grit","floor":4.0},{"not_picked":["Sever Soul","True Grit"],"picked":"Power Through","floor":5.0},{"not_picked":["Dropkick","True Grit"],"picked":"Cleave","floor":6.0},{"not_picked":["Body Slam","Seeing Red"],"picked":"Brutality","floor":7.0},{"not_picked":["Body Slam","Twin Strike","Havoc"],"picked":"Singing Bowl","floor":10.0},{"not_picked":["Havoc","Clothesline"],"picked":"Pommel Strike","floor":12.0},{"not_picked":["Clash","Bloodletting"],"picked":"Sword Boomerang","floor":14.0}],"player_experience":351025,"relics_obtained":[{"floor":6.0,"key":"Gambling Chip"},{"floor":7.0,"key":"Odd Mushroom"},{"floor":9.0,"key":"Singing Bowl"},{"floor":10.0,"key":"Centennial Puzzle"}],"event_choices":[{"damage_healed":0.0,"max_hp_gain":0.0,"max_hp_loss":0.0,"gold_gain":0.0,"event_name":"Mushrooms","player_choice":"Fought Mushrooms","floor":7.0,"gold_loss":0.0,"damage_taken":0.0}],"is_beta":false,"boss_relics":[],"items_purged_floors":[13],"is_endless":false,"potions_floor_spawned":[1,3,4,10,14],"killed_by":"Hexaghost","ascension_level":4}}