{"host":"uv231blk40vjdojr","time":1607791041,"event":{"mods":["BaseMod","Minty Spire (QoL Compilation)","Relic Stats"],"gold_per_floor":[115,2,2,12,12,12,31,65,92,110,110,153,153,194,194,292,292,307,69,69,69,69,112,130,130,130,146,146,167,167,188,188,286,286,301,1,14,0,0,0,43,43,67,79,91,123,135,447,459,471,471],"floor_reached":50,"playtime":2388,"items_purged":["Blizzard+1","Zap+1"],"score":932,"play_id":"8d6ab7d4-6890-408f-af40-3b15f1684fff","local_time":"20201212173721","is_ascension_mode":true,"campfire_choices":[{"data":"Compile Driver","floor":6.0,"key":"SMITH"},{"data":"Ball Lightning","floor":11.0,"key":"SMITH"},{"data":"Creative AI","floor":15.0,"key":"SMITH"},{"floor":30.0,"key":"REST"},{"data":"Conserve Battery","floor":32.0,"key":"SMITH"},{"data":"Aggregate","floor":40.0,"key":"SMITH"},{"floor":42.0,"key":"REST"},{"data":"Coolheaded","floor":44.0,"key":"SMITH"},{"data":"Coolheaded","floor":47.0,"key":"SMITH"},{"data":"Dualcast","floor":49.0,"key":"SMITH"}],"circlet_count":0,"master_deck":["AscendersBane","Strike_B+1","Defend_B+1","Defend_B+1","Defend_B+1","Dualcast+1","Aggregate+1","Compile Driver+1","Coolheaded+1","Ball Lightning","Ball Lightning+1","Creative AI+1","Electrodynamics","Tempest+1","Skim+1","Cold Snap","Loop+1","Conserve Battery+1","Chill+1","Machine Learning","Madness","Madness","Coolheaded+1","Mayhem"],"relics":["Runic Dome","Golden Idol","Regal Pillow","Bronze Scales","Ancient Tea Set","Juzu Bracelet","Astrolabe","PreservedInsect","Smiling Mask","Anchor","Empty Cage","Chemical X","Red Mask","Strawberry","MawBank","Old Coin"],"acts_visited":["Exordium","TheCity","TheBeyond"],"potions_floor_usage":[50],"damage_taken":[{"damage":0.0,"enemies":"Jaw Worm","floor":1.0,"turns":3.0},{"damage":2.0,"enemies":"2 Louse","floor":4.0,"turns":2.0},{"damage":0.0,"enemies":"Small Slimes","floor":7.0,"turns":2.0},{"damage":13.0,"enemies":"Gremlin Nob","floor":8.0,"turns":3.0},{"damage":1.0,"enemies":"Looter","floor":10.0,"turns":3.0},{"damage":8.0,"enemies":"Lagavulin","floor":12.0,"turns":6.0},{"damage":8.0,"enemies":"Gremlin Nob","floor":14.0,"turns":3.0},{"damage":16.0,"enemies":"Hexaghost","floor":16.0,"turns":7.0},{"damage":6.0,"enemies":"Spheric Guardian","floor":18.0,"turns":3.0},{"damage":25.0,"enemies":"Gremlin Leader","floor":23.0,"turns":4.0},{"damage":0.0,"enemies":"Chosen","floor":24.0,"turns":3.0},{"damage":0.0,"enemies":"Sentry and Sphere","floor":27.0,"turns":3.0},{"damage":3.0,"enemies":"Chosen and Byrds","floor":29.0,"turns":5.0},{"damage":10.0,"enemies":"Snecko","floor":31.0,"turns":3.0},{"damage":32.0,"enemies":"Automaton","floor":33.0,"turns":9.0},{"damage":8.0,"enemies":"Orb Walker","floor":35.0,"turns":4.0},{"damage":0.0,"enemies":"3 Darklings","floor":37.0,"turns":4.0},{"damage":27.0,"enemies":"Reptomancer","floor":41.0,"turns":3.0},{"damage":8.0,"enemies":"4 Shapes","floor":46.0,"turns":4.0},{"damage":60,"enemies":"Awakened One","floor":50,"turns":3}],"seed_played":"-4416840794474202858","potions_obtained":[{"floor":4.0,"key":"SkillPotion"},{"floor":10.0,"key":"Block Potion"},{"floor":12.0,"key":"DuplicationPotion"},{"floor":16.0,"key":"Fire Potion"},{"floor":24.0,"key":"DistilledChaos"},{"floor":27.0,"key":"PotionOfCapacity"},{"floor":37.0,"key":"Swift Potion"},{"floor":46.0,"key":"DuplicationPotion"}],"is_trial":false,"path_per_floor":["M","$","?","M","?","R","M","E","T","M","R","E","?","E","R","B",null,"M","$","?","?","?","E","M","?","T","M","?","M","R","M","R","B",null,"M","$","M","?","?","R","E","R","T","R","?","M","R","T","R","B"],"character_chosen":"DEFECT","items_purchased":["Compile Driver","PowerPotion","PreservedInsect","Regen Potion","Chemical X"],"campfire_rested":2,"item_purchase_floors":[2,2,19,36,36],"current_hp_per_floor":[64,64,64,62,62,62,62,49,49,48,48,40,40,32,32,16,52,46,46,46,46,46,21,21,21,21,21,21,18,52,42,42,10,51,43,43,55,55,43,43,23,59,59,59,59,51,51,51,51,0,0],"gold":471,"neow_bonus":"BOSS_RELIC","is_daily":false,"chose_seed":false,"campfire_upgraded":8,"win_rate":0.0,"timestamp":1607791041,"path_taken":["M","$","?","M","?","R","M","E","T","M","R","E","?","E","R","BOSS","M","$","?","?","?","E","M","?","T","M","?","M","R","M","R","BOSS","M","$","M","?","?","R","E","R","T","R","?","M","R","?","R","BOSS"],"items_purchased_type":["Card","Potion","Relic","Potion","Relic"],"build_version":"2020-11-30","purchased_purges":2,"victory":false,"max_hp_per_floor":[71,71,71,71,64,64,64,64,64,64,64,64,64,64,64,64,64,64,64,64,64,64,64,64,64,64,64,64,64,64,64,64,64,64,64,64,64,64,64,64,71,71,71,71,71,71,71,71,71,71,71],"relic_stats":{"Regal Pillow":30,"counters":[20,77],"Golden Idol":118,"Bronze Scales":[180],"Astrolabe":["Tempest","Blizzard","Skim"],"PreservedInsect":111,"Juzu Bracelet":2,"Chemical X":[5],"Smiling Mask":50,"MawBank":84,"obtain_stats":[{"Regal Pillow":8,"Golden Idol":5,"Astrolabe":17,"PreservedInsect":19,"Juzu Bracelet":14,"Ancient Tea Set":12,"Smiling Mask":23,"Empty Cage":34,"MawBank":43,"Old Coin":48,"Runic Dome":0,"Anchor":26,"Bronze Scales":9,"Strawberry":41,"Red Mask":38,"Chemical X":36,"Cracked Core":0},{"Regal Pillow":4,"Golden Idol":2,"Astrolabe":8,"PreservedInsect":9,"Juzu Bracelet":7,"Ancient Tea Set":6,"Smiling Mask":10,"Empty Cage":15,"MawBank":18,"Old Coin":19,"Runic Dome":0,"Anchor":11,"Bronze Scales":4,"Strawberry":18,"Red Mask":17,"Chemical X":16,"Cracked Core":0},{"Regal Pillow":10,"Golden Idol":5,"Astrolabe":29,"PreservedInsect":32,"Juzu Bracelet":22,"Ancient Tea Set":19,"Smiling Mask":36,"Empty Cage":59,"MawBank":70,"Old Coin":74,"Runic Dome":0,"Anchor":39,"Bronze Scales":10,"Strawberry":70,"Red Mask":67,"Chemical X":63,"Cracked Core":0}]},"card_choices":[{"not_picked":["Stack","Hologram"],"picked":"Aggregate","floor":1.0},{"not_picked":["Loop","Gash"],"picked":"Coolheaded","floor":4.0},{"not_picked":["Hello World","Coolheaded"],"picked":"Ball Lightning","floor":7.0},{"not_picked":["Rebound","Redo","Barrage"],"picked":"SKIP","floor":8.0},{"not_picked":["Sunder","Stack"],"picked":"Ball Lightning","floor":10.0},{"not_picked":["Hologram","Lockon"],"picked":"Hello World","floor":12.0},{"not_picked":["Sweeping Beam","Beam Cell"],"picked":"Creative AI","floor":14.0},{"not_picked":["All For One","Buffer"],"picked":"Electrodynamics","floor":16.0},{"not_picked":["Gash","Sunder","Leap"],"picked":"SKIP","floor":18.0},{"not_picked":["Redo","Leap","Darkness"],"picked":"SKIP","floor":23.0},{"not_picked":["Sweeping Beam","Undo"],"picked":"Loop","floor":24.0},{"not_picked":["Barrage","Redo","Steam"],"picked":"SKIP","floor":27.0},{"not_picked":["Scrape","Beam Cell"],"picked":"Conserve Battery","floor":29.0},{"not_picked":["Thunder Strike","Conserve Battery"],"picked":"Chill+1","floor":31.0},{"not_picked":["Core Surge","Seek"],"picked":"Machine Learning","floor":33.0},{"not_picked":["Turbo","Hello World","Steam+1"],"picked":"SKIP","floor":35.0},{"not_picked":["Turbo","Compile Driver","Steam"],"picked":"SKIP","floor":37.0},{"not_picked":["Gash+1","Rebound"],"picked":"Coolheaded","floor":41.0},{"not_picked":["Violence","Metamorphosis"],"picked":"Mayhem","floor":45.0},{"not_picked":["Coolheaded","Compile Driver","Hello World"],"picked":"SKIP","floor":46.0}],"player_experience":474469,"relics_obtained":[{"floor":8.0,"key":"Regal Pillow"},{"floor":9.0,"key":"Bronze Scales"},{"floor":12.0,"key":"Ancient Tea Set"},{"floor":14.0,"key":"Juzu Bracelet"},{"floor":23.0,"key":"Smiling Mask"},{"floor":26.0,"key":"Anchor"},{"floor":41.0,"key":"Strawberry"},{"floor":43.0,"key":"MawBank"},{"floor":48.0,"key":"Old Coin"}],"event_choices":[{"damage_healed":0.0,"max_hp_gain":0.0,"max_hp_loss":0.0,"gold_gain":0.0,"event_name":"Living Wall","player_choice":"Grow","floor":3.0,"gold_loss":0.0,"damage_taken":0.0,"cards_upgraded":["Zap"]},{"damage_healed":0.0,"max_hp_gain":0.0,"max_hp_loss":7.0,"gold_gain":0.0,"event_name":"Golden Idol","player_choice":"Lose Max HP","floor":5.0,"gold_loss":0.0,"damage_taken":0.0,"relics_obtained":["Golden Idol"]},{"damage_healed":0.0,"max_hp_gain":0.0,"max_hp_loss":0.0,"gold_gain":0.0,"event_name":"Liars Game","player_choice":"Ignored","floor":13.0,"gold_loss":0.0,"damage_taken":0.0},{"damage_healed":0.0,"max_hp_gain":0.0,"max_hp_loss":0.0,"gold_gain":0.0,"event_name":"Back to Basics","player_choice":"Simplicity","floor":20.0,"gold_loss":0.0,"damage_taken":0.0,"cards_upgraded":["Strike_B","Strike_B","Defend_B","Defend_B","Defend_B"]},{"damage_healed":0.0,"max_hp_gain":0.0,"max_hp_loss":0.0,"gold_gain":0.0,"event_name":"The Library","player_choice":"Read","floor":22.0,"gold_loss":0.0,"damage_taken":0.0,"cards_obtained":["Cold Snap"]},{"damage_healed":0.0,"max_hp_gain":0.0,"max_hp_loss":0.0,"gold_gain":0.0,"event_name":"Cursed Tome","player_choice":"Ignored","floor":25.0,"gold_loss":0.0,"damage_taken":0.0},{"damage_healed":0.0,"max_hp_gain":0.0,"max_hp_loss":0.0,"gold_gain":0.0,"event_name":"Accursed Blacksmith","player_choice":"Forge","floor":28.0,"gold_loss":0.0,"damage_taken":0.0,"cards_upgraded":["Loop"]},{"damage_healed":0.0,"max_hp_gain":0.0,"max_hp_loss":0.0,"gold_gain":0.0,"event_name":"Tomb of Lord Red Mask","player_choice":"Paid","floor":38.0,"gold_loss":14.0,"damage_taken":0.0,"relics_obtained":["Red Mask"]},{"damage_healed":0.0,"max_hp_gain":0.0,"max_hp_loss":0.0,"gold_gain":0.0,"event_name":"Winding Halls","player_choice":"Embrace Madness","floor":39.0,"gold_loss":0.0,"damage_taken":12.0,"cards_obtained":["Madness","Madness"]},{"damage_healed":0.0,"max_hp_gain":0.0,"max_hp_loss":0.0,"gold_gain":0.0,"event_name":"SensoryStone","player_choice":"Memory 1","floor":45.0,"gold_loss":0.0,"damage_taken":0.0}],"is_beta":false,"boss_relics":[{"not_picked":["Cursed Key","Runic Pyramid"],"picked":"Astrolabe"},{"not_picked":["Pandora\u0027s Box","Snecko Eye"],"picked":"Empty Cage"}],"items_purged_floors":[19,36],"is_endless":false,"potions_floor_spawned":[4,10,12,16,24,27,37,46],"killed_by":"Awakened One","ascension_level":16}}