{"host":"bsqaowxr2lcqjse6","time":1607766379,"event":{"mods":["Act Like it!","Aspiration","BaseMod","Beaked The Cultist","Better Altar","Better Match","Better Note","Better Third Choice","BetterRewards","Block Reminder","Colored Map","Colored Powertips","Conspire","DeckTracker","Downfall","Elementarium","Energized Spire","GifTheSpireLib","GungeonMod","Hubris","Hunter ??","Infinite Spire","Jorbs\u0027s Wanderer Trilogy","Minty Spire (QoL Compilation)","Rare Cards Sparkle","Relic Stats","Replay The Spire","Shade Mod","Shop Mod","Spicy Shops","StSLib","Stuff the Spire","Td1madao Mod","Transform Curses","Wandering Minibosses"],"gold_per_floor":[113,113,128,128,128,161,161,196,196,214,214,214,72,82,82,181,181,198,209,209,209],"floor_reached":20,"playtime":847,"items_purged":[],"score":207,"play_id":"7c2a78e6-ac9f-4b96-9936-443a682a505c","local_time":"20201212204619","is_ascension_mode":false,"campfire_choices":[{"data":"MentalFortress","floor":7,"key":"SMITH"},{"floor":12,"key":"REST"},{"data":"Alpha","floor":15,"key":"SMITH"}],"circlet_count":0,"master_deck":["Strike_P","Strike_P","Strike_P","Strike_P","Defend_P","Defend_P","Defend_P","Defend_P","Eruption+1","Vigilance","MentalFortress+1","Weave","Replay:ManipulateFuture","SandsOfTime","Alpha+1","Adaptation+1","CutThroughFate","Establishment","Prostrate+1","Crescendo"],"relics":["PureWater","NeowsBlessing","Replay:Mystery Machine","Replay:WaspNest","infinitespire:CheckeredPen","DemoMod:Orange"],"acts_visited":["Exordium","TheCity"],"potions_floor_usage":[16,16,20],"damage_taken":[{"damage":0,"enemies":"Cultist","floor":1,"turns":1},{"damage":0,"enemies":"Jaw Worm","floor":3,"turns":1},{"damage":0,"enemies":"Lagavulin","floor":6,"turns":1},{"damage":53,"enemies":"3 Sentries","floor":8,"turns":15},{"damage":5,"enemies":"2 Louse","floor":10,"turns":3},{"damage":11,"enemies":"Blue Slaver","floor":14,"turns":3},{"damage":35,"enemies":"The Guardian","floor":16,"turns":8},{"damage":24,"enemies":"2 Thieves","floor":18,"turns":3},{"damage":21,"enemies":"Spheric Guardian","floor":19,"turns":4},{"damage":46,"enemies":"Snecko","floor":20,"turns":6}],"seed_played":"8798374972410286772","potions_obtained":[{"floor":1,"key":"sneckomod:MuddlingPotion"},{"floor":10,"key":"PowerPotion"},{"floor":18,"key":"GamblersBrew"}],"is_trial":false,"path_per_floor":["M","$","M","$","?","E","R","E","T","M","?","R","$","M","R","B",null,"M","M","M"],"character_chosen":"WATCHER","items_purchased":["DemoMod:Orange","Adaptation+1"],"campfire_rested":1,"item_purchase_floors":[13,13],"current_hp_per_floor":[72,72,72,72,72,72,72,19,19,14,14,35,47,36,36,1,84,60,39,0,0],"gold":209,"neow_bonus":"THREE_ENEMY_KILL","is_daily":false,"chose_seed":false,"campfire_upgraded":2,"win_rate":0.0,"timestamp":1607766379,"path_taken":["M","?","M","$","?","E","R","E","T","M","?","R","?","M","R","BOSS","M","M","M"],"items_purchased_type":["Relic","Card"],"build_version":"2020-11-30","purchased_purges":0,"victory":false,"max_hp_per_floor":[72,72,72,72,72,72,72,72,72,72,72,72,84,84,84,84,84,84,84,84,84],"relic_stats":{"counters":[10,45],"obtain_stats":[{"NeowsBlessing":0,"DemoMod:Orange":13,"DemoMod:GlassGuonStoneRelic":1,"Replay:WaspNest":8,"infinitespire:CheckeredPen":9,"PureWater":0,"Replay:Mystery Machine":6},{"NeowsBlessing":0,"DemoMod:Orange":5,"DemoMod:GlassGuonStoneRelic":1,"Replay:WaspNest":4,"infinitespire:CheckeredPen":4,"PureWater":0,"Replay:Mystery Machine":3},{"NeowsBlessing":0,"DemoMod:Orange":21,"DemoMod:GlassGuonStoneRelic":1,"Replay:WaspNest":18,"infinitespire:CheckeredPen":18,"PureWater":0,"Replay:Mystery Machine":3}]},"card_choices":[{"not_picked":["Nirvana","EmptyBody"],"picked":"MentalFortress","floor":1},{"not_picked":["Blasphemy","Replay:BluntJabs"],"picked":"Weave","floor":3},{"not_picked":["Vengeance","CarveReality"],"picked":"Replay:ManipulateFuture","floor":6},{"not_picked":["Replay:ManipulateFuture","SashWhip"],"picked":"SandsOfTime","floor":8},{"not_picked":["Evaluate","Conclude"],"picked":"Alpha","floor":10},{"not_picked":["WaveOfTheHand","DeceiveReality"],"picked":"CutThroughFate","floor":14},{"not_picked":["DeusExMachina","Vault"],"picked":"Establishment","floor":16},{"not_picked":["CutThroughFate","Pray+1"],"picked":"Prostrate+1","floor":18},{"not_picked":["ThirdEye","FollowUp+1"],"picked":"Crescendo","floor":19}],"player_experience":580308,"relics_obtained":[{"floor":6,"key":"Replay:Mystery Machine"},{"floor":8,"key":"Replay:WaspNest"},{"floor":9,"key":"infinitespire:CheckeredPen"}],"event_choices":[{"damage_healed":0,"gold_gain":0,"player_choice":"Leave","damage_taken":0,"max_hp_gain":0,"max_hp_loss":0,"event_name":"conspire:Investor","floor":11,"gold_loss":0}],"is_beta":false,"boss_relics":[{"not_picked":["infinitespire:Cupcake","ReplayTheSpireMod:DimensionalGlitch","aspiration:DefectSkillbook"]}],"items_purged_floors":[],"is_endless":false,"potions_floor_spawned":[1,10,14,18],"killed_by":"Snecko","ascension_level":0}}