{"host":"DOLBYTIME","time":1607787586,"event":{"mods":["BaseMod","Block Reminder","Minty Spire (QoL Compilation)"],"gold_per_floor":[112,128,128,146,163,163,193,118,118,131,5,5,22,22,22,93,93,108,25,38,38,38],"floor_reached":21,"playtime":704,"items_purged":["Defend_B"],"score":362,"play_id":"8edc5be9-2207-486c-a0cf-854be4423133","local_time":"20201212093946","is_ascension_mode":true,"campfire_choices":[{"data":"Go for the Eyes","floor":6,"key":"SMITH"},{"floor":12,"key":"REST"},{"data":"Defragment","floor":15,"key":"SMITH"}],"circlet_count":0,"master_deck":["AscendersBane","Defend_B","Defend_B","Defend_B","Zap","Dualcast","Go for the Eyes+1","Conserve Battery","Melter","Rip and Tear","BootSequence","Defragment+1","Electrodynamics","Echo Form","Recycle+1","White Noise+1","Steam Power+1","Capacitor","Steam","Coolheaded"],"relics":["Cracked Core","Lantern","The Courier","InkBottle","Astrolabe"],"acts_visited":["Exordium","TheCity"],"potions_floor_usage":[7,16,20],"damage_taken":[{"damage":0,"enemies":"2 Louse","floor":1,"turns":3},{"damage":1,"enemies":"Cultist","floor":2,"turns":4},{"damage":4,"enemies":"Jaw Worm","floor":4,"turns":3},{"damage":18,"enemies":"Lots of Slimes","floor":5,"turns":4},{"damage":10,"enemies":"Lagavulin","floor":7,"turns":6},{"damage":0,"enemies":"Exordium Wildlife","floor":10,"turns":2},{"damage":5,"enemies":"Looter","floor":13,"turns":4},{"damage":43,"enemies":"Hexaghost","floor":16,"turns":10},{"damage":12,"enemies":"2 Thieves","floor":18,"turns":2},{"damage":15,"enemies":"Shell Parasite","floor":20,"turns":5},{"damage":27,"enemies":"Shelled Parasite and Fungi","floor":21,"turns":3}],"seed_played":"-6218064763738384025","potions_obtained":[{"floor":1,"key":"BlessingOfTheForge"},{"floor":10,"key":"DistilledChaos"},{"floor":18,"key":"EssenceOfSteel"}],"is_trial":false,"path_per_floor":["M","M","?","M","M","R","E","?","T","M","$","R","M","$","R","B",null,"M","$","M","M"],"character_chosen":"DEFECT","items_purchased":["Electrodynamics","Steam"],"campfire_rested":1,"item_purchase_floors":[11,19],"current_hp_per_floor":[64,63,63,59,41,41,31,31,31,31,31,52,47,47,47,4,54,42,42,27,0,0],"gold":38,"neow_bonus":"RANDOM_COMMON_RELIC","is_daily":false,"chose_seed":false,"campfire_upgraded":2,"win_rate":0.0,"timestamp":1607787586,"path_taken":["M","M","?","?","?","R","E","?","T","M","?","R","M","$","R","BOSS","M","$","M","M"],"items_purchased_type":["Card","Card"],"build_version":"2020-12-07","purchased_purges":1,"victory":false,"max_hp_per_floor":[71,71,71,71,71,71,71,71,71,71,71,71,71,71,71,71,71,71,71,71,71,71],"card_choices":[{"not_picked":["Lockon","Steam"],"picked":"Go for the Eyes","floor":1},{"not_picked":["Rebound","Steam"],"picked":"Conserve Battery","floor":2},{"not_picked":["Leap","Turbo"],"picked":"Rip and Tear","floor":4},{"not_picked":["Go for the Eyes","Gash","Melter"],"picked":"SKIP","floor":5},{"not_picked":["Leap","Turbo"],"picked":"BootSequence","floor":7},{"not_picked":["Genetic Algorithm","Leap"],"picked":"Defragment","floor":10},{"not_picked":["Steam Power","Steam","Heatsinks"],"picked":"SKIP","floor":13},{"not_picked":["Core Surge","Electrodynamics"],"picked":"Echo Form","floor":16},{"not_picked":["Steam","Sweeping Beam"],"picked":"Capacitor","floor":18},{"not_picked":["Compile Driver+1","Streamline"],"picked":"Coolheaded","floor":20}],"player_experience":1698679,"relics_obtained":[{"floor":7,"key":"The Courier"},{"floor":9,"key":"InkBottle"}],"event_choices":[{"damage_healed":0,"gold_gain":0,"player_choice":"1 cards matched","damage_taken":0,"max_hp_gain":0,"max_hp_loss":0,"event_name":"Match and Keep!","floor":3,"gold_loss":0,"cards_obtained":["Melter"]},{"cards_removed":["Strike_B"],"damage_healed":0,"gold_gain":0,"player_choice":"Card Removal","damage_taken":0,"max_hp_gain":0,"max_hp_loss":0,"event_name":"The Cleric","floor":8,"gold_loss":75}],"is_beta":true,"boss_relics":[{"not_picked":["Velvet Choker","SacredBark"],"picked":"Astrolabe"}],"items_purged_floors":[19],"is_endless":false,"potions_floor_spawned":[1,10,18],"killed_by":"Shelled Parasite and Fungi","ascension_level":20}}