{"host":"81sfd3x59u0y8sym","time":1607779264,"event":{"mods":["Aspiration","BaseMod","BetterRewards","Conspire","DeckTracker","Halation","Hubris","Koishi","Minty Spire (QoL Compilation)","Replay The Spire","Shop Mod","ShortenTheSpire","StSLib","The Construct","The Exalted"],"gold_per_floor":[118,118,53,68,83,83,96,112,112,112,131,150,475,489,489,592,592,610,623,633,648,48,48,48,48],"floor_reached":24,"playtime":1524,"items_purged":["Pain","Strike_B"],"score":345,"play_id":"b7ac5526-6114-4561-a2fb-4d1c54156247","local_time":"20201212152104","is_ascension_mode":true,"campfire_choices":[{"data":"Zap","floor":6,"key":"SMITH"},{"data":"ReplayTheSpireMod:Calculation Training","floor":10,"key":"SMITH"},{"data":"Hello World","floor":15,"key":"SMITH"},{"data":"Capacitor","floor":23,"key":"SMITH"}],"circlet_count":0,"master_deck":["Strike_B","Strike_B","Strike_B","Defend_B","Defend_B","Defend_B","Defend_B","Zap+1","Dualcast","Conserve Battery","Redo","CommonCold","Madness","hubris:Ukulele","hubris:Ukulele","ReplayTheSpireMod:Calculation Training+1","Redo","Ball Lightning","BasicCrystalCard","conspire:Rain","Coolheaded","Hello World+1","Buffer","BasicCrystalCard","conspire:Rain","Glacier","Capacitor+1"],"relics":["FrozenCore","Cables","WarpedTongs","ReplayTheSpireMod:CursedCoin","Oddly Smooth Stone","Old Coin","InkBottle","Frozen Eye"],"acts_visited":["Exordium","TheCity"],"potions_floor_usage":[13,14,16,16,19,20,24],"damage_taken":[{"damage":0,"enemies":"Jaw Worm","floor":1,"turns":2},{"damage":0,"enemies":"Cultist","floor":4,"turns":3},{"damage":0,"enemies":"2 Louse","floor":5,"turns":2},{"damage":27,"enemies":"Exordium Thugs","floor":7,"turns":5},{"damage":8,"enemies":"Lots of Slimes","floor":8,"turns":3},{"damage":0,"enemies":"3 Louse","floor":11,"turns":2},{"damage":0,"enemies":"Large Slime","floor":12,"turns":2},{"damage":0,"enemies":"Gremlin Nob","floor":13,"turns":3},{"damage":5,"enemies":"Exordium Wildlife","floor":14,"turns":6},{"damage":56,"enemies":"The Guardian","floor":16,"turns":11},{"damage":2,"enemies":"Spheric Guardian","floor":18,"turns":5},{"damage":22,"enemies":"Chosen","floor":19,"turns":6},{"damage":26,"enemies":"Snake Plant","floor":20,"turns":6},{"damage":6,"enemies":"conspire:HollyBat","floor":21,"turns":7},{"damage":23,"enemies":"Chosen and Byrds","floor":24,"turns":6}],"seed_played":"-1695832140240300628","potions_obtained":[{"floor":8,"key":"SteroidPotion"},{"floor":11,"key":"conspire:TimeTravelPotion"},{"floor":12,"key":"Energy Potion"},{"floor":13,"key":"CultistPotion"},{"floor":16,"key":"Toxic Potion"},{"floor":18,"key":"Dexterity Potion"},{"floor":21,"key":"Fire Potion"}],"is_trial":false,"path_per_floor":["M","?","$","M","M","R","M","M","T","R","M","M","E","M","R","B",null,"M","M","M","M","$","R","M"],"character_chosen":"DEFECT","items_purchased":["Cables","Conserve Battery","ReplayTheSpireMod:CursedCoin","Madness","hubris:Ukulele","Glacier","Capacitor","InkBottle","Frozen Eye"],"campfire_rested":0,"item_purchase_floors":[0,0,3,3,3,22,22,22,22],"current_hp_per_floor":[75,75,75,75,75,75,48,40,40,40,40,40,40,35,35,4,75,73,51,25,19,19,19,0,0],"gold":48,"neow_bonus":"","is_daily":false,"chose_seed":false,"campfire_upgraded":4,"win_rate":0.0,"timestamp":1607779264,"path_taken":["M","?","?","M","M","R","?","M","T","R","?","M","E","M","R","BOSS","M","M","M","M","$","R","M"],"items_purchased_type":["Relic","Card","Relic","Card","Card","Card","Card","Relic","Relic"],"build_version":"2020-11-30","purchased_purges":2,"victory":false,"max_hp_per_floor":[75,75,75,75,75,75,75,75,75,75,75,75,75,75,75,75,75,75,75,75,75,75,75,75,75],"card_choices":[{"not_picked":["Compile Driver","Barrage"],"picked":"Redo","floor":1},{"not_picked":["Leap","Genetic Algorithm"],"picked":"ReplayTheSpireMod:Calculation Training","floor":4},{"not_picked":["Leap","Beam Cell"],"picked":"Redo","floor":5},{"not_picked":["Static Discharge","Sunder"],"picked":"Ball Lightning","floor":7},{"not_picked":["ReplayTheSpireMod:Calculation Training","conspire:SharedLibrary"],"picked":"BasicCrystalCard","floor":8},{"not_picked":["Streamline","Leap"],"picked":"conspire:Rain","floor":11},{"not_picked":["Barrage","Ball Lightning"],"picked":"Coolheaded","floor":12},{"not_picked":["Glacier","Aggregate"],"picked":"Hello World","floor":13},{"not_picked":["Steam","Streamline","Doom and Gloom"],"picked":"SKIP","floor":14},{"not_picked":["hubris:SpecializedCircuitry","Seek"],"picked":"Buffer","floor":16},{"not_picked":["Go for the Eyes","Barrage"],"picked":"BasicCrystalCard","floor":18},{"not_picked":["Barrage","Undo"],"picked":"conspire:Rain","floor":19},{"not_picked":["Rebound","conspire:SharedLibrary+1","hubris:Prefetch"],"picked":"SKIP","floor":20},{"not_picked":["Turbo+1","Panic Button","Barrage"],"picked":"SKIP","floor":21}],"player_experience":118142,"relics_obtained":[{"floor":9,"key":"Oddly Smooth Stone"},{"floor":13,"key":"Old Coin"}],"event_choices":[{"damage_healed":0,"gold_gain":0,"player_choice":"Rummage","damage_taken":0,"relics_obtained":["WarpedTongs"],"max_hp_gain":0,"max_hp_loss":0,"event_name":"Accursed Blacksmith","floor":2,"gold_loss":0,"cards_obtained":["Pain"]}],"is_beta":false,"boss_relics":[{"not_picked":["halation:HeavySnake","halation:CatFaceCupcake"],"picked":"FrozenCore"}],"items_purged_floors":[3,22],"is_endless":false,"potions_floor_spawned":[8,11,12,13,16,18,21],"killed_by":"Chosen and Byrds","ascension_level":1}}