{"host":"90jl2h70xtuoeg0i","time":1607736246,"event":{"mods":["AchievementEnabler","BaseMod","Colored Map","Colored Powertips","Minty Spire (QoL Compilation)","Relic Stats","ojb\u0027s Better Paths Mod","ojb\u0027s Info Mod"],"gold_per_floor":[116,127,127,141,158,158,173,185,261,336,347,347,59,79,79,157,157,170,183,183,273,273,273],"floor_reached":22,"playtime":1481,"items_purged":[],"score":315,"play_id":"e2cd2aca-3279-47eb-930e-e6b2e1b3963b","local_time":"20201211202406","is_ascension_mode":true,"campfire_choices":[{"data":"Bouncing Flask","floor":6,"key":"SMITH"},{"data":"Envenom","floor":15,"key":"SMITH"}],"circlet_count":0,"master_deck":["AscendersBane","Strike_G","Strike_G","Strike_G","Strike_G","Defend_G","Defend_G","Defend_G","Defend_G","Survivor","Neutralize","Bouncing Flask+1","Flying Knee","Deadly Poison","Dagger Throw","Eviscerate","PiercingWail","Venomology","Envenom+1","Blade Dance","Blade Dance","A Thousand Cuts","Predator+1","Catalyst"],"relics":["Snecko Eye","Mercury Hourglass","Meat on the Bone","Runic Dome","Enchiridion"],"acts_visited":["Exordium","TheCity"],"potions_floor_usage":[16,19],"damage_taken":[{"damage":0,"enemies":"Small Slimes","floor":1,"turns":3},{"damage":1,"enemies":"Cultist","floor":2,"turns":4},{"damage":9,"enemies":"Jaw Worm","floor":4,"turns":4},{"damage":3,"enemies":"Blue Slaver","floor":5,"turns":4},{"damage":4,"enemies":"Red Slaver","floor":7,"turns":4},{"damage":11,"enemies":"Looter","floor":8,"turns":2},{"damage":0,"enemies":"2 Fungi Beasts","floor":11,"turns":2},{"damage":0,"enemies":"3 Louse","floor":14,"turns":2},{"damage":12,"enemies":"The Guardian","floor":16,"turns":8},{"damage":1,"enemies":"Shell Parasite","floor":18,"turns":3},{"damage":12,"enemies":"Chosen","floor":19,"turns":2},{"damage":14,"enemies":"Shelled Parasite and Fungi","floor":22,"turns":2}],"seed_played":"6342014227853581681","potions_obtained":[{"floor":2,"key":"Fire Potion"},{"floor":4,"key":"ColorlessPotion"},{"floor":8,"key":"Weak Potion"}],"is_trial":false,"path_per_floor":["M","M","?","M","M","R","M","M","T","?","M","?","$","M","R","B",null,"M","M","?","?","M"],"character_chosen":"THE_SILENT","items_purchased":["Blade Dance","Meat on the Bone"],"campfire_rested":0,"item_purchase_floors":[13,13],"current_hp_per_floor":[59,58,58,49,46,46,42,31,31,20,20,20,20,32,32,32,58,57,45,24,12,0,0],"gold":273,"neow_bonus":"BOSS_RELIC","is_daily":false,"chose_seed":false,"campfire_upgraded":2,"win_rate":0.0,"timestamp":1607736246,"path_taken":["M","M","?","M","M","R","M","?","T","?","M","?","$","M","R","BOSS","M","?","?","?","?"],"items_purchased_type":["Card","Relic"],"build_version":"2020-11-30","purchased_purges":0,"victory":false,"max_hp_per_floor":[66,66,66,66,66,66,66,66,66,66,66,66,66,66,66,66,66,66,66,66,66,66,66],"relic_stats":{"counters":[12,40],"Snecko Eye":[60,67,78,71],"obtain_stats":[{"Runic Dome":17,"Snecko Eye":0,"Enchiridion":20,"Ring of the Snake":0,"Mercury Hourglass":9,"Meat on the Bone":13},{"Runic Dome":9,"Snecko Eye":0,"Enchiridion":11,"Ring of the Snake":0,"Mercury Hourglass":6,"Meat on the Bone":7},{"Runic Dome":33,"Snecko Eye":0,"Enchiridion":38,"Ring of the Snake":0,"Mercury Hourglass":21,"Meat on the Bone":23}],"Mercury Hourglass":[51],"Meat on the Bone":24},"card_choices":[{"not_picked":["Deadly Poison","Blur"],"picked":"Bouncing Flask","floor":1},{"not_picked":["Finisher","Outmaneuver"],"picked":"Flying Knee","floor":2},{"not_picked":["PiercingWail","Flying Knee"],"picked":"Deadly Poison","floor":4},{"not_picked":["Deflect","Backflip"],"picked":"Dagger Throw","floor":5},{"not_picked":["Acrobatics","Flechettes"],"picked":"Eviscerate","floor":7},{"not_picked":["Acrobatics","Backflip"],"picked":"PiercingWail","floor":8},{"not_picked":["Deadly Poison","Eviscerate"],"picked":"Venomology","floor":11},{"not_picked":["Escape Plan","Quick Slash"],"picked":"Blade Dance","floor":14},{"not_picked":["Phantasmal Killer","Unload"],"picked":"A Thousand Cuts","floor":16},{"not_picked":["Deflect","Poisoned Stab"],"picked":"Predator+1","floor":18},{"not_picked":["Sucker Punch","Distraction+1"],"picked":"Catalyst","floor":19}],"player_experience":1232933,"relics_obtained":[{"floor":9,"key":"Mercury Hourglass"},{"floor":20,"key":"Enchiridion"}],"event_choices":[{"cards_removed":["Defend_G"],"damage_healed":0,"gold_gain":0,"player_choice":"Card Removal","damage_taken":0,"max_hp_gain":0,"max_hp_loss":0,"event_name":"Wheel of Change","floor":3,"gold_loss":0},{"damage_healed":0,"gold_gain":75,"player_choice":"Gather Gold","damage_taken":11,"max_hp_gain":0,"max_hp_loss":0,"event_name":"World of Goop","floor":10,"gold_loss":0},{"damage_healed":0,"gold_gain":0,"cards_transformed":["Strike_G"],"player_choice":"Transformed","damage_taken":0,"max_hp_gain":0,"max_hp_loss":0,"event_name":"Transmorgrifier","floor":12,"gold_loss":0,"cards_obtained":["Envenom"]},{"damage_healed":0,"gold_gain":0,"player_choice":"Obtained Book","damage_taken":21,"max_hp_gain":0,"max_hp_loss":0,"event_name":"Cursed Tome","floor":20,"gold_loss":0},{"damage_healed":0,"gold_gain":90,"player_choice":"GOLD ","damage_taken":12,"max_hp_gain":0,"max_hp_loss":0,"event_name":"Knowing Skull","floor":21,"potions_obtained":[],"gold_loss":0,"cards_obtained":[]}],"is_beta":false,"boss_relics":[{"not_picked":["Fusion Hammer","Calling Bell"],"picked":"Runic Dome"}],"items_purged_floors":[],"is_endless":false,"potions_floor_spawned":[2,4,5,8,18],"killed_by":"Shelled Parasite and Fungi","ascension_level":15}}