{"host":"pgiw9wkmtk74e1ic","time":1607740371,"event":{"mods":["BaseMod","Colored Map","Colored Powertips","Marisa????????","Minty Spire (QoL Compilation)","Replay The Spire","StSLib"],"gold_per_floor":[113,126,139,139,139,172,172,75,75,94,94,47,47,59,59,156,206,222,110,110,209,224,251,251,271,271,271,271],"floor_reached":27,"playtime":1694,"items_purged":[],"score":256,"play_id":"7e2b4c2e-b8b6-44ce-89cb-f372698ad518","local_time":"20201211193251","is_ascension_mode":false,"campfire_choices":[{"data":"Replay:Many Hands","floor":7,"key":"SMITH"},{"data":"ReplayTheSpireMod:Muscle Training","floor":15,"key":"SMITH"},{"floor":24,"key":"REST"}],"circlet_count":0,"master_deck":["Strike_R","Strike_R","Strike_R","Strike_R","Strike_R","Defend_R","Defend_R","Defend_R","Defend_R","Bash+1","Combust+1","Replay:Undeath\u0027s Touch","Pommel Strike","Replay:Many Hands+1","Twin Strike","ReplayTheSpireMod:Muscle Training+1","Twin Strike","Sword Boomerang","Blood for Blood","Offering","Dual Wield","ReplayTheSpireMod:Corrosion Curse","Armaments+1","Rupture","Sword Boomerang+1","Flex","Flame Barrier+1"],"relics":["Burning Blood","Vajra","Champion Belt","Bird Faced Urn","Snack Pack","Quantum Egg","Tiny House","Mummified Hand"],"acts_visited":["Exordium","TheCity"],"potions_floor_usage":[20,20,23,25],"damage_taken":[{"damage":1,"enemies":"Cultist","floor":1,"turns":3},{"damage":2,"enemies":"Jaw Worm","floor":2,"turns":3},{"damage":0,"enemies":"2 Louse","floor":3,"turns":4},{"damage":25,"enemies":"Replay:BlueRogue","floor":6,"turns":5},{"damage":2,"enemies":"Exordium Thugs","floor":10,"turns":3},{"damage":6,"enemies":"3 Louse","floor":14,"turns":2},{"damage":4,"enemies":"Slime Boss","floor":16,"turns":5},{"damage":32,"enemies":"2 Thieves","floor":18,"turns":3},{"damage":11,"enemies":"Chosen","floor":22,"turns":3},{"damage":34,"enemies":"Book of Stabbing","floor":23,"turns":5},{"damage":22,"enemies":"Snake Plant","floor":25,"turns":2},{"damage":57,"enemies":"Shelled Parasite and Fungi","floor":27,"turns":3}],"seed_played":"7898474885089406529","potions_obtained":[{"floor":1,"key":"Fire Potion"},{"floor":10,"key":"Fruit Juice"},{"floor":17,"key":"Fruit Juice"},{"floor":22,"key":"Block Potion"}],"is_trial":false,"path_per_floor":["M","M","M","T","?","E","R","$","T","M","T","$","?","M","R","B",null,"M","$","?","?","M","E","R","M","T","M"],"character_chosen":"IRONCLAD","items_purchased":["Twin Strike","ReplayTheSpireMod:Muscle Training","Sword Boomerang","Armaments+1","Rupture"],"campfire_rested":1,"item_purchase_floors":[8,8,12,19,19],"current_hp_per_floor":[80,80,80,80,80,61,61,61,61,71,71,71,71,75,75,80,85,61,61,55,55,54,32,62,48,48,0,0],"gold":271,"neow_bonus":"RANDOM_COMMON_RELIC","is_daily":false,"chose_seed":false,"campfire_upgraded":2,"win_rate":0.0,"timestamp":1607740371,"path_taken":["M","M","M","?","?","E","R","$","T","M","?","?","?","M","R","BOSS","M","$","?","?","M","E","R","M","T","M"],"items_purchased_type":["Card","Card","Card","Card","Card"],"build_version":"2020-11-30","purchased_purges":0,"victory":false,"max_hp_per_floor":[80,80,80,80,80,80,80,80,80,80,80,80,80,80,80,80,85,85,85,100,100,100,100,100,100,100,100,100],"card_choices":[{"not_picked":["ReplayTheSpireMod:Limb From Limb","Havoc"],"picked":"Combust","floor":1},{"not_picked":["Warcry","Shrug It Off"],"picked":"Replay:Undeath\u0027s Touch","floor":2},{"not_picked":["Ghostly Armor","Seeing Red"],"picked":"Pommel Strike","floor":3},{"not_picked":["ReplayTheSpireMod:Stacked","Burning Pact"],"picked":"Replay:Many Hands","floor":6},{"not_picked":["Pommel Strike","Run Through"],"picked":"Twin Strike","floor":10},{"not_picked":["Headbutt","Flex"],"picked":"Blood for Blood","floor":14},{"not_picked":["Bludgeon","Brutality"],"picked":"Offering","floor":16},{"not_picked":["Thunderclap","Pommel Strike"],"picked":"Dual Wield","floor":17},{"not_picked":["Clash+1","Sword Boomerang+1"],"picked":"ReplayTheSpireMod:Corrosion Curse","floor":18},{"not_picked":["Anger","Thunderclap"],"picked":"Sword Boomerang+1","floor":22},{"not_picked":["Clothesline","Impervious"],"picked":"Flex","floor":23},{"not_picked":["Sword Boomerang","Headbutt+1"],"picked":"Flame Barrier+1","floor":25}],"player_experience":235628,"relics_obtained":[{"floor":4,"key":"Champion Belt"},{"floor":6,"key":"Bird Faced Urn"},{"floor":9,"key":"Snack Pack"},{"floor":11,"key":"Quantum Egg"},{"floor":23,"key":"Mummified Hand"}],"event_choices":[{"damage_healed":0,"gold_gain":0,"player_choice":"Grow","damage_taken":0,"max_hp_gain":0,"max_hp_loss":0,"event_name":"Living Wall","floor":5,"gold_loss":0,"cards_upgraded":["Combust"]},{"damage_healed":0,"gold_gain":0,"player_choice":"Ignored","damage_taken":0,"max_hp_gain":0,"max_hp_loss":0,"event_name":"Purifier","floor":13,"gold_loss":0},{"damage_healed":0,"gold_gain":0,"player_choice":"Shed Blood","damage_taken":21,"max_hp_gain":5,"max_hp_loss":0,"event_name":"Forgotten Altar","floor":20,"gold_loss":0},{"damage_healed":0,"gold_gain":99,"player_choice":"Stole From Cult","damage_taken":0,"max_hp_gain":0,"max_hp_loss":0,"event_name":"Nest","floor":21,"gold_loss":0}],"is_beta":false,"boss_relics":[{"not_picked":["Runic Dome","Velvet Choker"],"picked":"Tiny House"}],"items_purged_floors":[],"is_endless":false,"potions_floor_spawned":[1,10,22],"killed_by":"Shelled Parasite and Fungi","ascension_level":0}}