{"host":"90jl2h70xtuoeg0i","time":1607759271,"event":{"mods":["AchievementEnabler","BaseMod","Colored Map","Colored Powertips","Minty Spire (QoL Compilation)","Relic Stats","ojb\u0027s Better Paths Mod","ojb\u0027s Info Mod"],"gold_per_floor":[111,130,143,153,171,171,190,190,190,217,217,252,12,27,27,123,123,136,136,136,172,185,221,221,259,282,282,197,218,258,281,281,281,281],"floor_reached":33,"playtime":2740,"items_purged":["Strike_G"],"score":571,"play_id":"0b66b985-b1a5-41ce-84e0-519efdcbc44e","local_time":"20201212024751","is_ascension_mode":true,"campfire_choices":[{"data":"All Out Attack","floor":6.0,"key":"SMITH"},{"floor":8.0,"key":"REST"},{"data":"Cloak And Dagger","floor":15.0,"key":"SMITH"},{"floor":24.0,"key":"REST"},{"floor":27.0,"key":"REST"},{"data":"Phantasmal Killer","floor":32,"key":"SMITH"}],"circlet_count":0,"master_deck":["AscendersBane","Strike_G","Strike_G","Strike_G","Strike_G","Defend_G","Defend_G","Defend_G","Defend_G","Defend_G","Survivor","Neutralize","Dagger Throw","Poisoned Stab","All Out Attack+1","Dagger Spray","Flying Knee","Masterful Stab+1","Crippling Poison","Leg Sweep","Riddle With Holes+1","Cloak And Dagger+1","Glass Knife+1","Flying Knee+1","Backstab+1","Eviscerate+1","Phantasmal Killer+1","Footwork","Dodge and Roll+1","Dagger Spray+1"],"relics":["Black Star","Molten Egg 2","Unceasing Top","Kunai","Golden Idol","Mercury Hourglass","Gambling Chip","Runic Dome","MutagenicStrength","Red Mask","Dead Branch","Boot","Letter Opener","Vajra","TungstenRod","CeramicFish","Bottled Flame"],"acts_visited":["Exordium","TheCity"],"potions_floor_usage":[31],"damage_taken":[{"damage":8.0,"enemies":"Jaw Worm","floor":1.0,"turns":7.0},{"damage":4.0,"enemies":"2 Louse","floor":2.0,"turns":4.0},{"damage":0.0,"enemies":"Small Slimes","floor":3.0,"turns":3.0},{"damage":4.0,"enemies":"Blue Slaver","floor":4.0,"turns":4.0},{"damage":8.0,"enemies":"2 Fungi Beasts","floor":5.0,"turns":4.0},{"damage":14.0,"enemies":"Large Slime","floor":7.0,"turns":6.0},{"damage":11.0,"enemies":"Gremlin Nob","floor":10.0,"turns":4.0},{"damage":6.0,"enemies":"Lagavulin","floor":12.0,"turns":6.0},{"damage":0.0,"enemies":"Red Slaver","floor":14.0,"turns":3.0},{"damage":6.0,"enemies":"Hexaghost","floor":16.0,"turns":12.0},{"damage":15.0,"enemies":"Shell Parasite","floor":18.0,"turns":4.0},{"damage":15.0,"enemies":"Masked Bandits","floor":21.0,"turns":3.0},{"damage":0.0,"enemies":"2 Thieves","floor":22.0,"turns":3.0},{"damage":4.0,"enemies":"Slavers","floor":23.0,"turns":3.0},{"damage":8.0,"enemies":"Book of Stabbing","floor":25.0,"turns":3.0},{"damage":4.0,"enemies":"Centurion and Healer","floor":29.0,"turns":2.0},{"damage":7.0,"enemies":"Gremlin Leader","floor":30.0,"turns":5.0},{"damage":0,"enemies":"Snake Plant","floor":31,"turns":1},{"damage":65,"enemies":"Collector","floor":33,"turns":6}],"seed_played":"5923595015054270766","potions_obtained":[{"floor":1.0,"key":"Block Potion"},{"floor":2.0,"key":"DuplicationPotion"},{"floor":12.0,"key":"Explosive Potion"},{"floor":14.0,"key":"Explosive Potion"},{"floor":18.0,"key":"SteroidPotion"},{"floor":31,"key":"Poison Potion"}],"is_trial":false,"path_per_floor":["M","M","M","M","M","R","M","R","T","E","?","E","$","M","R","B",null,"M","?","?","?","M","E","R","E","T","R","?","M","E","M","R","B"],"character_chosen":"THE_SILENT","items_purchased":["Leg Sweep","Riddle With Holes+1"],"campfire_rested":3,"item_purchase_floors":[13,13],"current_hp_per_floor":[51,47,47,43,35,35,21,40,40,29,29,23,23,23,23,17,49,34,34,46,31,31,27,45,37,37,55,55,51,44,44,44,0,0],"gold":281,"neow_bonus":"BOSS_RELIC","is_daily":false,"chose_seed":false,"campfire_upgraded":3,"win_rate":0.0,"timestamp":1607759271,"path_taken":["M","M","M","M","M","R","M","R","T","E","?","E","$","M","R","BOSS","M","?","?","?","M","E","R","E","T","R","?","M","E","M","R","BOSS"],"items_purchased_type":["Card","Card"],"build_version":"2020-11-30","purchased_purges":1,"victory":false,"max_hp_per_floor":[66,66,66,66,66,66,66,66,66,66,60,60,60,60,60,60,60,60,60,60,60,60,60,60,60,60,60,60,60,60,60,60,60,60],"relic_stats":{"counters":[19,82],"Golden Idol":72,"Dead Branch":[15],"CeramicFish":9,"Letter Opener":[15],"Boot":[2],"Mercury Hourglass":[174],"Gambling Chip":[21],"Black Star":5,"Kunai":[23],"obtain_stats":[{"Golden Idol":11,"Dead Branch":23,"CeramicFish":30,"Vajra":25,"Letter Opener":25,"Boot":23,"Mercury Hourglass":12,"Runic Dome":17,"Bottled Flame":30,"Gambling Chip":12,"MutagenicStrength":19,"Molten Egg 2":9,"Black Star":0,"Red Mask":21,"Kunai":10,"Unceasing Top":10,"TungstenRod":28,"Ring of the Snake":0},{"Golden Idol":7,"Dead Branch":14,"CeramicFish":17,"Vajra":15,"Letter Opener":15,"Boot":14,"Mercury Hourglass":8,"Runic Dome":10,"Bottled Flame":17,"Gambling Chip":8,"MutagenicStrength":11,"Molten Egg 2":6,"Black Star":0,"Red Mask":12,"Kunai":7,"Unceasing Top":7,"TungstenRod":15,"Ring of the Snake":0},{"Golden Idol":32,"Dead Branch":65,"CeramicFish":75,"Vajra":68,"Letter Opener":68,"Boot":65,"Mercury Hourglass":38,"Runic Dome":53,"Bottled Flame":75,"Gambling Chip":38,"MutagenicStrength":57,"Molten Egg 2":28,"Black Star":0,"Red Mask":60,"Kunai":32,"Unceasing Top":32,"TungstenRod":68,"Ring of the Snake":0}],"Unceasing Top":[15],"TungstenRod":7},"card_choices":[{"not_picked":["Sucker Punch","Cloak And Dagger"],"picked":"Dagger Throw","floor":1.0},{"not_picked":["Deflect","Prepared","Deadly Poison"],"picked":"SKIP","floor":2.0},{"not_picked":["Skewer","Dodge and Roll"],"picked":"Poisoned Stab","floor":3.0},{"not_picked":["Reflex","Bouncing Flask"],"picked":"All Out Attack","floor":4.0},{"not_picked":["Distraction","Slice"],"picked":"Dagger Spray","floor":5.0},{"not_picked":["Tactician","Acrobatics"],"picked":"Flying Knee","floor":7.0},{"not_picked":["Slice+1","Endless Agony+1"],"picked":"Masterful Stab+1","floor":10.0},{"not_picked":["Calculated Gamble","Storm of Steel"],"picked":"Crippling Poison","floor":12.0},{"not_picked":["Backflip","Dodge and Roll"],"picked":"Cloak And Dagger","floor":14.0},{"not_picked":["Doppelganger","Venomology"],"picked":"Glass Knife+1","floor":16.0},{"not_picked":["Flechettes+1","Bouncing Flask"],"picked":"Flying Knee+1","floor":18.0},{"not_picked":["PiercingWail","Sucker Punch+1"],"picked":"Backstab+1","floor":21.0},{"not_picked":["Bane+1","Dagger Spray+1"],"picked":"Eviscerate+1","floor":22.0},{"not_picked":["Cloak And Dagger","Slice+1"],"picked":"Phantasmal Killer","floor":23.0},{"not_picked":["Backflip","Concentrate+1"],"picked":"Footwork","floor":25.0},{"not_picked":["Flying Knee+1","Concentrate"],"picked":"Dodge and Roll+1","floor":29.0},{"not_picked":["Deflect+1","Deadly Poison"],"picked":"Dagger Spray+1","floor":30.0},{"not_picked":["Bane+1","Bullet Time","Deflect"],"picked":"SKIP","floor":31}],"player_experience":1247907,"relics_obtained":[{"floor":9.0,"key":"Molten Egg 2"},{"floor":10.0,"key":"Unceasing Top"},{"floor":10.0,"key":"Kunai"},{"floor":12.0,"key":"Mercury Hourglass"},{"floor":12.0,"key":"Gambling Chip"},{"floor":21.0,"key":"Red Mask"},{"floor":23.0,"key":"Dead Branch"},{"floor":23.0,"key":"Boot"},{"floor":25.0,"key":"Letter Opener"},{"floor":25.0,"key":"Vajra"},{"floor":30.0,"key":"CeramicFish"},{"floor":30.0,"key":"Bottled Flame"}],"event_choices":[{"damage_healed":0.0,"max_hp_gain":0.0,"max_hp_loss":6.0,"gold_gain":0.0,"event_name":"Golden Idol","player_choice":"Lose Max HP","floor":11.0,"gold_loss":0.0,"damage_taken":0.0,"relics_obtained":["Golden Idol"]},{"damage_healed":0.0,"max_hp_gain":0.0,"max_hp_loss":0.0,"gold_gain":0.0,"event_name":"Drug Dealer","player_choice":"Inject Mutagens","floor":19.0,"gold_loss":0.0,"damage_taken":0.0,"relics_obtained":["MutagenicStrength"]},{"damage_healed":12.0,"max_hp_gain":0.0,"max_hp_loss":0.0,"gold_gain":0.0,"event_name":"The Library","player_choice":"Heal","floor":20.0,"gold_loss":0.0,"damage_taken":0.0},{"damage_healed":0.0,"max_hp_gain":0.0,"max_hp_loss":0.0,"gold_gain":0.0,"event_name":"Masked Bandits","player_choice":"Fought Bandits","floor":21.0,"gold_loss":0.0,"damage_taken":0.0},{"damage_healed":0.0,"max_hp_gain":0.0,"max_hp_loss":0.0,"gold_gain":0.0,"event_name":"Addict","player_choice":"Obtained Relic","floor":28.0,"gold_loss":85.0,"damage_taken":0.0,"relics_obtained":["TungstenRod"]}],"is_beta":false,"boss_relics":[{"not_picked":["HoveringKite","Pandora\u0027s Box"],"picked":"Runic Dome"}],"items_purged_floors":[13],"is_endless":false,"potions_floor_spawned":[1,2,5,12,14,18,22,30,31],"killed_by":"Collector","ascension_level":16}}