{"host":"DOLBYTIME","time":1607787803,"event":{"mods":["BaseMod","Block Reminder","Minty Spire (QoL Compilation)"],"gold_per_floor":[109,109,121,121,121,154,154,154,154],"floor_reached":8,"playtime":189,"items_purged":[],"score":108,"play_id":"d6ef9a41-9f3d-4af9-8e7c-f0a216ca5dca","local_time":"20201212094323","is_ascension_mode":true,"campfire_choices":[{"floor":7,"key":"REST"}],"circlet_count":0,"master_deck":["AscendersBane","Strike_B","Strike_B","Strike_B","Strike_B","Defend_B","Defend_B","Defend_B","Defend_B","Zap","Dualcast","Ball Lightning","BootSequence","Leap","Auto Shields","Injury"],"relics":["Cracked Core","Prayer Wheel","Golden Idol","Vajra"],"acts_visited":["Exordium"],"potions_floor_usage":[8],"damage_taken":[{"damage":1,"enemies":"Cultist","floor":1,"turns":4},{"damage":0,"enemies":"Jaw Worm","floor":3,"turns":3},{"damage":53,"enemies":"Gremlin Nob","floor":6,"turns":5},{"damage":39,"enemies":"Lagavulin","floor":8,"turns":7}],"seed_played":"7959265017080772477","potions_obtained":[{"floor":6,"key":"PotionOfCapacity"}],"is_trial":false,"path_per_floor":["M","?","M","?","?","E","R","E"],"character_chosen":"DEFECT","items_purchased":[],"campfire_rested":1,"item_purchase_floors":[],"current_hp_per_floor":[63,56,56,56,56,3,24,0,0],"gold":154,"neow_bonus":"ONE_RARE_RELIC","is_daily":false,"chose_seed":false,"campfire_upgraded":0,"win_rate":0.0,"timestamp":1607787803,"path_taken":["M","?","M","?","?","E","R","E"],"items_purchased_type":[],"build_version":"2020-12-07","purchased_purges":0,"victory":false,"max_hp_per_floor":[71,71,71,71,71,71,71,71,71],"card_choices":[{"not_picked":["Conserve Battery","Scrape"],"picked":"Ball Lightning","floor":1},{"not_picked":["Ball Lightning","Steam Power"],"picked":"BootSequence","floor":1},{"not_picked":["Melter","Compile Driver"],"picked":"Leap","floor":3},{"not_picked":["Beam Cell","Coolheaded"],"picked":"Auto Shields","floor":3},{"not_picked":["Darkness","Consume","Scrape"],"picked":"SKIP","floor":6}],"player_experience":1699383,"relics_obtained":[{"floor":6,"key":"Vajra"}],"event_choices":[{"cards_removed":["Injury"],"damage_healed":0,"gold_gain":0,"player_choice":"Card Removal","damage_taken":7,"max_hp_gain":0,"max_hp_loss":0,"event_name":"Golden Wing","floor":2,"gold_loss":0},{"damage_healed":0,"gold_gain":0,"player_choice":"Ignored","damage_taken":0,"max_hp_gain":0,"max_hp_loss":0,"event_name":"Shining Light","floor":4,"gold_loss":0},{"damage_healed":0,"gold_gain":0,"player_choice":"Take Wound","damage_taken":0,"relics_obtained":["Golden Idol"],"max_hp_gain":0,"max_hp_loss":0,"event_name":"Golden Idol","floor":5,"gold_loss":0,"cards_obtained":["Injury"]}],"is_beta":true,"boss_relics":[],"items_purged_floors":[],"is_endless":false,"potions_floor_spawned":[6],"killed_by":"Lagavulin","ascension_level":20}}