{"host":"m0l7iybr7y7a2mwh","time":1607804407,"event":{"mods":["AchievementEnabler","AlwaysNeverKeys","BaseMod","Block Reminder","Colored Map","Colored Powertips","Highlight Path","Minty Spire (QoL Compilation)","Permanent Neow","Quick Restart","StSLib"],"gold_per_floor":[109,109,123,123,48,76,91,101,101,113,113,124,199,224,224,329,329,344,269,289,14,14,44,44,63,63,93,13,13,13,30,30,127,127,143,154,172,191,206,238,250,261,313,324,350,365,365,720,720,720],"floor_reached":51,"playtime":2125,"items_purged":["Pain","Defend_B"],"score":838,"play_id":"f35b75ca-0d10-46ac-8a79-6084087cbe05","local_time":"20201213072007","is_ascension_mode":false,"campfire_choices":[{"floor":11.0,"key":"REST"},{"floor":15.0,"key":"REST"},{"floor":24.0,"key":"REST"},{"floor":29.0,"key":"REST"},{"floor":32.0,"key":"REST"},{"data":"Storm","floor":49,"key":"SMITH"}],"circlet_count":0,"master_deck":["Zap","Dualcast+1","Storm+1","Loop","Rebound","Capacitor","Storm","Rainbow","Static Discharge+1","Static Discharge+1","Amplify","Capacitor+1","Capacitor+1","Electrodynamics+1","Doom and Gloom","Genetic Algorithm","Self Repair+1","Steam Power","Amplify","Parasite","Self Repair+1","Lockon+1","Self Repair+1","Hello World+1","Mayhem+1","Bandage Up","Bandage Up","Lockon"],"relics":["Cracked Core","WarpedTongs","StrikeDummy","Meat on the Bone","Frozen Egg 2","Black Star","Mummified Hand","Du-Vu Doll","Pen Nib","The Courier","Anchor","Turnip","Pandora\u0027s Box","Blood Vial","Potion Belt","Oddly Smooth Stone","Nunchaku","Ornamental Fan","Old Coin"],"acts_visited":["Exordium","TheCity","TheBeyond"],"potions_floor_usage":[50,50],"damage_taken":[{"damage":10.0,"enemies":"Small Slimes","floor":1.0,"turns":2.0},{"damage":3.0,"enemies":"Cultist","floor":3.0,"turns":3.0},{"damage":16.0,"enemies":"Gremlin Nob","floor":6.0,"turns":3.0},{"damage":0.0,"enemies":"Jaw Worm","floor":7.0,"turns":3.0},{"damage":4.0,"enemies":"Exordium Wildlife","floor":8.0,"turns":4.0},{"damage":1.0,"enemies":"2 Fungi Beasts","floor":10.0,"turns":2.0},{"damage":19.0,"enemies":"3 Louse","floor":12.0,"turns":2.0},{"damage":21.0,"enemies":"Lagavulin","floor":14.0,"turns":6.0},{"damage":0.0,"enemies":"Slime Boss","floor":16.0,"turns":5.0},{"damage":15.0,"enemies":"Chosen","floor":18.0,"turns":4.0},{"damage":32.0,"enemies":"3 Byrds","floor":20.0,"turns":4.0},{"damage":41.0,"enemies":"Book of Stabbing","floor":23.0,"turns":3.0},{"damage":11.0,"enemies":"Centurion and Healer","floor":25.0,"turns":4.0},{"damage":46.0,"enemies":"Slavers","floor":27.0,"turns":3.0},{"damage":20.0,"enemies":"Snecko","floor":31.0,"turns":3.0},{"damage":37.0,"enemies":"Automaton","floor":33.0,"turns":6.0},{"damage":0.0,"enemies":"3 Shapes","floor":35.0,"turns":3.0},{"damage":9.0,"enemies":"3 Darklings","floor":36.0,"turns":2.0},{"damage":8.0,"enemies":"Writhing Mass","floor":37.0,"turns":3.0},{"damage":17.0,"enemies":"Spire Growth","floor":38.0,"turns":4.0},{"damage":64.0,"enemies":"4 Shapes","floor":39.0,"turns":4.0},{"damage":41.0,"enemies":"Giant Head","floor":40.0,"turns":6.0},{"damage":33.0,"enemies":"Maw","floor":41.0,"turns":5.0},{"damage":16.0,"enemies":"Sphere and 2 Shapes","floor":42.0,"turns":2.0},{"damage":23,"enemies":"Transient","floor":44,"turns":5},{"damage":68,"enemies":"Nemesis","floor":45,"turns":5},{"damage":3,"enemies":"4 Shapes","floor":46,"turns":4},{"damage":60,"enemies":"2 Orb Walkers","floor":48,"turns":4},{"damage":59,"enemies":"Donu and Deca","floor":50,"turns":5}],"seed_played":"7609794225875595361","potions_obtained":[{"floor":3.0,"key":"FearPotion"},{"floor":8.0,"key":"Swift Potion"},{"floor":12.0,"key":"PotionOfCapacity"},{"floor":16.0,"key":"EssenceOfSteel"},{"floor":18.0,"key":"BlessingOfTheForge"},{"floor":27.0,"key":"SteroidPotion"},{"floor":38.0,"key":"PowerPotion"},{"floor":40.0,"key":"Weak Potion"},{"floor":44,"key":"ColorlessPotion"}],"is_trial":false,"path_per_floor":["M","?","M","?","$","E","M","M","T","M","R","M","?","E","R","B",null,"M","?","M","$","?","E","R","M","T","E","$","R","$","M","R","B",null,"M","M","M","M","M","E","M","M","T","M","E","M","?","?","R","B",null],"character_chosen":"DEFECT","items_purchased":["Mummified Hand","Static Discharge+1"],"campfire_rested":5,"item_purchase_floors":[21,21],"current_hp_per_floor":[58,58,55,37,37,21,21,17,17,28,54,47,36,27,53,53,89,74,74,54,54,54,25,51,52,52,18,18,44,44,36,62,37,89,89,89,89,89,67,58,59,55,55,76,62,89,79,85,85,74],"gold":720,"neow_bonus":"TWENTY_PERCENT_HP_BONUS","is_daily":false,"chose_seed":false,"campfire_upgraded":1,"win_rate":0.0,"timestamp":1607804407,"path_taken":["M","?","?","?","?","E","M","M","T","M","R","M","?","E","R","BOSS","M","?","M","$","?","E","R","M","T","E","$","R","?","M","R","BOSS","M","M","M","M","M","E","M","M","T","M","E","M","?","?","R","BOSS"],"items_purchased_type":["Relic","Card"],"build_version":"2020-11-30","purchased_purges":2,"victory":true,"max_hp_per_floor":[89,89,89,89,89,89,89,89,89,89,89,89,89,89,89,89,89,89,89,89,89,89,89,89,89,89,89,89,89,89,89,89,89,89,89,89,89,89,89,89,89,89,89,89,89,89,89,89,89,89],"card_choices":[{"not_picked":["Beam Cell","Conserve Battery","Stack"],"picked":"SKIP","floor":1.0},{"not_picked":["Reprogram","FTL"],"picked":"Storm","floor":3.0},{"not_picked":["Blizzard","Steam Power"],"picked":"Loop","floor":6.0},{"not_picked":["Ball Lightning","Steam"],"picked":"Rebound","floor":7.0},{"not_picked":["All For One","Turbo"],"picked":"Capacitor","floor":8.0},{"not_picked":["Gash","Aggregate","Coolheaded"],"picked":"SKIP","floor":10.0},{"not_picked":["Redo","Ball Lightning"],"picked":"Storm","floor":12.0},{"not_picked":["Chaos","Skim","Fission"],"picked":"SKIP","floor":14.0},{"not_picked":["Fission","Core Surge"],"picked":"Rainbow","floor":16.0},{"not_picked":["Streamline+1","Scrape"],"picked":"Static Discharge+1","floor":18.0},{"not_picked":["Steam","Beam Cell","Go for the Eyes"],"picked":"SKIP","floor":20.0},{"not_picked":["Chill","Beam Cell+1"],"picked":"Amplify","floor":23.0},{"not_picked":["Scrape","Redo"],"picked":"Capacitor+1","floor":25.0},{"not_picked":["Core Surge","BootSequence+1"],"picked":"Capacitor+1","floor":27.0},{"not_picked":["Steam Power","Streamline","Sweeping Beam"],"picked":"SKIP","floor":31.0},{"not_picked":["Core Surge","Biased Cognition+1"],"picked":"Electrodynamics+1","floor":33.0},{"not_picked":["Coolheaded","Steam","Undo"],"picked":"SKIP","floor":35.0},{"not_picked":["Streamline+1","Rip and Tear","Beam Cell"],"picked":"SKIP","floor":36.0},{"not_picked":["Skim+1","Tempest+1"],"picked":"Self Repair+1","floor":37.0},{"not_picked":["Stack+1","Streamline+1","Coolheaded+1"],"picked":"SKIP","floor":38.0},{"not_picked":["Leap+1","Aggregate"],"picked":"Lockon+1","floor":39.0},{"not_picked":["Auto Shields","Barrage","Sweeping Beam+1"],"picked":"SKIP","floor":40.0},{"not_picked":["Leap+1","Beam Cell"],"picked":"Self Repair+1","floor":41.0},{"not_picked":["Auto Shields+1","Rebound+1"],"picked":"Hello World+1","floor":42.0},{"not_picked":["Sweeping Beam","FTL","Coolheaded+1"],"picked":"SKIP","floor":44},{"not_picked":["Barrage","Reboot","Stack+1"],"picked":"SKIP","floor":45},{"not_picked":["Streamline+1","Compile Driver+1","White Noise"],"picked":"SKIP","floor":46},{"not_picked":["Deep Breath","Dark Shackles"],"picked":"Mayhem+1","floor":47},{"not_picked":["PanicButton","HandOfGreed"],"picked":"Bandage Up","floor":47},{"not_picked":["Discovery","Mind Blast"],"picked":"Bandage Up","floor":47},{"not_picked":["Steam","Gash+1"],"picked":"Lockon","floor":48}],"player_experience":90180,"relics_obtained":[{"floor":6.0,"key":"StrikeDummy"},{"floor":9.0,"key":"Meat on the Bone"},{"floor":14.0,"key":"Frozen Egg 2"},{"floor":23.0,"key":"Du-Vu Doll"},{"floor":23.0,"key":"Pen Nib"},{"floor":26.0,"key":"The Courier"},{"floor":27.0,"key":"Anchor"},{"floor":27.0,"key":"Turnip"},{"floor":40.0,"key":"Blood Vial"},{"floor":40.0,"key":"Potion Belt"},{"floor":43.0,"key":"Oddly Smooth Stone"},{"floor":45,"key":"Nunchaku"},{"floor":45,"key":"Ornamental Fan"},{"floor":48,"key":"Old Coin"}],"event_choices":[{"damage_healed":0.0,"max_hp_gain":0.0,"max_hp_loss":0.0,"gold_gain":0.0,"event_name":"Accursed Blacksmith","player_choice":"Rummage","floor":2.0,"gold_loss":0.0,"damage_taken":0.0,"relics_obtained":["WarpedTongs"],"cards_obtained":["Pain"]},{"damage_healed":0.0,"max_hp_gain":0.0,"max_hp_loss":0.0,"gold_gain":0.0,"event_name":"Shining Light","player_choice":"Entered Light","floor":4.0,"gold_loss":0.0,"damage_taken":18.0,"cards_upgraded":["Strike_B","Dualcast"]},{"damage_healed":0.0,"max_hp_gain":0.0,"max_hp_loss":0.0,"gold_gain":75.0,"event_name":"World of Goop","player_choice":"Gather Gold","floor":13.0,"gold_loss":0.0,"damage_taken":11.0},{"cards_removed":["Defend_B"],"damage_healed":0.0,"max_hp_gain":0.0,"max_hp_loss":0.0,"gold_gain":0.0,"event_name":"Beggar","player_choice":"Gave Gold","floor":19.0,"gold_loss":75.0,"damage_taken":0.0},{"cards_removed":["Defend_B"],"damage_healed":0.0,"max_hp_gain":0.0,"max_hp_loss":0.0,"gold_gain":0.0,"event_name":"Back to Basics","player_choice":"Elegance","floor":22.0,"gold_loss":0.0,"damage_taken":0.0},{"damage_healed":0,"gold_gain":0,"player_choice":"Memory 3","damage_taken":10,"max_hp_gain":0,"max_hp_loss":0,"event_name":"SensoryStone","floor":47,"gold_loss":0},{"damage_healed":0,"gold_gain":0,"player_choice":"Fight","damage_taken":0,"max_hp_gain":0,"max_hp_loss":0,"event_name":"Mysterious Sphere","floor":48,"gold_loss":0}],"is_beta":false,"boss_relics":[{"not_picked":["Busted Crown","Cursed Key"],"picked":"Black Star"},{"not_picked":["FrozenCore","Tiny House"],"picked":"Pandora\u0027s Box"}],"items_purged_floors":[5,28],"is_endless":false,"potions_floor_spawned":[3,8,12,16,18,27,38,39,40,44,46],"ascension_level":0}}