{"host":"m6aaltr68g9tvoay","time":1607804125,"event":{"mods":["AchievementEnabler","BaseMod","Colored Map","Minty Spire (QoL Compilation)","StSLib"],"gold_per_floor":[112,128,148,148,148,148,179,179,179,203,233,233,248,267,267,361,361,377,402,402,402],"floor_reached":20,"playtime":717,"items_purged":[],"score":343,"play_id":"3a56a666-49f4-4e9f-a26b-f17a94a66e9d","local_time":"20201212121525","is_ascension_mode":true,"campfire_choices":[{"data":"Sucker Punch","floor":6.0,"key":"SMITH"},{"floor":8.0,"key":"REST"},{"floor":12,"key":"REST"},{"floor":15,"key":"REST"}],"circlet_count":0,"master_deck":["AscendersBane","Strike_G","Strike_G","Strike_G","Strike_G","Strike_G","Defend_G","Defend_G","Defend_G","Defend_G","Defend_G","Survivor","Neutralize+1","Sucker Punch+1","Blade Dance","Caltrops","Injury","Heel Hook","Flying Knee","Deflect","Flying Knee","Phantasmal Killer","Noxious Fumes"],"relics":["Ring of the Snake","Golden Idol","Matryoshka","White Beast Statue","Oddly Smooth Stone","Bottled Tornado","Odd Mushroom","WristBlade"],"acts_visited":["Exordium","TheCity"],"potions_floor_usage":[11,13,16,16],"damage_taken":[{"damage":8.0,"enemies":"Cultist","floor":1.0,"turns":4.0},{"damage":1.0,"enemies":"Jaw Worm","floor":2.0,"turns":3.0},{"damage":0.0,"enemies":"2 Louse","floor":3.0,"turns":3.0},{"damage":24.0,"enemies":"Gremlin Nob","floor":7.0,"turns":4.0},{"damage":5,"enemies":"Exordium Wildlife","floor":10,"turns":4},{"damage":3,"enemies":"The Mushroom Lair","floor":11,"turns":2},{"damage":10,"enemies":"Gremlin Gang","floor":13,"turns":3},{"damage":12,"enemies":"Lots of Slimes","floor":14,"turns":3},{"damage":51,"enemies":"Slime Boss","floor":16,"turns":11},{"damage":16,"enemies":"3 Byrds","floor":18,"turns":3},{"damage":22,"enemies":"Shell Parasite","floor":19,"turns":6},{"damage":0,"enemies":"Cultist and Chosen","floor":20,"turns":2}],"seed_played":"6802615086702074323","potions_obtained":[{"floor":2.0,"key":"LiquidMemories"},{"floor":10,"key":"SteroidPotion"},{"floor":11,"key":"Fire Potion"},{"floor":13,"key":"Explosive Potion"},{"floor":14,"key":"Explosive Potion"},{"floor":16,"key":"SteroidPotion"},{"floor":18,"key":"Ancient Potion"}],"is_trial":false,"path_per_floor":["M","M","M","?","T","R","E","R","T","M","?","R","M","M","R","B",null,"M","M","M"],"character_chosen":"THE_SILENT","items_purchased":[],"campfire_rested":3,"item_purchase_floors":[],"current_hp_per_floor":[51,50,50,50,50,50,26,45,45,40,37,56,46,34,53,2,50,34,12,12,12],"gold":402,"neow_bonus":"UPGRADE_CARD","is_daily":false,"chose_seed":false,"campfire_upgraded":1,"win_rate":0.0,"timestamp":1607804125,"path_taken":["M","M","?","?","?","R","E","R","T","M","?","R","?","M","R","BOSS","M","?","?"],"items_purchased_type":[],"build_version":"2020-11-30","purchased_purges":0,"victory":false,"max_hp_per_floor":[66,66,66,66,66,66,66,66,66,66,66,66,66,66,66,66,66,66,66,66,66],"card_choices":[{"not_picked":["Prepared","Underhanded Strike"],"picked":"Sucker Punch","floor":1.0},{"not_picked":["Backflip","Poisoned Stab"],"picked":"Blade Dance","floor":2.0},{"not_picked":["Dagger Throw","Riddle With Holes"],"picked":"Caltrops","floor":3.0},{"not_picked":["Blade Dance","Acrobatics"],"picked":"Heel Hook","floor":7.0},{"not_picked":["Phantasmal Killer","Dagger Throw"],"picked":"Flying Knee","floor":10},{"not_picked":["Slice","Deadly Poison"],"picked":"Deflect","floor":13},{"not_picked":["Infinite Blades","Quick Slash"],"picked":"Flying Knee","floor":14},{"not_picked":["Wraith Form v2","Unload"],"picked":"Phantasmal Killer","floor":16},{"not_picked":["Eviscerate","Poisoned Stab","Deflect"],"picked":"SKIP","floor":18},{"not_picked":["Outmaneuver","Deadly Poison"],"picked":"Noxious Fumes","floor":19}],"player_experience":1224641,"relics_obtained":[{"floor":5.0,"key":"Matryoshka"},{"floor":7.0,"key":"White Beast Statue"},{"floor":9.0,"key":"Oddly Smooth Stone"},{"floor":9.0,"key":"Bottled Tornado"},{"floor":11,"key":"Odd Mushroom"}],"event_choices":[{"damage_healed":0.0,"max_hp_gain":0.0,"max_hp_loss":0.0,"gold_gain":0.0,"event_name":"Golden Idol","player_choice":"Take Wound","floor":4.0,"gold_loss":0.0,"damage_taken":0.0,"relics_obtained":["Golden Idol"],"cards_obtained":["Injury"]},{"damage_healed":0,"gold_gain":0,"player_choice":"Fought Mushrooms","damage_taken":0,"max_hp_gain":0,"max_hp_loss":0,"event_name":"Mushrooms","floor":11,"gold_loss":0}],"is_beta":false,"boss_relics":[{"not_picked":["Calling Bell","Ectoplasm"],"picked":"WristBlade"}],"items_purged_floors":[],"is_endless":false,"potions_floor_spawned":[2,10,11,13,14,16,18,19],"killed_by":"Cultist and Chosen","ascension_level":19}}