{"host":"pletss163z7s8pvv","time":1607745892,"event":{"mods":["AchievementEnabler","BaseMod","Colored Map","Colored Powertips","Minty Spire (QoL Compilation)"],"gold_per_floor":[132,162,6,63,123,207,207,3,29,86,125,34,100,151,151,466,466,511,550,592,243,243,330,387,125,152,152,177,186,240,273,273,579,579,609,609,97,133,133,217,268,310,310,336,378,420,0,9,9,9],"floor_reached":51,"playtime":971,"items_purged":[],"score":1228,"play_id":"38a8fdf5-b3a8-44c5-933e-a2e7b16c831b","local_time":"20201211220452","daily_mods":["Insanity","Hoarder","Midas"],"is_ascension_mode":false,"campfire_choices":[{"floor":7,"key":"REST"},{"floor":15,"key":"REST"},{"floor":32,"key":"REST"},{"floor":49,"key":"REST"}],"circlet_count":0,"master_deck":["Thunderclap","Sword Boomerang","Wild Strike","Warcry","Anger","Perfected Strike","Pummel","Rampage","Sword Boomerang","Uppercut","Dark Embrace","Pommel Strike","Iron Wave","Warcry","Cleave","Pommel Strike","Flex","Twin Strike","Flex","Rampage","Cleave","Carnage","Anger","Twin Strike","Anger","Thunderclap","Pommel Strike","Dark Embrace","Clash","Anger","Armaments","Uppercut","Rage","True Grit","Cleave","Pommel Strike","Headbutt","Headbutt","Disarm","Heavy Blade","Pommel Strike","Perfected Strike","Anger","Body Slam","Shrug It Off","Perfected Strike","Body Slam","Iron Wave","Clash","Spot Weakness","Spot Weakness","Spot Weakness","Sword Boomerang","Sword Boomerang","Sword Boomerang","Sword Boomerang","Sword Boomerang","Sword Boomerang","Dropkick","Dropkick","Dropkick","Dual Wield","Dual Wield","Dual Wield","Twin Strike","Twin Strike","Twin Strike","Disarm","Disarm","Disarm","Havoc","Havoc","Havoc","Dramatic Entrance","Dramatic Entrance","Dramatic Entrance","Pummel","Pummel","Pummel","Flex","Flex","Flex","Berserk","Berserk","Berserk","CurseOfTheBell","CurseOfTheBell","CurseOfTheBell","Infernal Blade+1","Infernal Blade+1","Infernal Blade+1","Armaments","Armaments","Armaments","Flex","Flex","Flex","Pummel","Pummel","Pummel","Writhe","Writhe","Writhe","Impervious","Impervious","Impervious","Clothesline","Clothesline","Clothesline","Infernal Blade+1","Infernal Blade+1","Infernal Blade+1","Parasite","Parasite","Parasite","Dramatic Entrance","Dramatic Entrance","Dramatic Entrance"],"relics":["Burning Blood","Boot","Ancient Tea Set","Anchor","Regal Pillow","Odd Mushroom","Calling Bell","Bag of Marbles","Singing Bowl","Magic Flower","Lee\u0027s Waffle","Centennial Puzzle","MutagenicStrength","Lantern","Shuriken","Art of War","CeramicFish","Vajra","SlaversCollar","Charon\u0027s Ashes","Sling","Toy Ornithopter","Mummified Hand","MealTicket","Red Mask"],"acts_visited":["Exordium","TheCity","TheBeyond"],"potions_floor_usage":[4,16,33,50,50,50],"damage_taken":[{"damage":0,"enemies":"2 Louse","floor":1,"turns":2},{"damage":0,"enemies":"Jaw Worm","floor":2,"turns":1},{"damage":7,"enemies":"Small Slimes","floor":4,"turns":2},{"damage":4,"enemies":"2 Fungi Beasts","floor":5,"turns":2},{"damage":31,"enemies":"Lagavulin","floor":6,"turns":4},{"damage":0,"enemies":"3 Louse","floor":10,"turns":2},{"damage":4,"enemies":"Large Slime","floor":11,"turns":3},{"damage":0,"enemies":"The Mushroom Lair","floor":13,"turns":1},{"damage":0,"enemies":"Exordium Thugs","floor":14,"turns":2},{"damage":45,"enemies":"The Guardian","floor":16,"turns":6},{"damage":0,"enemies":"Spheric Guardian","floor":18,"turns":2},{"damage":0,"enemies":"Shell Parasite","floor":19,"turns":2},{"damage":32,"enemies":"Snake Plant","floor":20,"turns":3},{"damage":0,"enemies":"Slavers","floor":23,"turns":1},{"damage":4,"enemies":"Shelled Parasite and Fungi","floor":24,"turns":2},{"damage":0,"enemies":"Chosen and Byrds","floor":30,"turns":3},{"damage":11,"enemies":"Snake Plant","floor":31,"turns":2},{"damage":88,"enemies":"Automaton","floor":33,"turns":8},{"damage":0,"enemies":"3 Shapes","floor":35,"turns":1},{"damage":0,"enemies":"3 Darklings","floor":38,"turns":1},{"damage":27,"enemies":"Reptomancer","floor":40,"turns":4},{"damage":0,"enemies":"Jaw Worm Horde","floor":41,"turns":1},{"damage":3,"enemies":"Transient","floor":42,"turns":5},{"damage":0,"enemies":"Sphere and 2 Shapes","floor":45,"turns":2},{"damage":53,"enemies":"Writhing Mass","floor":46,"turns":4},{"damage":51,"enemies":"Time Eater","floor":50,"turns":4}],"seed_played":"-8309692067399318188","potions_obtained":[{"floor":4,"key":"EntropicBrew"},{"floor":6,"key":"LiquidMemories"},{"floor":14,"key":"LiquidBronze"},{"floor":16,"key":"SneckoOil"},{"floor":19,"key":"DistilledChaos"},{"floor":23,"key":"DuplicationPotion"},{"floor":33,"key":"Energy Potion"},{"floor":42,"key":"DuplicationPotion"},{"floor":45,"key":"BloodPotion"}],"is_trial":true,"path_per_floor":["M","M","$","M","M","E","R","$","T","M","M","$","?","M","R","B",null,"M","M","M","$","?","E","M","$","T","?","T","?","M","M","R","B",null,"M","?","$","M","?","E","M","M","T","T","M","M","?","?","R","B",null],"character_chosen":"IRONCLAD","items_purchased":["Boot","Twin Strike","Anchor","Dramatic Entrance","Lee\u0027s Waffle","Centennial Puzzle","Flex","Shuriken","Charon\u0027s Ashes","Sling","Clothesline"],"campfire_rested":4,"item_purchase_floors":[3,8,8,12,21,21,21,25,37,37,37],"current_hp_per_floor":[80,80,80,79,80,55,79,79,79,80,80,80,80,80,80,41,80,80,82,59,89,89,89,91,91,91,91,91,91,93,93,95,45,95,97,97,97,99,99,83,94,100,100,100,105,63,63,63,107,107],"gold":9,"neow_bonus":"","is_daily":false,"chose_seed":false,"campfire_upgraded":0,"win_rate":0.0,"timestamp":1607745892,"path_taken":["M","M","?","M","M","E","R","$","T","M","M","$","?","M","R","BOSS","M","M","M","$","?","E","M","$","T","?","?","?","M","M","R","BOSS","M","?","$","M","?","E","?","M","T","?","M","?","?","?","R","BOSS"],"items_purchased_type":["Relic","Card","Relic","Card","Relic","Relic","Card","Relic","Relic","Relic","Card"],"build_version":"2020-11-30","purchased_purges":0,"victory":true,"max_hp_per_floor":[80,80,80,80,80,80,80,80,80,80,80,80,80,80,80,80,80,80,82,82,89,89,89,91,91,91,91,91,91,93,95,95,95,95,97,97,97,99,99,101,103,103,103,103,105,107,107,107,107,107],"card_choices":[{"not_picked":["Power Through","Sword Boomerang"],"picked":"Spot Weakness","floor":1},{"not_picked":["Hemokinesis","True Grit"],"picked":"Sword Boomerang","floor":2},{"not_picked":["Disarm","Ghostly Armor"],"picked":"Sword Boomerang","floor":4},{"not_picked":["Seeing Red","Wild Strike"],"picked":"Dropkick","floor":5},{"not_picked":["Headbutt","Rampage"],"picked":"Dual Wield","floor":6},{"not_picked":["Wild Strike","Headbutt"],"picked":"Disarm","floor":10},{"not_picked":["Headbutt","Pommel Strike"],"picked":"Havoc","floor":11},{"not_picked":["Clothesline","Iron Wave"],"picked":"Pummel","floor":13},{"not_picked":["Hemokinesis","Inflame"],"picked":"Flex","floor":14},{"not_picked":["Fiend Fire","Bludgeon"],"picked":"Berserk","floor":16},{"not_picked":["Headbutt","Heavy Blade+1"],"picked":"Infernal Blade+1","floor":18},{"not_picked":["Intimidate","Pommel Strike","Clothesline"],"picked":"Singing Bowl","floor":19},{"not_picked":["Demon Form","Heavy Blade"],"picked":"Armaments","floor":20},{"not_picked":["Feel No Pain","Perfected Strike+1"],"picked":"Pummel","floor":23},{"not_picked":["Warcry","Infernal Blade+1","Anger"],"picked":"Singing Bowl","floor":24},{"not_picked":["Perfected Strike","Bloodletting","Hemokinesis"],"picked":"Singing Bowl","floor":30},{"not_picked":["Thunderclap","Carnage+1","Sword Boomerang+1"],"picked":"Singing Bowl","floor":31},{"not_picked":["Offering","Brutality"],"picked":"Impervious","floor":33},{"not_picked":["Perfected Strike+1","Carnage+1","Pummel+1"],"picked":"Singing Bowl","floor":35},{"not_picked":["Evolve+1","Shrug It Off","Bloodletting"],"picked":"Singing Bowl","floor":38},{"not_picked":["Havoc","True Grit","Wild Strike"],"picked":"Singing Bowl","floor":40},{"not_picked":["Evolve","Havoc","Infernal Blade"],"picked":"Singing Bowl","floor":41},{"not_picked":["Iron Wave","Clash+1"],"picked":"Infernal Blade+1","floor":42},{"not_picked":["Feel No Pain+1","Reckless Charge","Power Through+1"],"picked":"Singing Bowl","floor":45},{"not_picked":["Seeing Red","Havoc","Warcry+1"],"picked":"Singing Bowl","floor":46},{"not_picked":["Dark Shackles","Flash of Steel"],"picked":"Dramatic Entrance","floor":48}],"player_experience":378436,"relics_obtained":[{"floor":6,"key":"Ancient Tea Set"},{"floor":9,"key":"Regal Pillow"},{"floor":13,"key":"Odd Mushroom"},{"floor":17,"key":"Bag of Marbles"},{"floor":17,"key":"Singing Bowl"},{"floor":17,"key":"Magic Flower"},{"floor":23,"key":"Lantern"},{"floor":26,"key":"Art of War"},{"floor":28,"key":"CeramicFish"},{"floor":40,"key":"Toy Ornithopter"},{"floor":43,"key":"Mummified Hand"},{"floor":44,"key":"MealTicket"}],"event_choices":[{"damage_healed":0,"gold_gain":0,"player_choice":"Fought Mushrooms","damage_taken":0,"max_hp_gain":0,"max_hp_loss":0,"event_name":"Mushrooms","floor":13,"gold_loss":0},{"damage_healed":0,"gold_gain":0,"player_choice":"Inject Mutagens","damage_taken":0,"relics_obtained":["MutagenicStrength"],"max_hp_gain":0,"max_hp_loss":0,"event_name":"Drug Dealer","floor":22,"gold_loss":0},{"damage_healed":0,"gold_gain":0,"player_choice":"Ignored","damage_taken":0,"max_hp_gain":0,"max_hp_loss":0,"event_name":"Vampires","floor":27,"gold_loss":0},{"damage_healed":0,"gold_gain":0,"player_choice":"Opened","damage_taken":0,"relics_obtained":["Vajra"],"max_hp_gain":0,"max_hp_loss":0,"event_name":"The Mausoleum","floor":29,"gold_loss":0,"cards_obtained":["Writhe"]},{"cards_removed":["Shrug It Off"],"damage_healed":0,"gold_gain":0,"player_choice":"Removed Skill","damage_taken":0,"max_hp_gain":0,"max_hp_loss":0,"event_name":"Falling","floor":36,"gold_loss":0},{"damage_healed":0,"gold_gain":0,"player_choice":"Ignored","damage_taken":0,"max_hp_gain":0,"max_hp_loss":0,"event_name":"NoteForYourself","floor":39,"gold_loss":0},{"damage_healed":0,"gold_gain":0,"player_choice":"Paid","damage_taken":0,"relics_obtained":["Red Mask"],"max_hp_gain":0,"max_hp_loss":0,"event_name":"Tomb of Lord Red Mask","floor":47,"gold_loss":420},{"damage_healed":0,"gold_gain":0,"player_choice":"Memory 1","damage_taken":0,"max_hp_gain":0,"max_hp_loss":0,"event_name":"SensoryStone","floor":48,"gold_loss":0}],"is_beta":false,"boss_relics":[{"not_picked":["Ectoplasm","Runic Cube"],"picked":"Calling Bell"},{"not_picked":["Snecko Eye","Coffee Dripper"],"picked":"SlaversCollar"}],"items_purged_floors":[],"is_endless":false,"potions_floor_spawned":[4,6,14,16,19,23,33,42,45],"ascension_level":0}}