{"host":"7cp3z5w0tcrrm8ys","time":1607772470,"event":{"mods":["AchievementEnabler","BaseMod","DeckTracker","Minty Spire (QoL Compilation)","StSLib","SuperFastMode"],"gold_per_floor":[113,113,113,138,32,75,0,23,50,50,50,104,120,140,140,233,233,251,251,276,276,276,276,316,316],"floor_reached":24,"playtime":664,"items_purged":["Strike_G"],"score":478,"play_id":"c3b5503a-f9d7-499d-9ad2-f1b1c0d8355f","local_time":"20201212202750","is_ascension_mode":true,"campfire_choices":[{"data":"Masterful Stab","floor":10,"key":"SMITH"},{"data":"Predator","floor":15,"key":"SMITH"},{"floor":23,"key":"REST"}],"circlet_count":0,"master_deck":["AscendersBane","Strike_G","Strike_G","Defend_G","Defend_G","Defend_G","Defend_G","Defend_G","Survivor","Neutralize","Predator+1","Dark Shackles","All Out Attack","Masterful Stab+1","After Image","Escape Plan"],"relics":["Ring of the Snake","NeowsBlessing","Golden Idol","Oddly Smooth Stone","Bag of Preparation","Nunchaku","SlaversCollar","Orichalcum"],"acts_visited":["Exordium","TheCity"],"potions_floor_usage":[16,16],"damage_taken":[{"damage":0,"enemies":"2 Louse","floor":1,"turns":1},{"damage":0,"enemies":"Small Slimes","floor":4,"turns":1},{"damage":0,"enemies":"3 Sentries","floor":6,"turns":2},{"damage":0,"enemies":"Jaw Worm","floor":8,"turns":4},{"damage":0,"enemies":"Blue Slaver","floor":13,"turns":3},{"damage":0,"enemies":"Large Slime","floor":14,"turns":5},{"damage":23,"enemies":"Slime Boss","floor":16,"turns":11},{"damage":14,"enemies":"3 Byrds","floor":18,"turns":12},{"damage":21,"enemies":"Shell Parasite","floor":20,"turns":18},{"damage":38,"enemies":"Slavers","floor":24,"turns":7}],"seed_played":"-7147757557664993849","potions_obtained":[{"floor":1,"key":"Swift Potion"},{"floor":4,"key":"PowerPotion"},{"floor":14,"key":"CultistPotion"},{"floor":20,"key":"FairyPotion"},{"floor":24,"key":"SkillPotion"}],"is_trial":false,"path_per_floor":["M","?","?","M","$","E","$","M","T","R","$","T","M","M","R","B",null,"M","?","M","?","?","R","E"],"character_chosen":"THE_SILENT","items_purchased":["Dark Shackles"],"campfire_rested":1,"item_purchase_floors":[5],"current_hp_per_floor":[59,52,52,52,52,52,52,52,52,52,52,52,52,52,52,29,52,38,38,17,8,8,26,18,18],"gold":316,"neow_bonus":"THREE_ENEMY_KILL","is_daily":false,"chose_seed":false,"campfire_upgraded":2,"win_rate":0.0,"timestamp":1607772470,"path_taken":["M","?","?","M","$","E","$","M","T","R","?","?","M","M","R","BOSS","M","?","M","?","?","R","E"],"items_purchased_type":["Card"],"build_version":"2020-11-30","purchased_purges":1,"victory":false,"max_hp_per_floor":[66,66,60,60,60,60,60,60,60,60,60,60,60,60,60,60,60,60,60,60,60,60,60,60,60],"card_choices":[{"not_picked":["Distraction","Catalyst"],"picked":"Predator","floor":1},{"not_picked":["Concentrate","Deadly Poison","Flying Knee"],"picked":"SKIP","floor":4},{"not_picked":["Concentrate","Deadly Poison"],"picked":"All Out Attack","floor":6},{"not_picked":["Dagger Throw","Backflip"],"picked":"Masterful Stab","floor":8},{"not_picked":["Deflect","Dash","Outmaneuver"],"picked":"SKIP","floor":13},{"not_picked":["Deflect","Bane","Noxious Fumes"],"picked":"SKIP","floor":14},{"not_picked":["Unload","Adrenaline"],"picked":"After Image","floor":16},{"not_picked":["Acrobatics","Cloak And Dagger+1","Slice"],"picked":"SKIP","floor":18},{"not_picked":["Deadly Poison","Accuracy"],"picked":"Escape Plan","floor":20}],"player_experience":784151,"relics_obtained":[{"floor":6,"key":"Oddly Smooth Stone"},{"floor":9,"key":"Bag of Preparation"},{"floor":12,"key":"Nunchaku"},{"floor":24,"key":"Orichalcum"}],"event_choices":[{"cards_removed":["Strike_G"],"damage_healed":0,"gold_gain":0,"player_choice":"Card Removal","damage_taken":7,"max_hp_gain":0,"max_hp_loss":0,"event_name":"Golden Wing","floor":2,"gold_loss":0},{"damage_healed":0,"gold_gain":0,"player_choice":"Lose Max HP","damage_taken":0,"relics_obtained":["Golden Idol"],"max_hp_gain":0,"max_hp_loss":6,"event_name":"Golden Idol","floor":3,"gold_loss":0},{"damage_healed":0,"gold_gain":0,"player_choice":"Ignored","damage_taken":0,"max_hp_gain":0,"max_hp_loss":0,"event_name":"The Mausoleum","floor":19,"gold_loss":0},{"damage_healed":0,"gold_gain":0,"player_choice":"Stopped","damage_taken":9,"max_hp_gain":0,"max_hp_loss":0,"event_name":"Cursed Tome","floor":21,"gold_loss":0},{"cards_removed":["Strike_G"],"damage_healed":0,"gold_gain":0,"player_choice":"Purged","damage_taken":0,"max_hp_gain":0,"max_hp_loss":0,"event_name":"Purifier","floor":22,"gold_loss":0}],"is_beta":false,"boss_relics":[{"not_picked":["Fusion Hammer","Runic Pyramid"],"picked":"SlaversCollar"}],"items_purged_floors":[7],"is_endless":false,"potions_floor_spawned":[1,4,8,14,20,24],"killed_by":"Slavers","ascension_level":20}}