{"host":"yo9wwslrag05lh37","time":1607733766,"event":{"mods":["AchievementEnabler","BaseMod","Block Reminder","Colored Map","Colored Powertips","GifTheSpireLib","HexUI Lib","Highlight Path","Minty Spire (QoL Compilation)","Rare Cards Sparkle","Relic Stats","StSLib","everything is the same but u backflip on backflip"],"gold_per_floor":[109,34,34,45,45,75,75,108,108,133,58,58,58,70,70,149,149,169,8,8,23,23,23,23,57,57,67,95,95,58,74,74,151,151,165,165,176,191,205,233,249,275,323,323,323],"floor_reached":44,"playtime":3134,"items_purged":["Strike_R"],"score":1173,"play_id":"0032ddcc-e475-4413-985e-603e031545a2","local_time":"20201212014246","is_ascension_mode":true,"campfire_choices":[{"data":"Cleave","floor":7,"key":"SMITH"},{"data":"Bash","floor":12,"key":"SMITH"},{"data":"Blood for Blood","floor":15,"key":"SMITH"},{"data":"Spot Weakness","floor":24,"key":"SMITH"},{"data":"Whirlwind","floor":29,"key":"SMITH"},{"data":"Shockwave","floor":32,"key":"SMITH"}],"circlet_count":0,"master_deck":["AscendersBane","Defend_R","Defend_R","Defend_R","Bash+1","Cleave+1","Evolve+1","Reaper+1","Battle Trance","Blood for Blood+1","Limit Break+1","Entrench+1","Battle Trance+1","Twin Strike+1","Spot Weakness+1","Bloodletting","Headbutt","Whirlwind+1","Shockwave+1","Sword Boomerang","Offering","Disarm","Apotheosis","Flash of Steel","Disarm+1","Fiend Fire"],"relics":["Burning Blood","NeowsBlessing","Ancient Tea Set","Incense Burner","Pear","MealTicket","Astrolabe","Omamori","Necronomicon","Juzu Bracelet","Mummified Hand","Happy Flower","SlaversCollar","Blood Vial","Torii","Art of War"],"acts_visited":["Exordium","TheCity","TheBeyond"],"potions_floor_usage":[14,16,28,33,35,44,44],"damage_taken":[{"damage":0,"enemies":"2 Louse","floor":1,"turns":1},{"damage":0,"enemies":"Small Slimes","floor":4,"turns":1},{"damage":0,"enemies":"Gremlin Nob","floor":6,"turns":1},{"damage":20,"enemies":"3 Sentries","floor":8,"turns":6},{"damage":53,"enemies":"Lagavulin","floor":10,"turns":8},{"damage":2,"enemies":"Jaw Worm","floor":14,"turns":2},{"damage":18,"enemies":"Slime Boss","floor":16,"turns":5},{"damage":8,"enemies":"Spheric Guardian","floor":18,"turns":5},{"damage":12,"enemies":"Chosen","floor":21,"turns":3},{"damage":40,"enemies":"Book of Stabbing","floor":25,"turns":4},{"damage":13,"enemies":"Snecko","floor":27,"turns":3},{"damage":20,"enemies":"Gremlin Leader","floor":28,"turns":4},{"damage":4,"enemies":"Sentry and Sphere","floor":31,"turns":3},{"damage":62,"enemies":"Collector","floor":33,"turns":7},{"damage":3,"enemies":"Orb Walker","floor":35,"turns":1},{"damage":0,"enemies":"3 Shapes","floor":37,"turns":1},{"damage":27,"enemies":"Transient","floor":38,"turns":6},{"damage":29,"enemies":"3 Darklings","floor":39,"turns":4},{"damage":6,"enemies":"Reptomancer","floor":40,"turns":2},{"damage":9,"enemies":"Sphere and 2 Shapes","floor":41,"turns":1},{"damage":68,"enemies":"Giant Head","floor":42,"turns":8},{"damage":58,"enemies":"Writhing Mass","floor":44,"turns":2}],"seed_played":"6878792185175884949","potions_obtained":[{"floor":4,"key":"PowerPotion"},{"floor":8,"key":"Swift Potion"},{"floor":10,"key":"Fruit Juice"},{"floor":14,"key":"Ancient Potion"},{"floor":18,"key":"PowerPotion"},{"floor":25,"key":"Fruit Juice"},{"floor":31,"key":"ColorlessPotion"},{"floor":33,"key":"FearPotion"},{"floor":35,"key":"FearPotion"},{"floor":38,"key":"EssenceOfSteel"},{"floor":42,"key":"PowerPotion"}],"is_trial":false,"path_per_floor":["M","?","?","M","?","E","R","E","T","E","$","R","?","M","R","B",null,"M","$","?","M","?","?","R","E","T","M","E","R","$","M","R","B",null,"M","?","M","M","M","E","M","E","T","M"],"character_chosen":"IRONCLAD","items_purchased":["Omamori","Shockwave"],"campfire_rested":0,"item_purchase_floors":[19,30],"current_hp_per_floor":[74,74,79,80,73,79,79,65,75,31,46,46,19,28,28,23,77,79,94,73,76,76,76,76,77,77,70,80,80,95,95,95,100,100,100,90,96,75,100,100,97,44,44,0,0],"gold":323,"neow_bonus":"THREE_ENEMY_KILL","is_daily":false,"chose_seed":false,"campfire_upgraded":6,"win_rate":0.0,"timestamp":1607733766,"path_taken":["M","?","?","M","?","E","R","E","T","E","?","R","?","M","R","BOSS","M","$","?","M","?","?","R","E","T","M","E","R","$","M","R","BOSS","M","?","M","M","M","E","M","E","T","M"],"items_purchased_type":["Relic","Card"],"build_version":"2020-11-30","purchased_purges":1,"victory":false,"max_hp_per_floor":[75,75,80,80,80,80,80,80,90,90,90,90,90,95,95,95,95,95,95,95,95,95,95,95,95,95,95,95,95,95,95,95,100,100,100,100,100,100,100,100,100,100,100,100,100],"relic_stats":{"Blood Vial":4,"Happy Flower":[11],"Torii":1,"counters":[22,78],"Mummified Hand":[5],"Astrolabe":["Entrench","Battle Trance","Twin Strike"],"MealTicket":45,"Necronomicon":[28],"Juzu Bracelet":0,"Art of War":[1],"obtain_stats":[{"Pear":9,"NeowsBlessing":0,"Happy Flower":28,"Torii":42,"Astrolabe":17,"Incense Burner":8,"Omamori":19,"Juzu Bracelet":22,"Ancient Tea Set":6,"Burning Blood":0,"Blood Vial":40,"SlaversCollar":34,"Mummified Hand":25,"MealTicket":10,"Necronomicon":20,"Art of War":43},{"Pear":4,"NeowsBlessing":0,"Happy Flower":12,"Torii":21,"Astrolabe":7,"Incense Burner":4,"Omamori":8,"Juzu Bracelet":9,"Ancient Tea Set":3,"Burning Blood":0,"Blood Vial":19,"SlaversCollar":14,"Mummified Hand":10,"MealTicket":5,"Necronomicon":8,"Art of War":21},{"Pear":9,"NeowsBlessing":0,"Happy Flower":43,"Torii":76,"Astrolabe":24,"Incense Burner":9,"Omamori":29,"Juzu Bracelet":32,"Ancient Tea Set":3,"Burning Blood":0,"Blood Vial":67,"SlaversCollar":53,"Mummified Hand":36,"MealTicket":17,"Necronomicon":29,"Art of War":76}],"Burning Blood":105},"card_choices":[{"not_picked":["Clash","Wild Strike"],"picked":"Cleave","floor":1},{"not_picked":["Body Slam","Reckless Charge","Havoc"],"picked":"SKIP","floor":4},{"not_picked":["Armaments","Clothesline"],"picked":"Evolve","floor":6},{"not_picked":["Wild Strike","True Grit"],"picked":"Reaper","floor":8},{"not_picked":["Sword Boomerang","Ghostly Armor"],"picked":"Battle Trance","floor":10},{"not_picked":["Flex","Pommel Strike"],"picked":"Blood for Blood","floor":14},{"not_picked":["Double Tap","Barricade"],"picked":"Limit Break","floor":16},{"not_picked":["Iron Wave","Flex"],"picked":"Spot Weakness","floor":18},{"not_picked":["Warcry","Cleave"],"picked":"Bloodletting","floor":21},{"not_picked":["Reckless Charge","Cleave"],"picked":"Headbutt","floor":25},{"not_picked":["Armaments","Pommel Strike","Warcry"],"picked":"SKIP","floor":27},{"not_picked":["Feed","Iron Wave+1"],"picked":"Whirlwind","floor":28},{"not_picked":["Perfected Strike","Wild Strike"],"picked":"Sword Boomerang","floor":31},{"not_picked":["Brutality","Juggernaut"],"picked":"Offering","floor":33},{"not_picked":["Sentinel","Carnage"],"picked":"Disarm","floor":35},{"not_picked":["Transmutation","Metamorphosis"],"picked":"Apotheosis","floor":36},{"not_picked":["Panacea","Sadistic Nature"],"picked":"Flash of Steel","floor":36},{"not_picked":["Flex","Cleave","Armaments"],"picked":"SKIP","floor":37},{"not_picked":["Clothesline","Iron Wave","Twin Strike"],"picked":"SKIP","floor":38},{"not_picked":["Perfected Strike","Armaments","Evolve"],"picked":"SKIP","floor":39},{"not_picked":["Entrench","Sever Soul"],"picked":"Disarm+1","floor":40},{"not_picked":["Searing Blow","Sword Boomerang","Dual Wield"],"picked":"SKIP","floor":41},{"not_picked":["Carnage","Wild Strike"],"picked":"Fiend Fire","floor":42}],"player_experience":1324465,"relics_obtained":[{"floor":6,"key":"Ancient Tea Set"},{"floor":8,"key":"Incense Burner"},{"floor":9,"key":"Pear"},{"floor":10,"key":"MealTicket"},{"floor":20,"key":"Necronomicon"},{"floor":25,"key":"Mummified Hand"},{"floor":28,"key":"Happy Flower"},{"floor":40,"key":"Blood Vial"},{"floor":42,"key":"Torii"},{"floor":43,"key":"Art of War"}],"event_choices":[{"cards_removed":["Defend_R"],"damage_healed":0,"gold_gain":0,"player_choice":"Card Removal","damage_taken":0,"max_hp_gain":0,"max_hp_loss":0,"event_name":"The Cleric","floor":2,"gold_loss":75},{"damage_healed":0,"gold_gain":0,"player_choice":"Donut","damage_taken":0,"max_hp_gain":5,"max_hp_loss":0,"event_name":"Big Fish","floor":3,"gold_loss":0},{"cards_removed":["Strike_R"],"damage_healed":0,"gold_gain":0,"player_choice":"Card Removal","damage_taken":7,"max_hp_gain":0,"max_hp_loss":0,"event_name":"Golden Wing","floor":5,"gold_loss":0},{"damage_healed":0,"gold_gain":0,"player_choice":"Entered Light","damage_taken":27,"max_hp_gain":0,"max_hp_loss":0,"event_name":"Shining Light","floor":13,"gold_loss":0,"cards_upgraded":["Evolve","Reaper"]},{"damage_healed":0,"gold_gain":0,"player_choice":"Obtained Book","damage_taken":21,"max_hp_gain":0,"max_hp_loss":0,"event_name":"Cursed Tome","floor":20,"gold_loss":0},{"damage_healed":0,"gold_gain":0,"player_choice":"Stole Relic","damage_taken":0,"relics_obtained":["Juzu Bracelet"],"max_hp_gain":0,"max_hp_loss":0,"event_name":"Addict","floor":22,"gold_loss":0,"cards_obtained":["Shame"]},{"damage_healed":0,"gold_gain":0,"player_choice":"Forge","damage_taken":0,"max_hp_gain":0,"max_hp_loss":0,"event_name":"Accursed Blacksmith","floor":23,"gold_loss":0,"cards_upgraded":["Limit Break"]},{"damage_healed":0,"gold_gain":0,"player_choice":"Memory 3","damage_taken":10,"max_hp_gain":0,"max_hp_loss":0,"event_name":"SensoryStone","floor":36,"gold_loss":0}],"is_beta":false,"boss_relics":[{"not_picked":["Calling Bell","Empty Cage"],"picked":"Astrolabe"},{"not_picked":["Black Star","Black Blood"],"picked":"SlaversCollar"}],"items_purged_floors":[11],"is_endless":false,"potions_floor_spawned":[4,8,10,14,18,25,31,33,35,38,42],"killed_by":"Writhing Mass","ascension_level":20}}