{"host":"mvlqq966zh3ccmv5","time":1607794989,"event":{"mods":["AchievementEnabler","BaseMod","DeckTracker","Minty Spire (QoL Compilation)","SuperFastMode"],"gold_per_floor":[369,7,7,17,27,61,75,75,75,110,110,110,120,132,132,236,236,255,273,62,62,72,72,102,102,102,102,12,32,32,60,60,60,60],"floor_reached":33,"playtime":762,"items_purged":["Strike_B"],"score":398,"play_id":"206ce75a-3656-40ca-aab7-d4b540451153","local_time":"20201213024309","is_ascension_mode":true,"campfire_choices":[{"floor":8,"key":"REST"},{"floor":11,"key":"REST"},{"data":"Zap","floor":15,"key":"SMITH"},{"floor":23,"key":"REST"},{"floor":27,"key":"REST"},{"floor":30,"key":"REST"},{"floor":32,"key":"REST"}],"circlet_count":0,"master_deck":["Strike_B","Defend_B","Defend_B","Defend_B","Zap+1","Dualcast","Sweeping Beam","Gash","Rebound","BootSequence","Redo","Rebound","Reboot","Go for the Eyes","Streamline","Gash","All For One","Steam","Steam","Bandage Up","J.A.X.","Streamline+1","Swift Strike","Gash"],"relics":["Cracked Core","Gremlin Horn","Darkstone Periapt","Blue Candle","Mercury Hourglass","Empty Cage","Nloth\u0027s Gift","Bottled Flame","StrikeDummy"],"acts_visited":["Exordium","TheCity"],"potions_floor_usage":[10,16,18,31],"damage_taken":[{"damage":0,"enemies":"Small Slimes","floor":1,"turns":3},{"damage":1,"enemies":"Cultist","floor":4,"turns":3},{"damage":0,"enemies":"Jaw Worm","floor":5,"turns":2},{"damage":36,"enemies":"Gremlin Nob","floor":6,"turns":4},{"damage":0,"enemies":"Exordium Wildlife","floor":7,"turns":3},{"damage":20,"enemies":"Lagavulin","floor":10,"turns":7},{"damage":0,"enemies":"3 Louse","floor":13,"turns":2},{"damage":0,"enemies":"Gremlin Gang","floor":14,"turns":2},{"damage":13,"enemies":"Slime Boss","floor":16,"turns":6},{"damage":1,"enemies":"Spheric Guardian","floor":18,"turns":3},{"damage":34,"enemies":"Shell Parasite","floor":19,"turns":5},{"damage":15,"enemies":"Cultist and Chosen","floor":22,"turns":5},{"damage":28,"enemies":"Gremlin Leader","floor":24,"turns":4},{"damage":13,"enemies":"3 Cultists","floor":29,"turns":4},{"damage":14,"enemies":"Book of Stabbing","floor":31,"turns":4},{"damage":81,"enemies":"Champ","floor":33,"turns":7}],"seed_played":"-5922141897734105295","potions_obtained":[{"floor":6,"key":"DistilledChaos"},{"floor":7,"key":"AttackPotion"},{"floor":13,"key":"Explosive Potion"},{"floor":16,"key":"SteroidPotion"},{"floor":24,"key":"DuplicationPotion"},{"floor":29,"key":"ColorlessPotion"}],"is_trial":false,"path_per_floor":["M","$","?","M","M","E","M","R","T","E","R","?","M","M","R","B",null,"M","M","$","?","M","R","E","?","T","R","$","M","R","E","R","B"],"character_chosen":"DEFECT","items_purchased":["Gash","Rebound","Gremlin Horn","Steam","Bandage Up","Swift Strike"],"campfire_rested":6,"item_purchase_floors":[2,2,2,20,20,28],"current_hp_per_floor":[50,50,50,49,49,13,13,35,35,15,37,30,30,30,30,17,61,60,26,26,26,15,37,13,13,13,35,35,22,44,34,56,0,0],"gold":60,"neow_bonus":"TWO_FIFTY_GOLD","is_daily":false,"chose_seed":false,"campfire_upgraded":1,"win_rate":0.0,"timestamp":1607794989,"path_taken":["M","$","?","M","?","E","M","R","T","E","R","?","M","M","R","BOSS","M","M","$","?","M","R","E","?","T","R","$","M","R","E","R","BOSS"],"items_purchased_type":["Card","Card","Relic","Card","Card","Card"],"build_version":"2020-11-30","purchased_purges":1,"victory":false,"max_hp_per_floor":[75,75,75,75,75,75,75,75,75,75,75,75,75,75,75,75,75,75,75,75,75,75,75,75,75,75,75,75,75,75,75,75,75,75],"card_choices":[{"not_picked":["Hologram","Compile Driver"],"picked":"Sweeping Beam","floor":1},{"not_picked":["Leap","Self Repair"],"picked":"Redo","floor":4},{"not_picked":["Hologram","Barrage"],"picked":"Rebound","floor":5},{"not_picked":["Stack","Hologram"],"picked":"Reboot","floor":6},{"not_picked":["Beam Cell","Streamline"],"picked":"Go for the Eyes","floor":7},{"not_picked":["Consume","Leap","Darkness"],"picked":"SKIP","floor":10},{"not_picked":["Rebound","Leap"],"picked":"Streamline","floor":13},{"not_picked":["Sunder","Coolheaded"],"picked":"Gash","floor":14},{"not_picked":["Seek","Machine Learning"],"picked":"All For One","floor":16},{"not_picked":["Leap+1","Capacitor","Compile Driver"],"picked":"SKIP","floor":18},{"not_picked":["Steam","Leap","Rebound"],"picked":"SKIP","floor":19},{"not_picked":["Leap","Rebound"],"picked":"Steam","floor":19},{"not_picked":["Barrage","Sweeping Beam","Conserve Battery"],"picked":"SKIP","floor":22},{"not_picked":["White Noise","Doom and Gloom"],"picked":"Streamline+1","floor":24},{"not_picked":["Force Field","Conserve Battery"],"picked":"Gash","floor":29},{"not_picked":["Multi-Cast","Capacitor","Loop"],"picked":"SKIP","floor":31}],"player_experience":200756,"relics_obtained":[{"floor":6,"key":"Darkstone Periapt"},{"floor":9,"key":"Blue Candle"},{"floor":10,"key":"Mercury Hourglass"},{"floor":24,"key":"Question Card"},{"floor":26,"key":"Bottled Flame"},{"floor":31,"key":"StrikeDummy"}],"event_choices":[{"damage_healed":0,"gold_gain":0,"player_choice":"1 cards matched","damage_taken":0,"max_hp_gain":0,"max_hp_loss":0,"event_name":"Match and Keep!","floor":3,"gold_loss":0,"cards_obtained":["BootSequence"]},{"cards_removed":["Strike_B"],"damage_healed":0,"gold_gain":0,"player_choice":"Card Removal","damage_taken":7,"max_hp_gain":0,"max_hp_loss":0,"event_name":"Golden Wing","floor":12,"gold_loss":0},{"damage_healed":0,"gold_gain":0,"player_choice":"Obtain J.A.X.","damage_taken":0,"max_hp_gain":0,"max_hp_loss":0,"event_name":"Drug Dealer","floor":21,"gold_loss":0,"cards_obtained":["J.A.X."]},{"damage_healed":0,"gold_gain":0,"player_choice":"Traded Relic","damage_taken":0,"relics_obtained":["Nloth\u0027s Gift"],"max_hp_gain":0,"max_hp_loss":0,"event_name":"N\u0027loth","floor":25,"relics_lost":["Question Card"],"gold_loss":0}],"is_beta":false,"boss_relics":[{"not_picked":["Sozu","SacredBark"],"picked":"Empty Cage"}],"items_purged_floors":[20],"is_endless":false,"potions_floor_spawned":[6,7,13,16,24,29],"killed_by":"Champ","ascension_level":7}}