{"host":"3a1ypf1irl30q4k8","time":1607810663,"event":{"mods":["AchievementEnabler","BaseMod","Bestiary","Colored Map","Minty Spire (QoL Compilation)","Relic Stats"],"gold_per_floor":[116,130,150,150,150,150,162,162,162,173,173,173,173,203,203,304,354,371,384,384,384],"floor_reached":20,"playtime":1006,"items_purged":[],"score":244,"play_id":"93fc22fb-6633-4b4e-b458-6c736686adfe","local_time":"20201212220423","is_ascension_mode":true,"campfire_choices":[{"data":"Barrage","floor":6,"key":"SMITH"},{"data":"Glacier","floor":8,"key":"SMITH"},{"data":"Cold Snap","floor":11,"key":"SMITH"},{"floor":15,"key":"REST"}],"circlet_count":0,"master_deck":["Strike_B+1","Strike_B+1","Strike_B","Defend_B","Defend_B","Defend_B+1","Zap","Dualcast","Go for the Eyes","Glacier+1","Barrage+1","Chill","Cold Snap+1","Coolheaded","Reboot","White Noise","Conserve Battery"],"relics":["Empty Cage","Incense Burner","The Courier","Oddly Smooth Stone","Tiny House"],"acts_visited":["Exordium","TheCity"],"potions_floor_usage":[16,18],"damage_taken":[{"damage":9,"enemies":"Small Slimes","floor":1,"turns":3},{"damage":2,"enemies":"Jaw Worm","floor":2,"turns":4},{"damage":0,"enemies":"Cultist","floor":3,"turns":5},{"damage":22,"enemies":"Gremlin Gang","floor":7,"turns":7},{"damage":0,"enemies":"Looter","floor":10,"turns":5},{"damage":2,"enemies":"Lagavulin","floor":14,"turns":6},{"damage":3,"enemies":"Hexaghost","floor":16,"turns":13},{"damage":15,"enemies":"Shell Parasite","floor":18,"turns":5},{"damage":4,"enemies":"Spheric Guardian","floor":19,"turns":6},{"damage":71,"enemies":"3 Cultists","floor":20,"turns":7}],"seed_played":"2647383009327555429","potions_obtained":[{"floor":14,"key":"AttackPotion"},{"floor":16,"key":"PowerPotion"},{"floor":17,"key":"SpeedPotion"}],"is_trial":false,"path_per_floor":["M","M","M","?","T","R","M","R","T","M","R","?","?","E","R","B",null,"M","M","M"],"character_chosen":"DEFECT","items_purchased":[],"campfire_rested":1,"item_purchase_floors":[],"current_hp_per_floor":[59,57,57,62,62,62,40,40,40,40,40,24,24,22,46,43,76,61,57,0,0],"gold":384,"neow_bonus":"BOSS_RELIC","is_daily":false,"chose_seed":false,"campfire_upgraded":3,"win_rate":0.0,"timestamp":1607810663,"path_taken":["M","M","M","?","?","R","M","R","T","M","R","?","?","E","R","BOSS","M","M","M"],"items_purchased_type":[],"build_version":"2020-11-30","purchased_purges":0,"victory":false,"max_hp_per_floor":[75,75,75,80,80,80,80,80,80,80,80,80,80,80,80,80,85,85,85,85,85],"relic_stats":{"counters":[10,61],"obtain_stats":[{"Tiny House":17,"Oddly Smooth Stone":14,"The Courier":9,"Incense Burner":5,"Cracked Core":0,"Empty Cage":0},{"Tiny House":7,"Oddly Smooth Stone":6,"The Courier":4,"Incense Burner":3,"Cracked Core":0,"Empty Cage":0},{"Tiny House":43,"Oddly Smooth Stone":30,"The Courier":19,"Incense Burner":12,"Cracked Core":0,"Empty Cage":0}]},"card_choices":[{"not_picked":["Barrage","Steam"],"picked":"Go for the Eyes","floor":1},{"not_picked":["Melter","Turbo"],"picked":"Glacier","floor":2},{"not_picked":["Gash","Undo"],"picked":"Barrage","floor":3},{"not_picked":["BootSequence","Machine Learning"],"picked":"Chill","floor":7},{"not_picked":["Fusion","Go for the Eyes"],"picked":"Cold Snap","floor":10},{"not_picked":["Redo","Stack"],"picked":"Coolheaded","floor":14},{"not_picked":["Rainbow","Hyperbeam"],"picked":"Reboot","floor":16},{"not_picked":["Force Field","Sweeping Beam"],"picked":"White Noise","floor":17},{"not_picked":["Leap","Undo","FTL"],"picked":"SKIP","floor":18},{"not_picked":["Ball Lightning","Beam Cell"],"picked":"Conserve Battery","floor":19}],"player_experience":831105,"relics_obtained":[{"floor":5,"key":"Incense Burner"},{"floor":9,"key":"The Courier"},{"floor":14,"key":"Oddly Smooth Stone"}],"event_choices":[{"damage_healed":0,"gold_gain":0,"player_choice":"Donut","damage_taken":0,"max_hp_gain":5,"max_hp_loss":0,"event_name":"Big Fish","floor":4,"gold_loss":0},{"damage_healed":0,"gold_gain":0,"player_choice":"Entered Light","damage_taken":16,"max_hp_gain":0,"max_hp_loss":0,"event_name":"Shining Light","floor":12,"gold_loss":0,"cards_upgraded":["Strike_B","Strike_B"]},{"damage_healed":0,"gold_gain":0,"player_choice":"Fled","damage_taken":0,"max_hp_gain":0,"max_hp_loss":0,"event_name":"Scrap Ooze","floor":13,"gold_loss":0}],"is_beta":false,"boss_relics":[{"not_picked":["Nuclear Battery","Busted Crown"],"picked":"Tiny House"}],"items_purged_floors":[],"is_endless":false,"potions_floor_spawned":[14,16],"killed_by":"3 Cultists","ascension_level":8}}