{"host":"l2821e3dgmq4sghh","time":1607795223,"event":{"mods":["BaseMod","Colored Powertips","Minty Spire (QoL Compilation)","StSLib"],"gold_per_floor":[110,260,5,5,5,34,34,67,67,142,171,171,182,212,212,286,286,299,314,334,354,354,354,372,403,403,403,2,2,22,53,53,127,127,141,78,125,125,137,167,2,2,2],"floor_reached":42,"playtime":6325,"items_purged":["Doubt","Strike_G","Strike_G","Strike_G"],"score":1216,"play_id":"05db945d-5c12-402b-af5f-dc9e9c80dd96","local_time":"20201212184703","is_ascension_mode":true,"campfire_choices":[{"data":"Apotheosis","floor":7.0,"key":"SMITH"},{"floor":15.0,"key":"REST"},{"floor":23.0,"key":"REST"},{"floor":27.0,"key":"REST"},{"floor":29.0,"key":"REST"},{"floor":32.0,"key":"RECALL"}],"circlet_count":0,"master_deck":["AscendersBane","Defend_G","Defend_G","Defend_G+1","Defend_G","Defend_G+1","Survivor","Neutralize","Dagger Spray","Apotheosis+1","Flying Knee","PiercingWail","Corpse Explosion","Backflip","Malaise","Glass Knife","Dodge and Roll","Bane","Masterful Stab","Cloak And Dagger","A Thousand Cuts+1","Noxious Fumes+1","PiercingWail","Bouncing Flask","Backflip+1","Dodge and Roll","Deflect+1","Caltrops+1","Malaise","Leg Sweep","Deadly Poison+1","Caltrops+1","Panacea"],"relics":["Ring of the Snake","NeowsBlessing","Letter Opener","Singing Bowl","HornCleat","Ninja Scroll","Ancient Tea Set","Sundial","SlaversCollar","Frozen Egg 2","Membership Card","Oddly Smooth Stone","Calipers","Fusion Hammer","Tingsha","Question Card"],"acts_visited":["TheCity","TheBeyond"],"potions_floor_usage":[33,37,37,42],"damage_taken":[{"damage":0.0,"enemies":"2 Louse","floor":1.0,"turns":1.0},{"damage":0.0,"enemies":"3 Sentries","floor":6.0,"turns":1.0},{"damage":0.0,"enemies":"Lagavulin","floor":8.0,"turns":1.0},{"damage":0.0,"enemies":"3 Sentries","floor":11.0,"turns":7.0},{"damage":0.0,"enemies":"Small Slimes","floor":13.0,"turns":3.0},{"damage":0.0,"enemies":"Gremlin Nob","floor":14.0,"turns":4.0},{"damage":4.0,"enemies":"The Guardian","floor":16.0,"turns":12.0},{"damage":0.0,"enemies":"Chosen","floor":18.0,"turns":5.0},{"damage":8.0,"enemies":"Shell Parasite","floor":19.0,"turns":7.0},{"damage":15.0,"enemies":"Snecko","floor":20.0,"turns":7.0},{"damage":21.0,"enemies":"Shelled Parasite and Fungi","floor":21.0,"turns":4.0},{"damage":5.0,"enemies":"Snake Plant","floor":24.0,"turns":5.0},{"damage":19.0,"enemies":"Gremlin Leader","floor":25.0,"turns":8.0},{"damage":2.0,"enemies":"Centurion and Healer","floor":30.0,"turns":5.0},{"damage":0.0,"enemies":"Slavers","floor":31.0,"turns":4.0},{"damage":6,"enemies":"Automaton","floor":33,"turns":10},{"damage":0,"enemies":"Orb Walker","floor":35,"turns":4},{"damage":21,"enemies":"2 Orb Walkers","floor":37,"turns":4},{"damage":0,"enemies":"3 Shapes","floor":39,"turns":6},{"damage":38,"enemies":"Nemesis","floor":40,"turns":9},{"damage":19,"enemies":"Jaw Worm Horde","floor":42,"turns":2}],"seed_played":"3869669618789309563","potions_obtained":[{"floor":1.0,"key":"Strength Potion"},{"floor":11.0,"key":"GhostInAJar"},{"floor":13.0,"key":"SpeedPotion"},{"floor":14.0,"key":"Weak Potion"},{"floor":18.0,"key":"DistilledChaos"},{"floor":19.0,"key":"Block Potion"},{"floor":20.0,"key":"CunningPotion"},{"floor":24.0,"key":"Explosive Potion"},{"floor":31.0,"key":"PowerPotion"},{"floor":33,"key":"AttackPotion"},{"floor":35,"key":"Poison Potion"},{"floor":37,"key":"ColorlessPotion"}],"is_trial":false,"path_per_floor":["M","?","$","?","?","E","R","E","T","?","E","?","M","E","R","B",null,"M","M","M","M","?","R","M","E","T","R","$","R","M","E","R","B",null,"M","$","?","?","M","E","$","M"],"character_chosen":"THE_SILENT","items_purchased":["Apotheosis","Membership Card","Oddly Smooth Stone","Noxious Fumes+1","PiercingWail","Bouncing Flask","Caltrops+1","Panacea"],"campfire_rested":4,"item_purchase_floors":[3,28,28,28,28,28,41,41],"current_hp_per_floor":[59,59,59,39,44,44,44,44,44,33,33,7,7,7,28,24,59,61,53,40,21,21,44,39,20,20,43,43,66,64,64,64,60,74,74,74,53,53,53,15,15,0,0],"gold":2,"neow_bonus":"THREE_ENEMY_KILL","is_daily":false,"chose_seed":false,"campfire_upgraded":1,"win_rate":0.0,"timestamp":1607795223,"path_taken":["M","?","$","?","?","E","R","E","T","?","E","?","?","E","R","BOSS","M","M","M","?","?","R","M","E","T","R","$","R","M","E","R","BOSS","M","$","?","?","M","E","$","M"],"items_purchased_type":["Card","Relic","Relic","Card","Card","Card","Card","Card"],"build_version":"2020-11-30","purchased_purges":4,"victory":false,"max_hp_per_floor":[66,66,66,66,71,71,71,71,71,71,71,71,71,71,71,71,71,73,73,75,77,77,77,77,77,77,77,77,77,77,77,77,79,79,79,79,79,79,79,79,79,79,79],"card_choices":[{"not_picked":["Well Laid Plans","Terror"],"picked":"Dagger Spray","floor":1.0},{"not_picked":["Outmaneuver","Tools of the Trade"],"picked":"Flying Knee","floor":6.0},{"not_picked":["Dagger Throw","Outmaneuver"],"picked":"PiercingWail","floor":8.0},{"not_picked":["Skewer","Terror"],"picked":"Corpse Explosion","floor":11.0},{"not_picked":["Dash","Endless Agony"],"picked":"Backflip","floor":13.0},{"not_picked":["Deadly Poison","Riddle With Holes"],"picked":"Malaise","floor":14.0},{"not_picked":["Doppelganger","Night Terror"],"picked":"Glass Knife","floor":16.0},{"not_picked":["Dagger Throw","Infinite Blades","Dagger Spray"],"picked":"Singing Bowl","floor":18.0},{"not_picked":["Distraction","Bouncing Flask"],"picked":"Dodge and Roll","floor":19.0},{"not_picked":["Acrobatics","Bane","Eviscerate"],"picked":"Singing Bowl","floor":20.0},{"not_picked":["Dagger Spray","Choke","Slice+1"],"picked":"Singing Bowl","floor":21.0},{"not_picked":["Setup","Blade Dance"],"picked":"Cloak And Dagger","floor":24.0},{"not_picked":["Sucker Punch","Deadly Poison"],"picked":"A Thousand Cuts+1","floor":25.0},{"not_picked":["Slice","Flechettes"],"picked":"Backflip+1","floor":30.0},{"not_picked":["Escape Plan","Masterful Stab"],"picked":"Dodge and Roll","floor":31.0},{"not_picked":["Corpse Explosion","Glass Knife","Storm of Steel"],"picked":"Singing Bowl","floor":33},{"not_picked":["Tactician","Acrobatics"],"picked":"Deflect+1","floor":35},{"not_picked":["Slice","Backflip"],"picked":"Caltrops+1","floor":37},{"not_picked":["Backflip","Setup"],"picked":"Leg Sweep","floor":39},{"not_picked":["Choke","Dagger Throw"],"picked":"Deadly Poison+1","floor":40}],"player_experience":5278005,"relics_obtained":[{"floor":6.0,"key":"Letter Opener"},{"floor":8.0,"key":"Singing Bowl"},{"floor":9.0,"key":"HornCleat"},{"floor":11.0,"key":"Ninja Scroll"},{"floor":14.0,"key":"Sundial"},{"floor":25.0,"key":"Frozen Egg 2"},{"floor":31.0,"key":"Calipers"},{"floor":37,"key":"Tingsha"},{"floor":40,"key":"Question Card"}],"event_choices":[{"damage_healed":0.0,"max_hp_gain":0.0,"max_hp_loss":0.0,"gold_gain":150.0,"event_name":"Liars Game","player_choice":"AGREE","floor":2.0,"gold_loss":0.0,"damage_taken":0.0,"cards_obtained":["Doubt"]},{"damage_healed":0.0,"max_hp_gain":0.0,"max_hp_loss":0.0,"gold_gain":0.0,"event_name":"Shining Light","player_choice":"Entered Light","floor":4.0,"gold_loss":0.0,"damage_taken":20.0,"cards_upgraded":["Defend_G","Defend_G"]},{"damage_healed":0.0,"max_hp_gain":5.0,"max_hp_loss":0.0,"gold_gain":0.0,"event_name":"Big Fish","player_choice":"Donut","floor":5.0,"gold_loss":0.0,"damage_taken":0.0},{"damage_healed":0.0,"max_hp_gain":0.0,"max_hp_loss":0.0,"gold_gain":75.0,"event_name":"World of Goop","player_choice":"Gather Gold","floor":10.0,"gold_loss":0.0,"damage_taken":11.0},{"damage_healed":0.0,"max_hp_gain":0.0,"max_hp_loss":0.0,"gold_gain":0.0,"event_name":"Scrap Ooze","player_choice":"Success","floor":12.0,"gold_loss":0.0,"damage_taken":26.0,"relics_obtained":["Ancient Tea Set"]},{"damage_healed":0.0,"max_hp_gain":0.0,"max_hp_loss":0.0,"gold_gain":0.0,"cards_transformed":["Strike_G","Strike_G"],"event_name":"Drug Dealer","player_choice":"Became Test Subject","floor":22.0,"gold_loss":0.0,"damage_taken":0.0,"cards_obtained":["Bane","Masterful Stab"]},{"damage_healed":0,"gold_gain":0,"player_choice":"Fight","damage_taken":0,"max_hp_gain":0,"max_hp_loss":0,"event_name":"Mysterious Sphere","floor":37,"gold_loss":0},{"damage_healed":0,"gold_gain":0,"player_choice":"1 cards matched","damage_taken":0,"max_hp_gain":0,"max_hp_loss":0,"event_name":"Match and Keep!","floor":38,"gold_loss":0,"cards_obtained":["Malaise"]}],"is_beta":false,"boss_relics":[{"not_picked":["Velvet Choker","Black Star"],"picked":"SlaversCollar"},{"not_picked":["Runic Pyramid","Snecko Eye"],"picked":"Fusion Hammer"}],"items_purged_floors":[3,28,36,41],"is_endless":false,"potions_floor_spawned":[1,11,13,14,18,19,20,24,31,33,35,37],"killed_by":"Jaw Worm Horde","ascension_level":18}}