{"host":"qw1m3zcvi888b4j7","time":1607804663,"event":{"mods":["AchievementEnabler","BaseMod","Block Reminder","Colored Map","Colored Powertips","Highlight Path","Minty Spire (QoL Compilation)","Quick Restart","Relic Stats"],"gold_per_floor":[118,131,151,162,176,176,189,189,189,207,59,59,59,59,59,155,155,169,189,189,207,207,207,217,217,244,244,159,159,176,176,176,176,176],"floor_reached":33,"playtime":1719,"items_purged":[],"score":264,"play_id":"97269f54-5b57-4296-9f6d-576a2f0fcdff","local_time":"20201212212423","is_ascension_mode":false,"campfire_choices":[{"data":"Berserk","floor":6.0,"key":"SMITH"},{"data":"Armaments","floor":8.0,"key":"SMITH"},{"data":"Spot Weakness","floor":13.0,"key":"SMITH"},{"floor":15.0,"key":"REST"},{"floor":23,"key":"REST"},{"floor":25,"key":"REST"},{"data":"Study","floor":27,"key":"SMITH"},{"floor":29,"key":"REST"},{"floor":32,"key":"REST"}],"circlet_count":0,"master_deck":["Strike_R","Strike_R","Strike_R","Strike_R","Strike_R","Defend_R","Defend_R","Defend_R","Defend_R","Bash","Rupture","Anger","Spot Weakness+1","Flex","Berserk+1","Pommel Strike+1","Combust","Rampage+1","Study+1","Juggernaut","CurseOfTheBell","Dark Embrace+1","Perfected Strike","Sword Boomerang+1","Writhe","Twin Strike+1","Disarm","RitualDagger"],"relics":["Burning Blood","Question Card","Calling Bell","Happy Flower","White Beast Statue","Mango","Boot","PreservedInsect","Eternal Feather"],"acts_visited":["TheCity"],"potions_floor_usage":[21,24,30,33,33],"damage_taken":[{"damage":0.0,"enemies":"Cultist","floor":1.0,"turns":4.0},{"damage":13.0,"enemies":"Jaw Worm","floor":2.0,"turns":3.0},{"damage":6.0,"enemies":"2 Louse","floor":3.0,"turns":2.0},{"damage":10.0,"enemies":"Looter","floor":4.0,"turns":2.0},{"damage":6.0,"enemies":"2 Fungi Beasts","floor":5.0,"turns":3.0},{"damage":19.0,"enemies":"Exordium Thugs","floor":7.0,"turns":2.0},{"damage":12.0,"enemies":"3 Louse","floor":10.0,"turns":2.0},{"damage":69.0,"enemies":"Hexaghost","floor":16.0,"turns":8.0},{"damage":29,"enemies":"Shell Parasite","floor":18,"turns":5},{"damage":20,"enemies":"Chosen","floor":19,"turns":4},{"damage":35,"enemies":"Centurion and Healer","floor":21,"turns":7},{"damage":49,"enemies":"Snake Plant","floor":24,"turns":5},{"damage":69,"enemies":"Cultist and Chosen","floor":30,"turns":7},{"damage":114,"enemies":"Collector","floor":33,"turns":7}],"seed_played":"-6468520640335791255","potions_obtained":[{"floor":1.0,"key":"Strength Potion"},{"floor":2.0,"key":"BloodPotion"},{"floor":4.0,"key":"Fire Potion"},{"floor":18,"key":"LiquidMemories"},{"floor":19,"key":"Block Potion"},{"floor":20,"key":"FairyPotion"},{"floor":21,"key":"FearPotion"},{"floor":24,"key":"SkillPotion"},{"floor":30,"key":"SteroidPotion"}],"is_trial":false,"path_per_floor":["M","M","M","M","M","R","M","R","T","M","$","?","R","?","R","B",null,"M","M","?","M","?","R","M","R","T","R","?","R","M","?","R","B"],"character_chosen":"IRONCLAD","items_purchased":["Combust","Rampage"],"campfire_rested":5,"item_purchase_floors":[11,11],"current_hp_per_floor":[88,81,81,77,77,77,64,64,64,58,58,40,40,40,66,20,102,79,65,65,36,36,66,23,53,53,53,53,98,35,29,74,0,0],"gold":176,"neow_bonus":"TEN_PERCENT_HP_BONUS","is_daily":false,"chose_seed":false,"campfire_upgraded":4,"win_rate":0.0,"timestamp":1607804663,"path_taken":["M","M","M","M","M","R","M","R","T","M","$","?","R","?","R","BOSS","M","M","?","?","?","R","M","R","T","R","?","R","M","?","R","BOSS"],"items_purchased_type":["Card","Card"],"build_version":"2020-11-30","purchased_purges":0,"victory":false,"max_hp_per_floor":[88,88,88,88,88,88,88,88,88,88,88,88,88,88,88,88,102,102,102,102,102,102,102,102,102,102,102,102,102,102,102,102,102,102],"relic_stats":{"Happy Flower":[11],"counters":[6,35],"Eternal Feather":30,"PreservedInsect":0,"Question Card":6,"Boot":[6],"obtain_stats":[{"Calling Bell":17,"Happy Flower":17,"Mango":17,"Eternal Feather":28,"PreservedInsect":26,"Question Card":0,"Boot":22,"Burning Blood":0,"White Beast Statue":17},{"Calling Bell":0,"Happy Flower":0,"Mango":0,"Eternal Feather":4,"PreservedInsect":4,"Question Card":0,"Boot":3,"Burning Blood":0,"White Beast Statue":0},{"Calling Bell":0,"Happy Flower":0,"Mango":0,"Eternal Feather":21,"PreservedInsect":21,"Question Card":0,"Boot":16,"Burning Blood":0,"White Beast Statue":0}],"Burning Blood":30},"card_choices":[{"not_picked":["Blood for Blood","Warcry"],"picked":"Rupture","floor":1.0},{"not_picked":["Dropkick","Whirlwind"],"picked":"Anger","floor":2.0},{"not_picked":["Clothesline","Warcry"],"picked":"Spot Weakness","floor":3.0},{"not_picked":["Pommel Strike","Warcry"],"picked":"Flex","floor":4.0},{"not_picked":["Spot Weakness","Rupture"],"picked":"Berserk","floor":5.0},{"not_picked":["Hemokinesis","Perfected Strike"],"picked":"Armaments","floor":7.0},{"not_picked":["Shockwave","Second Wind","Cleave"],"picked":"Pommel Strike","floor":10.0},{"not_picked":["Impervious","Limit Break","Offering"],"picked":"Juggernaut","floor":16.0},{"not_picked":["Burning Pact","Warcry+1","Second Wind"],"picked":"Dark Embrace+1","floor":18},{"not_picked":["Second Wind+1","Battle Trance+1","Iron Wave"],"picked":"Perfected Strike","floor":19},{"not_picked":["Anger","Battle Trance+1","Shrug It Off"],"picked":"Sword Boomerang+1","floor":21},{"not_picked":["Carnage","Sword Boomerang+1","Clash"],"picked":"Twin Strike+1","floor":24},{"not_picked":["Burning Pact","Heavy Blade","Twin Strike"],"picked":"Disarm","floor":30}],"player_experience":17580,"relics_obtained":[{"floor":9.0,"key":"Question Card"},{"floor":17,"key":"Happy Flower"},{"floor":17,"key":"White Beast Statue"},{"floor":17,"key":"Mango"},{"floor":26,"key":"PreservedInsect"}],"event_choices":[{"damage_healed":0.0,"max_hp_gain":0.0,"max_hp_loss":0.0,"gold_gain":0.0,"event_name":"Shining Light","player_choice":"Entered Light","floor":12.0,"gold_loss":0.0,"damage_taken":18.0,"cards_upgraded":["Pommel Strike","Rampage"]},{"cards_removed":["Armaments"],"damage_healed":0.0,"max_hp_gain":0.0,"max_hp_loss":0.0,"gold_gain":0.0,"event_name":"NoteForYourself","player_choice":"Took Card","floor":14.0,"gold_loss":0.0,"damage_taken":0.0,"cards_obtained":["Study"]},{"damage_healed":0,"gold_gain":0,"player_choice":"Got Potions","damage_taken":0,"max_hp_gain":0,"max_hp_loss":0,"event_name":"Lab","floor":20,"gold_loss":0},{"damage_healed":0,"gold_gain":0,"player_choice":"Opened","damage_taken":0,"relics_obtained":["Boot"],"max_hp_gain":0,"max_hp_loss":0,"event_name":"The Mausoleum","floor":22,"gold_loss":0,"cards_obtained":["Writhe"]},{"damage_healed":0,"gold_gain":0,"player_choice":"Obtained Relic","damage_taken":0,"relics_obtained":["Eternal Feather"],"max_hp_gain":0,"max_hp_loss":0,"event_name":"Addict","floor":28,"gold_loss":85},{"damage_healed":0,"gold_gain":0,"player_choice":"Joined the Cult","damage_taken":6,"max_hp_gain":0,"max_hp_loss":0,"event_name":"Nest","floor":31,"gold_loss":0,"cards_obtained":["RitualDagger"]}],"is_beta":false,"boss_relics":[{"not_picked":["Runic Dome","Cursed Key"],"picked":"Calling Bell"}],"items_purged_floors":[],"is_endless":false,"potions_floor_spawned":[1,2,4,18,19,21,24,30],"killed_by":"Collector","ascension_level":0}}