{"host":"xb2tau8pgi8aflss","time":1607786527,"event":{"mods":["AchievementEnabler","BaseMod","Hermit","Minty Spire (QoL Compilation)","StSLib","SuperFastMode"],"gold_per_floor":[112,112,112,129,141,141,66,93,93,93,112,112,141,159,159,257,257,269,17,35,51,61,92,104,104,177,177,177,177,191,201,201,303,303,313,138,155,166,166,166,181,206,231,231,231,231,9,27,27,27],"floor_reached":51,"playtime":1811,"items_purged":["Pain","Strike_G","Defend_G","Defend_G"],"score":930,"play_id":"640a116e-5f10-4520-b542-fd0fd417ac53","local_time":"20201213002207","is_ascension_mode":true,"campfire_choices":[{"data":"Neutralize","floor":6.0,"key":"SMITH"},{"data":"Masterful Stab","floor":10.0,"key":"SMITH"},{"data":"Finisher","floor":12.0,"key":"SMITH"},{"data":"Survivor","floor":15.0,"key":"SMITH"},{"floor":25.0,"key":"REST"},{"floor":28.0,"key":"REST"},{"floor":32.0,"key":"REST"},{"data":"Calculated Gamble","floor":40.0,"key":"SMITH"},{"floor":45.0,"key":"RECALL"},{"floor":49.0,"key":"REST"}],"circlet_count":0,"master_deck":["Strike_G","Strike_G+1","Defend_G","Defend_G","Survivor+1","Neutralize+1","Cloak And Dagger","Finisher+1","Dagger Throw","Masterful Stab+1","Tools of the Trade","Tactician","A Thousand Cuts","Footwork","Calculated Gamble+1","After Image","Reflex","Cloak And Dagger","Accuracy","Cloak And Dagger","Backflip+1","Adrenaline","Acrobatics","Cloak And Dagger+1","Swift Strike","Blade Dance","Blur"],"relics":["Ring of the Snake","Vajra","WarpedTongs","Thread and Needle","Ginger","Whetstone","HoveringKite","Mercury Hourglass","White Beast Statue","CultistMask","Empty Cage","Sundial","Dream Catcher","Membership Card"],"acts_visited":["Exordium","TheCity","TheBeyond"],"potions_floor_usage":[50,50,50],"damage_taken":[{"damage":1.0,"enemies":"Cultist","floor":1.0,"turns":3.0},{"damage":5.0,"enemies":"Jaw Worm","floor":4.0,"turns":3.0},{"damage":0.0,"enemies":"Small Slimes","floor":5.0,"turns":2.0},{"damage":19.0,"enemies":"Lagavulin","floor":8.0,"turns":5.0},{"damage":0.0,"enemies":"Blue Slaver","floor":11.0,"turns":3.0},{"damage":0.0,"enemies":"Gremlin Nob","floor":13.0,"turns":3.0},{"damage":0.0,"enemies":"Exordium Thugs","floor":14.0,"turns":3.0},{"damage":5.0,"enemies":"Slime Boss","floor":16.0,"turns":9.0},{"damage":0.0,"enemies":"Spheric Guardian","floor":18.0,"turns":3.0},{"damage":13.0,"enemies":"2 Thieves","floor":20.0,"turns":5.0},{"damage":19.0,"enemies":"Shelled Parasite and Fungi","floor":21.0,"turns":6.0},{"damage":10.0,"enemies":"Snake Plant","floor":22.0,"turns":4.0},{"damage":11.0,"enemies":"Gremlin Leader","floor":23.0,"turns":8.0},{"damage":8.0,"enemies":"Centurion and Healer","floor":24.0,"turns":7.0},{"damage":7.0,"enemies":"Cultist and Chosen","floor":30.0,"turns":5.0},{"damage":6.0,"enemies":"Shelled Parasite and Fungi","floor":31.0,"turns":4.0},{"damage":22.0,"enemies":"Automaton","floor":33.0,"turns":8.0},{"damage":0.0,"enemies":"3 Shapes","floor":35.0,"turns":4.0},{"damage":22.0,"enemies":"3 Darklings","floor":37.0,"turns":5.0},{"damage":4.0,"enemies":"Jaw Worm Horde","floor":38.0,"turns":3.0},{"damage":0.0,"enemies":"Maw","floor":41.0,"turns":5.0},{"damage":15.0,"enemies":"Nemesis","floor":42.0,"turns":7.0},{"damage":9.0,"enemies":"4 Shapes","floor":48.0,"turns":6.0},{"damage":28,"enemies":"Donu and Deca","floor":50,"turns":7}],"seed_played":"-8997200290329668155","potions_obtained":[{"floor":8.0,"key":"SteroidPotion"},{"floor":11.0,"key":"ColorlessPotion"},{"floor":16.0,"key":"Poison Potion"},{"floor":21.0,"key":"Ancient Potion"},{"floor":22.0,"key":"PowerPotion"},{"floor":30.0,"key":"SteroidPotion"},{"floor":33.0,"key":"PowerPotion"},{"floor":37.0,"key":"LiquidMemories"},{"floor":42.0,"key":"Regen Potion"}],"is_trial":false,"path_per_floor":["M","?","?","M","M","R","$","E","T","R","M","R","E","M","R","B",null,"M","$","M","M","M","E","M","R","T","?","R","?","M","M","R","B",null,"M","$","M","M","?","R","M","E","T","?","R","?","$","M","R","B",null],"character_chosen":"THE_SILENT","items_purchased":["Footwork","Calculated Gamble","Acrobatics","Membership Card"],"campfire_rested":4,"item_purchase_floors":[19,19,36,47],"current_hp_per_floor":[69,74,74,69,69,69,69,50,50,50,50,50,50,50,50,45,68,68,68,55,36,26,15,7,29,29,29,51,51,44,38,60,38,66,66,66,44,40,40,40,40,25,25,25,25,25,25,16,38,25],"gold":27,"neow_bonus":"RANDOM_COMMON_RELIC","is_daily":false,"chose_seed":false,"campfire_upgraded":5,"win_rate":0.0,"timestamp":1607786527,"path_taken":["M","?","?","M","M","R","$","E","T","R","?","R","E","?","R","BOSS","M","$","M","M","M","E","M","R","T","?","R","?","M","?","R","BOSS","M","$","M","M","?","R","M","E","T","?","R","?","$","?","R","BOSS"],"items_purchased_type":["Card","Card","Card","Relic"],"build_version":"2020-11-30","purchased_purges":4,"victory":true,"max_hp_per_floor":[70,75,75,75,75,75,75,75,75,75,75,75,75,75,75,75,75,75,75,75,75,75,75,75,75,75,75,75,75,75,75,75,75,75,75,75,75,75,75,75,75,75,75,75,75,75,75,75,75,75],"card_choices":[{"not_picked":["Quick Slash","Bane"],"picked":"Cloak And Dagger","floor":1.0},{"not_picked":["Concentrate","PiercingWail"],"picked":"Finisher","floor":4.0},{"not_picked":["Catalyst","Bane"],"picked":"Dagger Throw","floor":5.0},{"not_picked":["Catalyst","Crippling Poison"],"picked":"Masterful Stab","floor":8.0},{"not_picked":["Dodge and Roll","Flying Knee","Quick Slash"],"picked":"SKIP","floor":11.0},{"not_picked":["Accuracy","Predator"],"picked":"Tools of the Trade","floor":13.0},{"not_picked":["Blade Dance","Dagger Spray"],"picked":"Tactician","floor":14.0},{"not_picked":["Die Die Die","Envenom"],"picked":"A Thousand Cuts","floor":16.0},{"not_picked":["Quick Slash","Leg Sweep","Outmaneuver+1"],"picked":"SKIP","floor":18.0},{"not_picked":["Caltrops+1","Dagger Throw","Deflect+1"],"picked":"SKIP","floor":20.0},{"not_picked":["Backflip","Outmaneuver+1"],"picked":"After Image","floor":21.0},{"not_picked":["Dagger Throw","Blur"],"picked":"Reflex","floor":22.0},{"not_picked":["Setup+1","Poisoned Stab"],"picked":"Cloak And Dagger","floor":23.0},{"not_picked":["All Out Attack+1","Underhanded Strike+1"],"picked":"Accuracy","floor":24.0},{"not_picked":["Deflect+1","Backstab"],"picked":"Cloak And Dagger","floor":30.0},{"not_picked":["Leg Sweep+1","Well Laid Plans+1"],"picked":"Backflip+1","floor":31.0},{"not_picked":["Wraith Form v2","Tools of the Trade"],"picked":"Adrenaline","floor":33.0},{"not_picked":["Poisoned Stab","Bouncing Flask+1","Dodge and Roll"],"picked":"SKIP","floor":35.0},{"not_picked":["Slice","Catalyst+1","Leg Sweep"],"picked":"SKIP","floor":37.0},{"not_picked":["Poisoned Stab+1","Endless Agony"],"picked":"Cloak And Dagger+1","floor":38.0},{"not_picked":["Chrysalis","Trip"],"picked":"Swift Strike","floor":39.0},{"not_picked":["Riddle With Holes","PiercingWail","Bouncing Flask+1"],"picked":"SKIP","floor":41.0},{"not_picked":["Catalyst+1","Dagger Throw+1"],"picked":"Blade Dance","floor":42.0},{"not_picked":["Slice","Outmaneuver","Setup+1"],"picked":"SKIP","floor":48.0},{"not_picked":["Slice","Tactician"],"picked":"Blur","floor":49.0}],"player_experience":739787,"relics_obtained":[{"floor":8.0,"key":"Thread and Needle"},{"floor":9.0,"key":"Ginger"},{"floor":13.0,"key":"Whetstone"},{"floor":23.0,"key":"Mercury Hourglass"},{"floor":26.0,"key":"White Beast Statue"},{"floor":42.0,"key":"Sundial"},{"floor":43.0,"key":"Dream Catcher"}],"event_choices":[{"damage_healed":0.0,"max_hp_gain":5.0,"max_hp_loss":0.0,"gold_gain":0.0,"event_name":"Big Fish","player_choice":"Donut","floor":2.0,"gold_loss":0.0,"damage_taken":0.0},{"damage_healed":0.0,"max_hp_gain":0.0,"max_hp_loss":0.0,"gold_gain":0.0,"event_name":"Accursed Blacksmith","player_choice":"Rummage","floor":3.0,"gold_loss":0.0,"damage_taken":0.0,"relics_obtained":["WarpedTongs"],"cards_obtained":["Pain"]},{"damage_healed":0.0,"max_hp_gain":0.0,"max_hp_loss":0.0,"gold_gain":0.0,"event_name":"Cursed Tome","player_choice":"Ignored","floor":27.0,"gold_loss":0.0,"damage_taken":0.0},{"damage_healed":0.0,"max_hp_gain":0.0,"max_hp_loss":0.0,"gold_gain":0.0,"event_name":"FaceTrader","player_choice":"Trade","floor":29.0,"gold_loss":0.0,"damage_taken":0.0,"relics_obtained":["CultistMask"]},{"damage_healed":0.0,"max_hp_gain":0.0,"max_hp_loss":0.0,"gold_gain":0.0,"event_name":"SensoryStone","player_choice":"Memory 1","floor":39.0,"gold_loss":0.0,"damage_taken":0.0},{"cards_removed":["Strike_G"],"damage_healed":0.0,"max_hp_gain":0.0,"max_hp_loss":0.0,"gold_gain":0.0,"event_name":"Falling","player_choice":"Removed Attack","floor":44.0,"gold_loss":0.0,"damage_taken":0.0},{"damage_healed":0.0,"max_hp_gain":0.0,"max_hp_loss":0.0,"gold_gain":0.0,"event_name":"The Woman in Blue","player_choice":"Bought 0 Potions","floor":46.0,"gold_loss":0.0,"damage_taken":0.0}],"is_beta":false,"boss_relics":[{"not_picked":["Velvet Choker","Philosopher\u0027s Stone"],"picked":"HoveringKite"},{"not_picked":["Cursed Key","Snecko Eye"],"picked":"Empty Cage"}],"items_purged_floors":[7,19,36,47],"is_endless":false,"potions_floor_spawned":[8,11,16,21,22,30,31,33,35,37,38,41,42,48],"ascension_level":5}}