{"host":"aeidq2c3auzxo1yh","time":1607746001,"event":{"mods":["AchievementEnabler","BaseMod","Colored Map","Colored Powertips","Minty Spire (QoL Compilation)","Relic Stats","StSLib"],"gold_per_floor":[109,119,44,44,57,57,87,87,87,98,98,114,114,128,128,202,202,222,222,234,234,249,281,281,281,281],"floor_reached":25,"playtime":1144,"items_purged":[],"score":446,"play_id":"836545a9-b487-4f2b-a3bd-82892e70fc1e","local_time":"20201212090641","is_ascension_mode":true,"campfire_choices":[{"data":"Perfected Strike","floor":6,"key":"SMITH"},{"data":"Bash","floor":8,"key":"SMITH"},{"floor":13,"key":"REST"},{"data":"Uppercut","floor":15,"key":"SMITH"},{"floor":24,"key":"REST"}],"circlet_count":0,"master_deck":["AscendersBane","Strike_R+1","Strike_R","Strike_R","Strike_R","Strike_R","Defend_R","Defend_R+1","Bash+1","Good Instincts","Perfected Strike+1","Shrug It Off","Rage","Uppercut+1","Wild Strike","Blood for Blood","Berserk","Shrug It Off","Writhe","Pommel Strike","True Grit","Flex"],"relics":["Burning Blood","Pear","Darkstone Periapt","Runic Pyramid","HornCleat","GremlinMask","InkBottle"],"acts_visited":["Exordium","TheCity"],"potions_floor_usage":[16,23,25,25,25],"damage_taken":[{"damage":8,"enemies":"Jaw Worm","floor":1,"turns":4},{"damage":5,"enemies":"2 Louse","floor":2,"turns":3},{"damage":0,"enemies":"Cultist","floor":5,"turns":3},{"damage":34,"enemies":"Lagavulin","floor":7,"turns":6},{"damage":16,"enemies":"Exordium Thugs","floor":10,"turns":5},{"damage":0,"enemies":"Large Slime","floor":12,"turns":4},{"damage":7,"enemies":"Gremlin Gang","floor":14,"turns":6},{"damage":29,"enemies":"The Guardian","floor":16,"turns":9},{"damage":25,"enemies":"Shell Parasite","floor":18,"turns":4},{"damage":6,"enemies":"Chosen","floor":20,"turns":5},{"damage":13,"enemies":"Snake Plant","floor":22,"turns":4},{"damage":40,"enemies":"Book of Stabbing","floor":23,"turns":5},{"damage":44,"enemies":"Gremlin Leader","floor":25,"turns":6}],"seed_played":"112537067733268586","potions_obtained":[{"floor":5,"key":"ElixirPotion"},{"floor":10,"key":"SteroidPotion"},{"floor":14,"key":"DistilledChaos"},{"floor":16,"key":"Explosive Potion"},{"floor":20,"key":"EntropicBrew"}],"is_trial":false,"path_per_floor":["M","M","?","?","M","R","E","R","T","M","?","M","R","M","R","B",null,"M","?","M","?","M","E","R","E"],"character_chosen":"IRONCLAD","items_purchased":[],"campfire_rested":2,"item_purchase_floors":[],"current_hp_per_floor":[66,67,67,44,50,50,32,32,32,22,22,28,53,52,52,29,71,52,58,58,58,51,17,44,0,0],"gold":281,"neow_bonus":"RANDOM_COLORLESS","is_daily":false,"chose_seed":false,"campfire_upgraded":3,"win_rate":0.0,"timestamp":1607746001,"path_taken":["M","M","?","?","M","R","E","R","T","M","?","?","R","M","R","BOSS","M","?","M","?","?","E","R","E"],"items_purchased_type":[],"build_version":"2020-11-30","purchased_purges":0,"victory":false,"max_hp_per_floor":[75,75,75,75,75,75,85,85,85,85,85,85,85,85,85,85,85,85,91,91,91,91,91,91,91,91],"relic_stats":{"Darkstone Periapt":6,"counters":[13,64],"obtain_stats":[{"Darkstone Periapt":9,"Pear":7,"HornCleat":19,"GremlinMask":21,"Burning Blood":0,"InkBottle":23,"Runic Pyramid":17},{"Darkstone Periapt":4,"Pear":4,"HornCleat":9,"GremlinMask":10,"Burning Blood":0,"InkBottle":12,"Runic Pyramid":8},{"Darkstone Periapt":16,"Pear":16,"HornCleat":44,"GremlinMask":49,"Burning Blood":0,"InkBottle":58,"Runic Pyramid":40}],"Burning Blood":72,"InkBottle":[2]},"card_choices":[{"not_picked":["Finesse","Dark Shackles"],"picked":"Good Instincts","floor":0},{"not_picked":["Headbutt","Clash"],"picked":"Perfected Strike","floor":1},{"not_picked":["True Grit","Iron Wave"],"picked":"Shrug It Off","floor":2},{"not_picked":["Inflame","Intimidate"],"picked":"Rage","floor":5},{"not_picked":["Anger","Burning Pact","Infernal Blade"],"picked":"SKIP","floor":7},{"not_picked":["Dark Embrace","Sentinel"],"picked":"Uppercut","floor":10},{"not_picked":["Bloodletting","True Grit"],"picked":"Wild Strike","floor":12},{"not_picked":["Fire Breathing","Power Through"],"picked":"Blood for Blood","floor":14},{"not_picked":["Juggernaut","Impervious"],"picked":"Berserk","floor":16},{"not_picked":["Burning Pact","Heavy Blade"],"picked":"Shrug It Off","floor":18},{"not_picked":["Whirlwind","Iron Wave"],"picked":"Pommel Strike","floor":20},{"not_picked":["Wild Strike","Headbutt+1"],"picked":"True Grit","floor":22},{"not_picked":["Dark Embrace","Havoc"],"picked":"Flex","floor":23}],"player_experience":846111,"relics_obtained":[{"floor":7,"key":"Pear"},{"floor":9,"key":"Darkstone Periapt"},{"floor":23,"key":"InkBottle"}],"event_choices":[{"cards_removed":["Defend_R"],"damage_healed":0,"gold_gain":0,"player_choice":"Card Removal","damage_taken":0,"max_hp_gain":0,"max_hp_loss":0,"event_name":"The Cleric","floor":3,"gold_loss":75},{"damage_healed":0,"gold_gain":0,"player_choice":"Entered Light","damage_taken":23,"max_hp_gain":0,"max_hp_loss":0,"event_name":"Shining Light","floor":4,"gold_loss":0,"cards_upgraded":["Defend_R","Strike_R"]},{"cards_removed":["Defend_R"],"damage_healed":0,"gold_gain":0,"player_choice":"Purged","damage_taken":0,"max_hp_gain":0,"max_hp_loss":0,"event_name":"Purifier","floor":11,"gold_loss":0},{"damage_healed":0,"gold_gain":0,"player_choice":"Opened","damage_taken":0,"relics_obtained":["HornCleat"],"max_hp_gain":0,"max_hp_loss":0,"event_name":"The Mausoleum","floor":19,"gold_loss":0,"cards_obtained":["Writhe"]},{"damage_healed":0,"gold_gain":0,"player_choice":"Trade","damage_taken":0,"relics_obtained":["GremlinMask"],"max_hp_gain":0,"max_hp_loss":0,"event_name":"FaceTrader","floor":21,"gold_loss":0}],"is_beta":false,"boss_relics":[{"not_picked":["Mark of Pain","Runic Cube"],"picked":"Runic Pyramid"}],"items_purged_floors":[],"is_endless":false,"potions_floor_spawned":[5,10,14,16,20,22],"killed_by":"Gremlin Leader","ascension_level":20}}