{"host":"p5axfb00mxhraew6","time":1607785447,"event":{"mods":["Abigail Mod","Act Like it!","BaseMod","CapriCore","Friendly Minions","GifTheSpireLib","Jedi Mod","KomeijiMod","MarisaÅiñ∂âJÅ@ñÇóùçπÅj","Minty Spire (QoL Compilation)","Prisma Mod","ReimuÅiîé??öÎÅj","RemiliaÅiÂQïƒ‰ª?Åj","SOSÅiézîb?îVéqÅj","StSLib","Td1madao Mod","The Alterego","The Animator","The Immortal","The Problem Sleuth","TheSwordswoman","TheWitcher","YoumuÅiç∞ÈÆódöÎÅj","Åy?ï˚ìÒéü?çÏÅzî™â]éámod"],"gold_per_floor":[112,112,127,52,70,70,95,114,194,206,236,247,37,101,101,206,206,219,219,206,206,221,221,253,265,265,297,297,101,118,44,44,145,145,157,172,188,118,118,118,128,154,154,154,154],"floor_reached":44,"playtime":3020,"items_purged":["Strike_Lin:ReiMu","Strike_Lin:ReiMu"],"score":833,"play_id":"e42c12d1-65e2-4bed-8ffc-934ecb1ce294","local_time":"20201213000407","is_ascension_mode":true,"campfire_choices":[{"data":"FoulBorder2:ReiMu","floor":6,"key":"SMITH"},{"data":"MikOfLucky:ReiMu","floor":15,"key":"SMITH"},{"data":"Apotheosis","floor":23,"key":"SMITH"},{"floor":32,"key":"REST"},{"data":"FoulBorder2:ReiMu","floor":40,"key":"SMITH"}],"circlet_count":0,"master_deck":["Strike_Lin:ReiMu","Defend_Lin:ReiMu","Defend_Lin:ReiMu","Defend_Lin:ReiMu","Defend_Lin:ReiMu","NB:ReiMu","Stagnation:ReiMu","FantasyBorder:ReiMu","ShadowOfCrow2:ReiMu","SpiritualOutbreak2:ReiMu","FoulBorder2:ReiMu+1","Authority:ReiMu","SubAcupoint:ReiMu","EmergencyTakeOff:ReiMu","WonderfulDomain:ReiMu","AirManeuver:ReiMu","MikOfLucky:ReiMu+1","YinYangSign:ReiMu","FoulBorder2:ReiMu+1","SubcavityFantasy:ReiMu","TightArray:ReiMu+1","Enchanting:ReiMu","Apotheosis+1","TightArray:ReiMu","Authority:ReiMu","SealNeedle:ReiMu","TakeOff:ReiMu","SubAcupoint:ReiMu","AlertArray:ReiMu+1","OctopathBindingBorder2:ReiMu+1","DependentForm:ReiMu+1","SealNeedle:ReiMu+1","EmergencyTakeOff:ReiMu+1","YinYang:ReiMu","MikOfLucky:ReiMu+1","SubAcupoint:ReiMu+1","FoulBorder2:ReiMu+1"],"relics":["FlyPower:ReiMu","Mango","Gremlin Horn","MealTicket","Thread and Needle","Sozu","Omamori","Frozen Egg 2","Bow_fan:ReiMu","ClockworkSouvenir","Calling Bell","jedi:crownofsimplicity","Tea:ReiMu","jedi:purplefairy","HoshigumaDish","Happy Flower","CeramicFish"],"acts_visited":["Exordium","TheCity","TheBeyond"],"potions_floor_usage":[7,11,14,24,27],"damage_taken":[{"damage":2,"enemies":"2 Louse","floor":1,"turns":4},{"damage":0,"enemies":"Cultist","floor":3,"turns":4},{"damage":0,"enemies":"Jaw Worm","floor":5,"turns":5},{"damage":2,"enemies":"Lagavulin","floor":7,"turns":8},{"damage":22,"enemies":"Exordium Wildlife","floor":8,"turns":5},{"damage":0,"enemies":"Large Slime","floor":10,"turns":5},{"damage":22,"enemies":"3 Sentries","floor":11,"turns":8},{"damage":1,"enemies":"Blue Slaver","floor":12,"turns":6},{"damage":5,"enemies":"3 Sentries","floor":14,"turns":8},{"damage":0,"enemies":"Hexaghost","floor":16,"turns":11},{"damage":3,"enemies":"Shell Parasite","floor":18,"turns":7},{"damage":11,"enemies":"2 Thieves","floor":20,"turns":4},{"damage":10,"enemies":"Centurion and Healer","floor":22,"turns":8},{"damage":8,"enemies":"Book of Stabbing","floor":24,"turns":7},{"damage":3,"enemies":"Snake Plant","floor":25,"turns":4},{"damage":14,"enemies":"Slavers","floor":27,"turns":8},{"damage":0,"enemies":"3 Cultists","floor":30,"turns":5},{"damage":18,"enemies":"Collector","floor":33,"turns":8},{"damage":0,"enemies":"Orb Walker","floor":35,"turns":4},{"damage":0,"enemies":"3 Darklings","floor":36,"turns":6},{"damage":8,"enemies":"Writhing Mass","floor":37,"turns":8},{"damage":47,"enemies":"Sphere and 2 Shapes","floor":41,"turns":6},{"damage":9,"enemies":"Giant Head","floor":42,"turns":9},{"damage":31,"enemies":"Reptomancer","floor":44,"turns":3}],"seed_played":"-3126117343752268949","potions_obtained":[{"floor":1,"key":"PowerPotion"},{"floor":10,"key":"Block Potion"},{"floor":11,"key":"RedTea"},{"floor":12,"key":"LiquidFlight:ReiMu"},{"floor":16,"key":"Block Potion"}],"is_trial":false,"path_per_floor":["M","?","M","$","M","R","E","M","T","M","E","M","$","?","R","B",null,"M","?","M","?","M","R","E","M","T","E","$","$","M","$","R","B",null,"M","M","M","$","?","R","M","E","T","E"],"character_chosen":"REIMU","items_purchased":["MikOfLucky:ReiMu","YinYangSign:ReiMu","SubAcupoint:ReiMu","ClockworkSouvenir","OctopathBindingBorder2:ReiMu+1","YinYang:ReiMu"],"campfire_rested":1,"item_purchase_floors":[13,13,29,29,31,38],"current_hp_per_floor":[57,57,57,57,57,57,69,47,47,47,25,24,39,34,34,34,68,65,50,39,39,29,29,21,18,18,4,19,34,34,49,74,56,77,77,77,69,84,84,84,37,28,28,0,0],"gold":154,"neow_bonus":"TRANSFORM_CARD","is_daily":false,"chose_seed":false,"campfire_upgraded":4,"win_rate":0.0,"timestamp":1607785447,"path_taken":["M","?","?","$","M","R","E","M","T","M","E","M","$","?","R","BOSS","M","?","M","?","M","R","E","M","T","E","?","$","M","$","R","BOSS","M","M","M","$","?","R","M","E","T","E"],"items_purchased_type":["Card","Card","Card","Relic","Card","Card"],"build_version":"2020-11-30","purchased_purges":2,"victory":false,"max_hp_per_floor":[65,65,65,65,65,65,79,79,79,79,79,79,79,79,79,79,79,79,84,84,84,84,84,84,84,84,84,84,84,84,84,84,84,84,84,84,84,84,84,84,84,84,84,84,84],"card_choices":[{"not_picked":["PayForSelf:ReiMu","Enchanting:ReiMu"],"picked":"ShadowOfCrow2:ReiMu","floor":1},{"not_picked":["Enchanting:ReiMu","SubcavityInstant:ReiMu"],"picked":"SpiritualOutbreak2:ReiMu","floor":3},{"not_picked":["SafetyPray:ReiMu","Intuition:ReiMu"],"picked":"FoulBorder2:ReiMu","floor":5},{"not_picked":["AlertArray:ReiMu","FantasyBorder:ReiMu"],"picked":"Authority:ReiMu","floor":7},{"not_picked":["SpringWay:ReiMu","AirStrike:ReiMu"],"picked":"SubAcupoint:ReiMu","floor":8},{"not_picked":["Gathering:ReiMu","YinYangSange:ReiMu"],"picked":"EmergencyTakeOff:ReiMu","floor":10},{"not_picked":["RainPray2:ReiMu","AirStrike:ReiMu"],"picked":"WonderfulDomain:ReiMu","floor":11},{"not_picked":["SpringWay:ReiMu","DoubleButterfly:ReiMu"],"picked":"AirManeuver:ReiMu","floor":12},{"not_picked":["RainPray2:ReiMu","SubAcupoint:ReiMu"],"picked":"FoulBorder2:ReiMu","floor":14},{"not_picked":["PrayRite:ReiMu","OctopathSalyBorderN:ReiMu"],"picked":"SubcavityFantasy:ReiMu","floor":16},{"not_picked":["SubAcupoint:ReiMu","SafetyPray:ReiMu+1"],"picked":"TightArray:ReiMu+1","floor":18},{"not_picked":["FoulBorder2:ReiMu","Crusade:ReiMu"],"picked":"Enchanting:ReiMu","floor":20},{"not_picked":["EmergencyTakeOff:ReiMu","Meditation:ReiMu+1"],"picked":"TightArray:ReiMu","floor":22},{"not_picked":["FoulBorder2:ReiMu","TightArray:ReiMu"],"picked":"Authority:ReiMu","floor":24},{"not_picked":["Crusade:ReiMu","CareerPray:ReiMu"],"picked":"SealNeedle:ReiMu","floor":25},{"not_picked":["TightArray:ReiMu","SpringWay:ReiMu"],"picked":"TakeOff:ReiMu","floor":27},{"not_picked":["LearningPray:ReiMu","SafetyPray:ReiMu"],"picked":"AlertArray:ReiMu+1","floor":30},{"not_picked":["YinYang:ReiMu","Shading:ReiMu"],"picked":"DependentForm:ReiMu+1","floor":33},{"not_picked":["SpringWay:ReiMu","Conquer:ReiMu"],"picked":"AirStrike:ReiMu+1","floor":35},{"not_picked":["PayForSelf:ReiMu","NineCharacters:ReiMu+1"],"picked":"SealNeedle:ReiMu+1","floor":36},{"not_picked":["TightArray:ReiMu+1","OrbThrow:ReiMu"],"picked":"EmergencyTakeOff:ReiMu+1","floor":37},{"not_picked":["SpringWay:ReiMu","Enchanting:ReiMu+1"],"picked":"MikOfLucky:ReiMu+1","floor":39},{"not_picked":["Intuition:ReiMu","RainPray2:ReiMu+1"],"picked":"SubAcupoint:ReiMu+1","floor":41},{"not_picked":["HakureiPhantom:ReiMu","PayForSelf:ReiMu+1"],"picked":"FoulBorder2:ReiMu+1","floor":42}],"player_experience":1243210,"relics_obtained":[{"floor":7,"key":"Mango"},{"floor":9,"key":"Gremlin Horn"},{"floor":11,"key":"MealTicket"},{"floor":14,"key":"Thread and Needle"},{"floor":24,"key":"Omamori"},{"floor":26,"key":"Frozen Egg 2"},{"floor":27,"key":"Bow_fan:ReiMu"},{"floor":34,"key":"jedi:crownofsimplicity"},{"floor":34,"key":"Tea:ReiMu"},{"floor":34,"key":"jedi:purplefairy"},{"floor":39,"key":"HoshigumaDish"},{"floor":42,"key":"Happy Flower"},{"floor":43,"key":"CeramicFish"}],"event_choices":[{"damage_healed":0,"gold_gain":0,"player_choice":"Bought 0 Potions","damage_taken":0,"max_hp_gain":0,"max_hp_loss":0,"event_name":"The Woman in Blue","floor":2,"gold_loss":0},{"damage_healed":0,"gold_gain":0,"player_choice":"Searched \u00271\u0027 times","damage_taken":0,"max_hp_gain":0,"max_hp_loss":0,"event_name":"Dead Adventurer","floor":14,"gold_loss":0},{"damage_healed":0,"gold_gain":0,"player_choice":"Shed Blood","damage_taken":20,"max_hp_gain":5,"max_hp_loss":0,"event_name":"Forgotten Altar","floor":19,"gold_loss":0}],"is_beta":false,"boss_relics":[{"not_picked":["Cursed Key","Fusion Hammer"],"picked":"Sozu"},{"not_picked":["jedi:hotpepper","DonationBox:ReiMu"],"picked":"Calling Bell"}],"items_purged_floors":[4,13],"is_endless":false,"potions_floor_spawned":[1,10,11,12,16,18,20,24,30,36],"killed_by":"Reptomancer","ascension_level":9}}