{"host":"gjbmv0wqve0qfw94","time":1607776257,"event":{"mods":["BaseMod","Colored Map","Colored Powertips","DeckTracker","Googly Eyes","Minty Spire (QoL Compilation)","StSLib"],"gold_per_floor":[13,13,32,32,44,60,60,87,114,133,143,176,176,196,196,290,290,309,72,72,72,72],"floor_reached":21,"playtime":3952,"items_purged":[],"score":382,"play_id":"d228a77b-d1c1-436a-ad8d-b4330c4ce0ed","local_time":"20201212133057","is_ascension_mode":true,"campfire_choices":[{"data":"Shockwave","floor":7,"key":"SMITH"},{"data":"Magnetism","floor":13,"key":"SMITH"},{"data":"Uppercut","floor":15,"key":"SMITH"}],"circlet_count":0,"master_deck":["AscendersBane","Strike_R","Strike_R","Strike_R","Strike_R","Defend_R","Defend_R","Defend_R","Defend_R","Bash","Magnetism+1","Pommel Strike","Battle Trance","Shockwave+1","Uppercut+1","Spot Weakness","Anger","Second Wind","Cleave","Offering","Dark Embrace","Power Through"],"relics":["Burning Blood","Blood Vial","Tiny Chest","Runic Pyramid","ClockworkSouvenir","Enchiridion"],"acts_visited":["Exordium","TheCity"],"potions_floor_usage":[11],"damage_taken":[{"damage":4,"enemies":"2 Louse","floor":1,"turns":4},{"damage":4,"enemies":"Cultist","floor":3,"turns":5},{"damage":11,"enemies":"Jaw Worm","floor":5,"turns":5},{"damage":21,"enemies":"Exordium Thugs","floor":6,"turns":4},{"damage":42,"enemies":"3 Sentries","floor":8,"turns":8},{"damage":8,"enemies":"2 Fungi Beasts","floor":10,"turns":5},{"damage":13,"enemies":"3 Louse","floor":11,"turns":3},{"damage":29,"enemies":"Gremlin Nob","floor":12,"turns":4},{"damage":1,"enemies":"Red Slaver","floor":14,"turns":3},{"damage":20,"enemies":"The Guardian","floor":16,"turns":9},{"damage":28,"enemies":"Spheric Guardian","floor":18,"turns":4}],"seed_played":"-5733406886205696865","potions_obtained":[{"floor":1,"key":"FairyPotion"},{"floor":4,"key":"SmokeBomb"},{"floor":4,"key":"ElixirPotion"},{"floor":5,"key":"Ancient Potion"},{"floor":10,"key":"Strength Potion"},{"floor":12,"key":"EssenceOfSteel"},{"floor":16,"key":"Strength Potion"},{"floor":18,"key":"Regen Potion"}],"is_trial":false,"path_per_floor":["M","?","M","?","M","M","R","E","T","M","M","E","R","M","R","B",null,"M","$","?","?"],"character_chosen":"IRONCLAD","items_purchased":["ClockworkSouvenir","Power Through"],"campfire_rested":0,"item_purchase_floors":[19,19],"current_hp_per_floor":[70,70,72,72,67,52,52,16,16,16,11,28,28,35,35,23,62,42,42,21,0,0],"gold":72,"neow_bonus":"RANDOM_COLORLESS_2","is_daily":false,"chose_seed":false,"campfire_upgraded":3,"win_rate":0.0,"timestamp":1607776257,"path_taken":["M","?","?","?","M","M","R","E","T","M","M","E","R","M","R","BOSS","M","$","?","?"],"items_purchased_type":["Relic","Card"],"build_version":"2020-11-30","purchased_purges":0,"victory":false,"max_hp_per_floor":[75,75,75,75,75,75,75,75,75,75,75,75,75,75,75,75,75,75,75,75,80,80],"card_choices":[{"not_picked":["Chrysalis","Master of Strategy"],"picked":"Magnetism","floor":0},{"not_picked":["Dropkick","Infernal Blade"],"picked":"Pommel Strike","floor":1},{"not_picked":["Blood for Blood","Sword Boomerang"],"picked":"Shockwave","floor":3},{"not_picked":["Searing Blow","Shrug It Off"],"picked":"Uppercut","floor":5},{"not_picked":["Second Wind","True Grit"],"picked":"Spot Weakness","floor":6},{"not_picked":["Clothesline","Evolve"],"picked":"Anger","floor":8},{"not_picked":["Shrug It Off","Heavy Blade"],"picked":"Second Wind","floor":10},{"not_picked":["Iron Wave","Evolve"],"picked":"Cleave","floor":11},{"not_picked":["Thunderclap","Headbutt","Juggernaut"],"picked":"SKIP","floor":12},{"not_picked":["Rage","Infernal Blade","Cleave"],"picked":"SKIP","floor":14},{"not_picked":["Barricade","Double Tap"],"picked":"Offering","floor":16},{"not_picked":["Inflame","Intimidate+1"],"picked":"Dark Embrace","floor":18}],"player_experience":1181137,"relics_obtained":[{"floor":8,"key":"Blood Vial"},{"floor":12,"key":"Tiny Chest"},{"floor":20,"key":"Enchiridion"}],"event_choices":[{"damage_healed":0,"gold_gain":0,"cards_transformed":["Strike_R"],"player_choice":"Transformed","damage_taken":0,"max_hp_gain":0,"max_hp_loss":0,"event_name":"Transmorgrifier","floor":2,"gold_loss":0,"cards_obtained":["Battle Trance"]},{"damage_healed":0,"gold_gain":0,"player_choice":"Got Potions","damage_taken":0,"max_hp_gain":0,"max_hp_loss":0,"event_name":"Lab","floor":4,"gold_loss":0},{"damage_healed":0,"gold_gain":0,"player_choice":"Obtained Book","damage_taken":21,"max_hp_gain":0,"max_hp_loss":0,"event_name":"Cursed Tome","floor":20,"gold_loss":0}],"is_beta":false,"boss_relics":[{"not_picked":["Empty Cage","Black Blood"],"picked":"Runic Pyramid"}],"items_purged_floors":[],"is_endless":false,"potions_floor_spawned":[1,5,10,12,16,18],"ascension_level":20}}