{"host":"kntpungskobv1jqb","time":1607784646,"event":{"mods":["BaseMod","Minty Spire (QoL Compilation)","Replay The Spire","StSLib","SuperFastMode"],"gold_per_floor":[116,116,133,10,23,51,51,64,115,115,149,149,179,196,196,196,196],"floor_reached":16,"playtime":424,"items_purged":[],"score":204,"play_id":"5fc63969-a028-4917-8198-89155d717f1b","local_time":"20201212225046","is_ascension_mode":true,"campfire_choices":[{"data":"Discovery","floor":7,"key":"SMITH"},{"data":"Hemokinesis","floor":10,"key":"SMITH"},{"floor":15,"key":"REST"}],"circlet_count":0,"master_deck":["AscendersBane","Strike_R","Strike_R","Strike_R","Strike_R","Defend_R","Defend_R","Defend_R","Defend_R","Bash","Replay:Undeath\u0027s Touch","Hemokinesis+1","Combust","Discovery+1","Replay:Undeath\u0027s Touch","Bloodletting","Combust","Spot Weakness","Brutality"],"relics":["Burning Blood","NeowsBlessing","CultistMask","White Beast Statue","King of Hearts","Blood Vial","Replay:Mystery Machine"],"acts_visited":["Exordium"],"potions_floor_usage":[13,16],"damage_taken":[{"damage":0,"enemies":"2 Louse","floor":1,"turns":2},{"damage":0,"enemies":"Cultist","floor":3,"turns":1},{"damage":0,"enemies":"Jaw Worm","floor":5,"turns":1},{"damage":11,"enemies":"Gremlin Nob","floor":6,"turns":3},{"damage":23,"enemies":"Red Slaver","floor":8,"turns":3},{"damage":30,"enemies":"Lagavulin","floor":11,"turns":5},{"damage":33,"enemies":"Gremlin Nob","floor":13,"turns":4},{"damage":16,"enemies":"Large Slime","floor":14,"turns":5},{"damage":44,"enemies":"Slime Boss","floor":16,"turns":8}],"seed_played":"3800459399967938928","potions_obtained":[{"floor":1,"key":"Adrenaline Potion"},{"floor":5,"key":"SpeedPotion"},{"floor":6,"key":"EssenceOfSteel"},{"floor":11,"key":"FairyPotion"},{"floor":13,"key":"Explosive Potion"},{"floor":14,"key":"SkillPotion"}],"is_trial":false,"path_per_floor":["M","?","M","$","M","E","R","M","T","R","E","?","E","M","R","B"],"character_chosen":"IRONCLAD","items_purchased":["Combust","Discovery"],"campfire_rested":1,"item_purchase_floors":[4,4],"current_hp_per_floor":[74,74,75,75,75,70,70,53,53,53,29,29,28,20,42,0,0],"gold":196,"neow_bonus":"THREE_ENEMY_KILL","is_daily":false,"chose_seed":false,"campfire_upgraded":2,"win_rate":0.0,"timestamp":1607784646,"path_taken":["M","?","?","$","M","E","R","M","T","R","E","?","E","?","R","BOSS"],"items_purchased_type":["Card","Card"],"build_version":"2020-11-30","purchased_purges":0,"victory":false,"max_hp_per_floor":[75,75,75,75,75,75,75,75,75,75,75,75,75,75,75,75,75],"card_choices":[{"not_picked":["Rampage","Thunderclap"],"picked":"Replay:Undeath\u0027s Touch","floor":1},{"not_picked":["Cleave","Feel No Pain"],"picked":"Hemokinesis","floor":3},{"not_picked":["Pommel Strike","Body Slam"],"picked":"Replay:Undeath\u0027s Touch","floor":5},{"not_picked":["Flex","Anger"],"picked":"Bloodletting","floor":6},{"not_picked":["Shrug It Off","Clothesline","Warcry"],"picked":"SKIP","floor":8},{"not_picked":["Cleave","Pummel"],"picked":"Combust","floor":11},{"not_picked":["Wild Strike","Searing Blow"],"picked":"Spot Weakness","floor":13},{"not_picked":["Havoc","Heavy Blade"],"picked":"Brutality","floor":14}],"player_experience":451286,"relics_obtained":[{"floor":6,"key":"White Beast Statue"},{"floor":9,"key":"King of Hearts"},{"floor":11,"key":"Blood Vial"},{"floor":13,"key":"Replay:Mystery Machine"}],"event_choices":[{"damage_healed":0,"gold_gain":0,"player_choice":"Trade","damage_taken":0,"relics_obtained":["CultistMask"],"max_hp_gain":0,"max_hp_loss":0,"event_name":"FaceTrader","floor":2,"gold_loss":0},{"cards_removed":["Strike_R"],"damage_healed":0,"gold_gain":0,"player_choice":"Purged","damage_taken":0,"max_hp_gain":0,"max_hp_loss":0,"event_name":"Purifier","floor":12,"gold_loss":0}],"is_beta":false,"boss_relics":[],"items_purged_floors":[],"is_endless":false,"potions_floor_spawned":[1,5,6,8,11,13,14],"killed_by":"Slime Boss","ascension_level":14}}