{"host":"mcdusr64esz012l0","time":1607795320,"event":{"mods":["BaseMod","Minty Spire (QoL Compilation)","Relic Stats"],"gold_per_floor":[113,124,124,124,140,140,171,182,182,201,229,229,229,229,229,322,322,343,356,356,3,3,3],"floor_reached":22,"playtime":645,"items_purged":["Strike_R"],"score":438,"play_id":"f43ed93c-214d-4ecf-a1e2-00cdfb077837","local_time":"20201212124840","is_ascension_mode":true,"campfire_choices":[{"data":"Whirlwind","floor":6,"key":"SMITH"},{"floor":15,"key":"REST"}],"circlet_count":0,"master_deck":["AscendersBane","Strike_R","Strike_R","Strike_R","Strike_R","Defend_R","Defend_R","Defend_R","Defend_R","Bash","Whirlwind+1","Sentinel","Bash","Sever Soul","Hemokinesis","Burning Pact","Double Tap","Inflame","Inflame","Dark Embrace"],"relics":["Runic Pyramid","Ornamental Fan","Bag of Preparation","The Courier","Paper Frog","Golden Idol","White Beast Statue","Busted Crown","HandDrill"],"acts_visited":["Exordium","TheCity"],"potions_floor_usage":[7,11,18,19],"damage_taken":[{"damage":4,"enemies":"Small Slimes","floor":1,"turns":4},{"damage":1,"enemies":"Cultist","floor":2,"turns":3},{"damage":0,"enemies":"2 Louse","floor":5,"turns":2},{"damage":10,"enemies":"3 Sentries","floor":7,"turns":4},{"damage":13,"enemies":"Large Slime","floor":8,"turns":6},{"damage":0,"enemies":"Gremlin Gang","floor":10,"turns":2},{"damage":2,"enemies":"Gremlin Nob","floor":11,"turns":2},{"damage":45,"enemies":"Slime Boss","floor":16,"turns":7},{"damage":20,"enemies":"Shell Parasite","floor":18,"turns":4},{"damage":22,"enemies":"2 Thieves","floor":19,"turns":3},{"damage":8,"enemies":"Cultist and Chosen","floor":22,"turns":3}],"seed_played":"-5931748531966480447","potions_obtained":[{"floor":5,"key":"AttackPotion"},{"floor":8,"key":"GamblersBrew"},{"floor":10,"key":"SteroidPotion"},{"floor":16,"key":"Block Potion"},{"floor":18,"key":"SkillPotion"},{"floor":19,"key":"CultistPotion"}],"is_trial":false,"path_per_floor":["M","M","?","?","M","R","E","M","T","M","E","?","?","?","R","B",null,"M","M","?","$","M"],"character_chosen":"IRONCLAD","items_purchased":["HandDrill","Inflame","Inflame","Dark Embrace"],"campfire_rested":1,"item_purchase_floors":[21,21,21,21],"current_hp_per_floor":[64,63,58,58,58,58,48,35,35,35,33,33,33,33,53,8,53,33,11,11,11,3,3],"gold":3,"neow_bonus":"BOSS_RELIC","is_daily":false,"chose_seed":false,"campfire_upgraded":1,"win_rate":0.0,"timestamp":1607795320,"path_taken":["M","M","?","?","M","R","E","M","T","?","E","?","?","?","R","BOSS","M","?","?","?","M"],"items_purchased_type":["Relic","Card","Card","Card"],"build_version":"2020-11-30","purchased_purges":1,"victory":false,"max_hp_per_floor":[75,75,75,75,75,75,75,75,75,75,75,68,68,68,68,68,68,68,68,68,68,68,68],"relic_stats":{"Busted Crown":4,"counters":[11,40],"Ornamental Fan":[32],"Golden Idol":26,"Bag of Preparation":[14],"HandDrill":[0],"obtain_stats":[{"Busted Crown":17,"Ornamental Fan":3,"Golden Idol":12,"The Courier":9,"Bag of Preparation":7,"HandDrill":21,"Burning Blood":0,"White Beast Statue":14,"Runic Pyramid":0,"Paper Frog":11},{"Busted Crown":8,"Ornamental Fan":2,"Golden Idol":7,"The Courier":5,"Bag of Preparation":4,"HandDrill":10,"Burning Blood":0,"White Beast Statue":7,"Runic Pyramid":0,"Paper Frog":7},{"Busted Crown":30,"Ornamental Fan":7,"Golden Idol":23,"The Courier":19,"Bag of Preparation":13,"HandDrill":37,"Burning Blood":0,"White Beast Statue":23,"Runic Pyramid":0,"Paper Frog":23}]},"card_choices":[{"not_picked":["Sword Boomerang","Sentinel","Armaments"],"picked":"SKIP","floor":1},{"not_picked":["Shrug It Off","Ghostly Armor"],"picked":"Whirlwind","floor":2},{"not_picked":["Iron Wave","Rampage","Pommel Strike"],"picked":"SKIP","floor":5},{"not_picked":["Thunderclap","Pommel Strike","Blood for Blood"],"picked":"SKIP","floor":7},{"not_picked":["Body Slam","Inflame"],"picked":"Sever Soul","floor":8},{"not_picked":["Infernal Blade","Heavy Blade"],"picked":"Hemokinesis","floor":10},{"not_picked":["Shrug It Off","Clothesline"],"picked":"Burning Pact","floor":11},{"not_picked":["Limit Break","Barricade"],"picked":"Double Tap","floor":16},{"not_picked":["Blood for Blood"],"picked":"SKIP","floor":18},{"not_picked":["Armaments"],"picked":"SKIP","floor":19}],"player_experience":983639,"relics_obtained":[{"floor":7,"key":"Bag of Preparation"},{"floor":9,"key":"The Courier"},{"floor":11,"key":"Paper Frog"}],"event_choices":[{"damage_healed":0,"gold_gain":0,"player_choice":"Success","damage_taken":5,"relics_obtained":["Ornamental Fan"],"max_hp_gain":0,"max_hp_loss":0,"event_name":"Scrap Ooze","floor":3,"gold_loss":0},{"damage_healed":0,"gold_gain":0,"player_choice":"3 cards matched","damage_taken":0,"max_hp_gain":0,"max_hp_loss":0,"event_name":"Match and Keep!","floor":4,"gold_loss":0,"cards_obtained":["Sentinel","Wild Strike","Bash"]},{"damage_healed":0,"gold_gain":0,"player_choice":"Lose Max HP","damage_taken":0,"relics_obtained":["Golden Idol"],"max_hp_gain":0,"max_hp_loss":7,"event_name":"Golden Idol","floor":12,"gold_loss":0},{"cards_removed":["Wild Strike"],"damage_healed":0,"gold_gain":0,"player_choice":"Forget","damage_taken":0,"max_hp_gain":0,"max_hp_loss":0,"event_name":"Living Wall","floor":13,"gold_loss":0},{"damage_healed":0,"gold_gain":0,"player_choice":"Gave Potion","damage_taken":0,"relics_obtained":["White Beast Statue"],"max_hp_gain":0,"max_hp_loss":0,"event_name":"WeMeetAgain","floor":14,"gold_loss":0},{"damage_healed":0,"gold_gain":0,"player_choice":"Ignored","damage_taken":0,"max_hp_gain":0,"max_hp_loss":0,"event_name":"The Mausoleum","floor":20,"gold_loss":0}],"is_beta":false,"boss_relics":[{"not_picked":["Sozu","Mark of Pain"],"picked":"Busted Crown"}],"items_purged_floors":[21],"is_endless":false,"potions_floor_spawned":[5,8,10,16,18,19],"killed_by":"Cultist and Chosen","ascension_level":20}}