{"host":"kyy1kus4tsuq869y","time":1607756635,"event":{"mods":["BaseMod","Downfall","GifTheSpireLib","HololiveMod","Hubris","Jorbs\u0027s Wanderer Trilogy","Marisa£®ÏF”Í°°ƒß¿Ì…≥£©","Minty Spire (QoL Compilation)","Quick Restart","READ ME - Guardian Mod","READ ME - Snecko Mod","Reimu£®≤©¿ˆ¡È√Œ£©","Remilia£®¿Ÿ√◊¿Ú—«£©","Replay The Spire","StSLib","Td1madao Mod","The Administrix","The Animator","The Bug Knight","The Construct","The Cursed","The Hierophant","The Runesmith","The Senshi","The Servant 0.9.4","Youmu£®ªÍ∆«—˝√Œ£©"],"gold_per_floor":[115,115,132,57,57,92,92,1,1,21,50,60,60,60],"floor_reached":13,"playtime":237,"items_purged":[],"score":230,"play_id":"12ef1d31-0559-4be9-88d4-214097cd7f73","local_time":"20201212150355","is_ascension_mode":true,"campfire_choices":[{"data":"Shrug It Off","floor":7,"key":"SMITH"}],"circlet_count":0,"master_deck":["AscendersBane","Strike_R","Strike_R","Strike_R","Strike_R","Defend_R","Defend_R","Defend_R","Defend_R","Bash","Shrug It Off+1"],"relics":["Burning Blood","NeowsBlessing","ReplayTheSpireMod:Ring of Addiction","hubris:EmptyBottle","Potion Belt","Boot","Meat on the Bone","Blood Vial","Runesmith:Locket"],"acts_visited":["Exordium"],"potions_floor_usage":[10,11,11,12,13],"damage_taken":[{"damage":0.0,"enemies":"2 Louse","floor":1.0,"turns":1.0},{"damage":0,"enemies":"Small Slimes","floor":3,"turns":1},{"damage":0,"enemies":"Gremlin Nob","floor":6,"turns":1},{"damage":2,"enemies":"Cultist","floor":10,"turns":5},{"damage":36,"enemies":"Lagavulin","floor":11,"turns":8},{"damage":12,"enemies":"Looter","floor":12,"turns":3},{"damage":62,"enemies":"Gremlin Nob","floor":13,"turns":4}],"seed_played":"-1465068966055986749","potions_obtained":[{"floor":2,"key":"Dexterity Potion"},{"floor":2,"key":"Energy Potion"},{"floor":2,"key":"SkillPotion"},{"floor":6,"key":"CultistPotion"}],"is_trial":false,"path_per_floor":["M","?","M","?","$","E","R","?","T","M","E","M","E"],"character_chosen":"IRONCLAD","items_purchased":[],"campfire_rested":0,"item_purchase_floors":[],"current_hp_per_floor":[74,74,75,75,75,73,73,73,71,71,53,49,0,0],"gold":60,"neow_bonus":"THREE_ENEMY_KILL","is_daily":false,"chose_seed":false,"campfire_upgraded":1,"win_rate":0.0,"timestamp":1607756635,"path_taken":["M","?","M","?","$","E","R","?","T","M","E","M","E"],"items_purchased_type":[],"build_version":"2020-11-30","purchased_purges":0,"victory":false,"max_hp_per_floor":[75,75,75,75,75,73,73,73,71,71,71,71,71,71],"card_choices":[{"not_picked":["Clothesline","Body Slam","Iron Wave"],"picked":"SKIP","floor":1.0},{"not_picked":["Twin Strike","Clash","Armaments"],"picked":"SKIP","floor":3},{"not_picked":["Body Slam","Anger"],"picked":"Shrug It Off","floor":6},{"not_picked":["Perfected Strike","Shockwave","Headbutt"],"picked":"SKIP","floor":10},{"not_picked":["Pommel Strike","hubris:ReadiedAction","Dropkick"],"picked":"SKIP","floor":11},{"not_picked":["hubris:ReadiedAction","Pommel Strike","Iron Wave"],"picked":"SKIP","floor":12}],"player_experience":448861,"relics_obtained":[{"floor":2,"key":"ReplayTheSpireMod:Ring of Addiction"},{"floor":2,"key":"hubris:EmptyBottle"},{"floor":2,"key":"Potion Belt"},{"floor":6,"key":"Boot"},{"floor":9,"key":"Blood Vial"},{"floor":11,"key":"Runesmith:Locket"}],"event_choices":[{"cards_removed":["Strike_R"],"damage_healed":0,"gold_gain":0,"player_choice":"Card Removal","damage_taken":0,"max_hp_gain":0,"max_hp_loss":0,"event_name":"The Cleric","floor":4,"gold_loss":75},{"damage_healed":0,"gold_gain":0,"player_choice":"Paid Gold","damage_taken":0,"relics_obtained":["Meat on the Bone"],"max_hp_gain":0,"max_hp_loss":0,"event_name":"WeMeetAgain","floor":8,"gold_loss":91}],"is_beta":false,"boss_relics":[],"items_purged_floors":[],"is_endless":false,"potions_floor_spawned":[6,11],"killed_by":"Gremlin Nob","ascension_level":19}}