{"host":"rvmf271ux45up69r","time":1607810217,"event":{"mods":["2.2 Compatiblity","AchievementEnabler","Aspiration","BaseMod","Better Third Choice","ChefMod","Colored Map","Colored Powertips","Dota2Spire","Downfall","Energized Spire","GifTheSpireLib","Highlight Path","Hubris","JesterMod","Minty Spire (QoL Compilation)","Permanent Neow","Random Character Button","Replay The Spire","Robot Space Explorer","Shop Mod","Spicy Shops","StSLib","Stuff the Spire","The Clintock","The Disciple","The Exordian Avenger","The Wild Card","TheVacant","Thieving Mod"],"gold_per_floor":[99,126,126,126,142,142,142,152,183,183,183,200,213,213,229,229,229],"floor_reached":16,"playtime":1313,"items_purged":[],"score":110,"play_id":"bc88fa87-5e96-4bf9-932e-511cf63d2074","local_time":"20201213085657","is_ascension_mode":false,"campfire_choices":[{"data":"champ:Taunt","floor":1,"key":"SMITH"},{"data":"champ:ShieldWall","floor":10,"key":"SMITH"}],"circlet_count":0,"master_deck":["champ:Strike","champ:Strike","champ:Strike+1","champ:Strike","champ:Defend","champ:Defend","champ:Defend+1","champ:Defend","champ:Execute+1","champ:Taunt+1","champ:Encircle+1","Regret","champ:BringItOn","Regret","champ:FocusedBerserking","champ:ShieldWall+1","champ:VampiricStrike","champ:ArenaPreparation","champ:StanceDance"],"relics":["champ:ChampionCrown","hubris:ToyBattleship","hubris:Towel","Dota2Spire:PhaseBoots","Du-Vu Doll","Vajra","Replay:Bottled Snecko"],"acts_visited":["Exordium"],"potions_floor_usage":[],"damage_taken":[{"damage":46,"enemies":"3 Sentries","floor":2,"turns":9},{"damage":10,"enemies":"Cultist","floor":5,"turns":4},{"damage":4,"enemies":"Small Slimes","floor":8,"turns":2},{"damage":34,"enemies":"Lagavulin","floor":9,"turns":5},{"damage":10,"enemies":"2 Louse","floor":12,"turns":1},{"damage":39,"enemies":"Large Slime","floor":13,"turns":5},{"damage":4,"enemies":"Blue Slaver","floor":15,"turns":2},{"damage":57,"enemies":"downfall:Ironclad","floor":16,"turns":7}],"seed_played":"-8315468791419383152","potions_obtained":[{"floor":2,"key":"Energy Potion"},{"floor":9,"key":"DuplicationPotion"},{"floor":13,"key":"Elixir"}],"is_trial":false,"path_per_floor":["R","E","?","?","M","?","T","M","E","R","?","M","M","T","M","B"],"character_chosen":"THE_CHAMP","items_purchased":[],"campfire_rested":0,"item_purchase_floors":[],"current_hp_per_floor":[90,65,65,65,62,62,62,60,41,41,41,41,42,42,40,0,0],"gold":229,"neow_bonus":"THREE_CARDS","is_daily":false,"chose_seed":false,"campfire_upgraded":2,"win_rate":0.0,"timestamp":1607810217,"path_taken":["R","E","?","?","M","?","T","M","E","R","?","M","M","?","M","BOSS"],"items_purchased_type":[],"build_version":"2020-11-30","purchased_purges":0,"victory":false,"max_hp_per_floor":[90,90,90,90,90,90,90,90,90,90,90,90,90,90,90,90,90],"card_choices":[{"not_picked":["champ:TornadoPunch","champ:RapidStrikes"],"picked":"champ:Encircle","floor":0},{"not_picked":["champ:Backstep","champ:BladeFlurry","champ:TornadoPunch"],"picked":"SKIP","floor":2},{"not_picked":["champ:FocusedGladiator","champ:Backstep"],"picked":"champ:BringItOn","floor":5},{"not_picked":["champ:Encircle","champ:GladiatorsShout"],"picked":"champ:FocusedBerserking","floor":8},{"not_picked":["champ:StanceDance","champ:HeartStrike"],"picked":"champ:ShieldWall","floor":9},{"not_picked":["champ:Duel","champ:TornadoPunch"],"picked":"champ:VampiricStrike","floor":12},{"not_picked":["champ:BladeFlurry","champ:Backstep"],"picked":"champ:ArenaPreparation","floor":13},{"not_picked":["champ:CrookedStrike","champ:AdrenalArmor"],"picked":"champ:StanceDance","floor":15}],"player_experience":259762,"relics_obtained":[{"floor":2,"key":"hubris:ToyBattleship"},{"floor":7,"key":"Du-Vu Doll"},{"floor":9,"key":"Vajra"},{"floor":14,"key":"Replay:Bottled Snecko"}],"event_choices":[{"damage_healed":0,"gold_gain":0,"player_choice":"Box","damage_taken":0,"relics_obtained":["Dota2Spire:PhaseBoots"],"max_hp_gain":0,"max_hp_loss":0,"event_name":"Big Fish","floor":6,"gold_loss":0,"cards_obtained":["Regret"]},{"damage_healed":0,"gold_gain":0,"player_choice":"Grow","damage_taken":0,"max_hp_gain":0,"max_hp_loss":0,"event_name":"Living Wall","floor":11,"gold_loss":0,"cards_upgraded":["champ:Encircle"]}],"is_beta":false,"boss_relics":[],"items_purged_floors":[],"is_endless":false,"potions_floor_spawned":[2,9,13,15],"killed_by":"downfall:Ironclad","ascension_level":0}}