{"host":"ea1gz0s8chhg5p89","time":1607794461,"event":{"mods":["Act Like it!","BaseMod","Decade(王小明)","Gensokyo","Marisa（F雨　魔理沙）","Minty Spire (QoL Compilation)","Pale of the Ancients","Remilia（蕾米莉亚）","Replay The Spire","StSLib","The Servant 0.9.4","WarShipGirlsR/战舰少女R mod","Youmu（魂魄妖梦）"],"gold_per_floor":[113,113,113,25,73,73,101,101,101,138,156,156,3,33,33,129,129,174,188,98,117,25,25,53,71,118,118,147,147,161,180,180,281,281,292,255,255,152,164,164,189,207,230,249,249,263,263,291,291,291,301,320,320,191,191,208,208,208,208,208],"floor_reached":61,"playtime":3762,"items_purged":["rmod:defend"],"score":1279,"play_id":"de9ccd7e-4b11-4c8e-bcfd-a418084a5454","local_time":"20201213013421","is_ascension_mode":false,"campfire_choices":[{"data":"rmod:steelsupply","floor":6.0,"key":"SMITH"},{"data":"rmod:fuelsupply","floor":8.0,"key":"SMITH"},{"data":"rmod:ammunitionsupply","floor":12.0,"key":"SMITH"},{"data":"rmod:strick","floor":15.0,"key":"PURGE"},{"data":"rmod:expedition+1","floor":23.0,"key":"SMITH"},{"floor":27.0,"key":"REST"},{"data":"rmod:steelsupply","floor":29.0,"key":"SMITH"},{"floor":32,"key":"REST"},{"data":"rmod:expeditionaryescort","floor":40,"key":"SMITH"},{"data":"rmod:aluminumsupply","floor":45,"key":"SMITH"},{"data":"rmod:aluminumsupply","floor":47,"key":"SMITH"},{"data":"rmod:lonelyqueen","floor":49,"key":"SMITH"},{"data":"rmod:robin","floor":55,"key":"SMITH"},{"data":"rmod:advancebysurprise","floor":57,"key":"SMITH"}],"circlet_count":0,"master_deck":["rmod:defend","rmod:defend","rmod:basicallowance","rmod:maingunfire","rmod:steelsupply+1","rmod:garrisonisland+1","rmod:spoils","rmod:luckystar","rmod:firesupport+1","rmod:fuelsupply+1","rmod:ammunitionsupply+1","rmod:combined+1","rmod:expedition","rmod:expedition+2","rmod:firesupport+1","rmod:unsinkable","rmod:maintain","rmod:windflower","rmod:aluminumsupply+1","rmod:punchline+1","rmod:aluminumsupply+1","rmod:steelsupply+1","rmod:fletcherpendant+1","rmod:lonelyqueen","rmod:expeditionaryescort+1","rmod:luckystar+1","rmod:aviationdawn","rmod:robin+1","rmod:acesubmarine+1","rmod:aggressivemary+1","rmod:openingtorpedo+1","rmod:unsinkable","rmod:lonelyqueen+1","rmod:unsinkable+1","rmod:victimresponsibility+1","rmod:launchingtorpedo+1","rmod:smokecover+1","rmod:goodfighter+1","rmod:bulid+1","rmod:smokecover","rmod:ammunitionsupply+1","rmod:supportescort","rmod:advancebysurprise+1"],"relics":["rmod:firstchargereward","Pet Ghost","Replay:Bottled Snecko","Molten Egg 2","Vajra","HornCleat","rmod:equipmentrecovery","Empty Cage","Boot","Happy Flower","Mirror","Coffee Dripper","Nunchaku","Gremlin Food","Lizard Tail","paleoftheancients:Timepiece","Gremlin Horn","CultistMask","paleoftheancients:SoulOfTheWatcher","ReplayTheSpireMod:Ring of Challenge","Ring of Misfortune","Bottled Flame"],"acts_visited":["Exordium","TheCity","TheBeyond","paleoftheancients:PaleOfTheAncients"],"potions_floor_usage":[30,50,50,50,50,50,50,60,60,60],"damage_taken":[{"damage":0.0,"enemies":"Jaw Worm","floor":1.0,"turns":4.0},{"damage":2.0,"enemies":"Gremlin Nob","floor":7.0,"turns":3.0},{"damage":0.0,"enemies":"Small Slimes","floor":10.0,"turns":3.0},{"damage":0.0,"enemies":"Cultist","floor":11.0,"turns":2.0},{"damage":0.0,"enemies":"Lagavulin","floor":14.0,"turns":5.0},{"damage":6.0,"enemies":"Hexaghost","floor":16.0,"turns":7.0},{"damage":15.0,"enemies":"3 Byrds","floor":18.0,"turns":6.0},{"damage":22.0,"enemies":"Shell Parasite","floor":19.0,"turns":4.0},{"damage":0.0,"enemies":"Snake Plant","floor":21.0,"turns":3.0},{"damage":23.0,"enemies":"Book of Stabbing","floor":24.0,"turns":5.0},{"damage":7.0,"enemies":"3 Cultists","floor":25.0,"turns":5.0},{"damage":16.0,"enemies":"Slavers","floor":28.0,"turns":6.0},{"damage":12,"enemies":"Centurion and Healer","floor":30,"turns":7},{"damage":0,"enemies":"Cultist and Chosen","floor":31,"turns":5},{"damage":0,"enemies":"Automaton","floor":33,"turns":8},{"damage":0,"enemies":"3 Darklings","floor":35,"turns":3},{"damage":0,"enemies":"3 Shapes","floor":39,"turns":3},{"damage":0,"enemies":"Nemesis","floor":41,"turns":4},{"damage":3,"enemies":"Maw","floor":42,"turns":5},{"damage":1,"enemies":"3 Darklings","floor":44,"turns":3},{"damage":0,"enemies":"4 Shapes","floor":46,"turns":5},{"damage":0,"enemies":"Giant Head","floor":48,"turns":5},{"damage":19,"enemies":"Replay:Hell Engine","floor":50,"turns":7},{"damage":81,"enemies":"Replay:Hell Engine","floor":51,"turns":7},{"damage":4,"enemies":"Replay:Hell Engine","floor":52,"turns":9},{"damage":0,"enemies":"Replay:Hell Engine","floor":56,"turns":7},{"damage":61,"enemies":"paleoftheancients:N","floor":60,"turns":10}],"seed_played":"1175208253141457745","potions_obtained":[{"floor":5.0,"key":"Flashbang"},{"floor":7.0,"key":"EntropicBrew"},{"floor":11.0,"key":"Swift Potion"},{"floor":25.0,"key":"Energy Potion"},{"floor":28.0,"key":"LiquidMemories"},{"floor":30,"key":"SteroidPotion"},{"floor":33,"key":"PowerPotion"},{"floor":39,"key":"GamblersBrew"},{"floor":41,"key":"DistilledChaos"},{"floor":46,"key":"EntropicBrew"},{"floor":52,"key":"EntropicBrew"}],"is_trial":false,"path_per_floor":["M","?","T","$","?","R","E","R","T","M","M","R","$","E","R","B",null,"M","M","?","M","$","R","E","M","T","R","E","R","M","M","R","B",null,"M","$","?","$","M","R","E","M","T","M","R","M","R","E","R","B","M","M","?","$","R","M","R","T","?","B",null],"character_chosen":"PRAEFECT","items_purchased":["rmod:spoils","rmod:luckystar","rmod:expedition","rmod:firesupport+1","rmod:unsinkable","rmod:steelsupply","rmod:fletcherpendant+1","rmod:openingtorpedo+1","rmod:unsinkable","rmod:lonelyqueen","rmod:supportescort"],"campfire_rested":2,"item_purchase_floors":[4,4,13,13,13,22,22,36,38,38,54],"current_hp_per_floor":[75,75,75,75,57,57,55,55,55,55,55,55,55,55,55,49,75,60,38,38,38,38,38,15,8,8,30,14,14,2,2,24,24,75,75,75,75,75,75,75,75,72,72,71,71,71,71,71,71,75,53,62,62,62,62,69,69,69,69,42],"gold":208,"neow_bonus":"RANDOM_COMMON_RELIC","is_daily":false,"chose_seed":false,"campfire_upgraded":11,"win_rate":0.0,"timestamp":1607794461,"path_taken":["M","?","?","$","?","R","E","R","T","M","?","R","?","E","R","BOSS","M","M","?","?","$","R","E","M","T","R","E","R","M","M","R","BOSS","M","?","?","$","?","R","E","M","T","M","R","M","R","E","R","BOSS","M","M","?","$","R","M","R","T","?","BOSS"],"items_purchased_type":["Card","Card","Card","Card","Card","Card","Card","Card","Card","Card","Card"],"build_version":"2020-11-30","purchased_purges":1,"victory":true,"max_hp_per_floor":[75,75,75,75,75,75,75,75,75,75,75,75,75,75,75,75,75,75,75,75,75,75,75,75,75,75,75,75,75,75,75,75,75,75,75,75,75,75,75,75,75,75,75,75,75,75,75,75,75,75,75,75,75,75,75,75,75,75,75,75],"card_choices":[{"not_picked":["rmod:unsinkable","rmod:tearstotiara"],"picked":"rmod:steelsupply","floor":1.0},{"not_picked":["rmod:diamondstrike+1","rmod:generalist+1"],"picked":"rmod:firesupport+1","floor":5.0},{"not_picked":["rmod:generalist+1","rmod:launchingtorpedo+1"],"picked":"rmod:fuelsupply","floor":7.0},{"not_picked":["rmod:firesupport+1","rmod:goodfighter+1"],"picked":"rmod:ammunitionsupply","floor":10.0},{"not_picked":["rmod:selfconfidence+1","rmod:ammunitionsupply"],"picked":"rmod:combined+1","floor":11.0},{"not_picked":["rmod:desperatesituation","rmod:aviationdawn"],"picked":"rmod:maintain","floor":14.0},{"not_picked":["rmod:supriseattacks","rmod:ridicule"],"picked":"rmod:windflower","floor":16.0},{"not_picked":["rmod:intelligenceanalysis+1","rmod:luckystar+1"],"picked":"rmod:aluminumsupply","floor":18.0},{"not_picked":["rmod:victimresponsibility","rmod:aviationdawn"],"picked":"rmod:punchline+1","floor":19.0},{"not_picked":["rmod:capitalist","rmod:intelligenceanalysis+1"],"picked":"rmod:aluminumsupply","floor":21.0},{"not_picked":["rmod:aviationdawn","rmod:robin"],"picked":"rmod:lonelyqueen","floor":24.0},{"not_picked":["rmod:smokecover","rmod:rockthrower+1"],"picked":"rmod:expeditionaryescort","floor":25.0},{"not_picked":["rmod:steelsupply","rmod:victimresponsibility+1"],"picked":"rmod:luckystar+1","floor":28.0},{"not_picked":["rmod:openingtorpedo+1","rmod:victimresponsibility"],"picked":"rmod:aviationdawn","floor":30},{"not_picked":["rmod:supportaircraftcarrier","rmod:supportescort"],"picked":"rmod:robin","floor":31},{"not_picked":["rmod:auspiciousomen","rmod:u235"],"picked":"rmod:acesubmarine+1","floor":33},{"not_picked":["rmod:garrisonisland+1","rmod:fuelsupply"],"picked":"rmod:aggressivemary+1","floor":35},{"not_picked":["rmod:guardianhero","rmod:intelligenceanalysis+1"],"picked":"rmod:unsinkable+1","floor":39},{"not_picked":["rmod:goodsister+1","rmod:firesupport+1"],"picked":"rmod:victimresponsibility+1","floor":41},{"not_picked":["rmod:selfconfidence+1","rmod:combined+1"],"picked":"rmod:launchingtorpedo+1","floor":42},{"not_picked":["rmod:aviationdawn","rmod:aluminumsupply+1"],"picked":"rmod:smokecover+1","floor":44},{"not_picked":["rmod:unsinkable+1","rmod:selfconfidence+1"],"picked":"rmod:goodfighter+1","floor":46},{"not_picked":["rmod:supportescort+1","rmod:u235"],"picked":"rmod:bulid+1","floor":48},{"not_picked":["rmod:ammunitionsupply+1","rmod:fletcherpendant+1"],"picked":"rmod:smokecover","floor":51},{"not_picked":["rmod:slowdown","rmod:chargemoney+1"],"picked":"rmod:ammunitionsupply+1","floor":52},{"not_picked":["rmod:supriseattacks","rmod:expedition+1"],"picked":"rmod:advancebysurprise","floor":56}],"player_experience":483516,"relics_obtained":[{"floor":3.0,"key":"Replay:Bottled Snecko"},{"floor":5.0,"key":"Molten Egg 2"},{"floor":7.0,"key":"Vajra"},{"floor":9.0,"key":"HornCleat"},{"floor":14.0,"key":"rmod:equipmentrecovery"},{"floor":24.0,"key":"Boot"},{"floor":26.0,"key":"Happy Flower"},{"floor":28.0,"key":"Mirror"},{"floor":41,"key":"Nunchaku"},{"floor":43,"key":"Gremlin Food"},{"floor":48,"key":"Lizard Tail"},{"floor":52,"key":"paleoftheancients:SoulOfTheWatcher"},{"floor":53,"key":"ReplayTheSpireMod:Ring of Challenge"},{"floor":53,"key":"Ring of Misfortune"},{"floor":58,"key":"Bottled Flame"}],"event_choices":[{"cards_removed":["rmod:strick"],"damage_healed":0.0,"max_hp_gain":0.0,"max_hp_loss":0.0,"gold_gain":0.0,"event_name":"Designer","player_choice":"Upgrade and Remove","floor":20.0,"gold_loss":90.0,"damage_taken":0.0,"cards_upgraded":["rmod:expedition"]},{"damage_healed":0,"gold_gain":0,"player_choice":"Ignored","damage_taken":0,"max_hp_gain":0,"max_hp_loss":0,"event_name":"NoteForYourself","floor":37,"gold_loss":0}],"is_beta":false,"boss_relics":[{"not_picked":["Replay:Bronze Core","Sozu"],"picked":"Empty Cage"},{"not_picked":["Snecko Eye","Honey Jar"],"picked":"Coffee Dripper"}],"items_purged_floors":[54],"is_endless":false,"potions_floor_spawned":[7,11,25,28,30,33,39,41,46,48,52,60],"ascension_level":0}}