{"host":"ueef25wtkg2eer3h","time":1607770777,"event":{"mods":["AchievementEnabler","BaseMod","Colored Map","Colored Powertips","DeckTracker","Displayed Cursed Tome","Googly Eyes","Highlight Path","Minty Spire (QoL Compilation)","Slay the Relics Exporter","StSLib"],"gold_per_floor":[109,127,141,152,166,166,245,273,298,298,298,314,342,362,362,459,459,479,28,28,40,40,40,115,150,232,232,261,261,261,290,290,386,386,400,417,417,417],"floor_reached":37,"playtime":1669,"items_purged":[],"score":766,"play_id":"1cc5e146-8c3f-45c5-b52a-c8f1823957da","local_time":"20201212115937","is_ascension_mode":true,"campfire_choices":[{"data":"Streamline","floor":6,"key":"SMITH"},{"floor":11,"key":"REST"},{"floor":15,"key":"REST"},{"floor":23,"key":"REST"},{"floor":27,"key":"REST"},{"floor":29,"key":"REST"},{"data":"Defragment","floor":32,"key":"SMITH"}],"circlet_count":0,"master_deck":["AscendersBane","Strike_B","Strike_B","Strike_B","Defend_B","Defend_B","Zap","Dualcast","Streamline+1","Coolheaded","Glacier","Chill","Cold Snap","Glacier","Barrage","Go for the Eyes","Sweeping Beam","Aggregate","Gash","Buffer","Sweeping Beam+1","Hyperbeam+1","Gash+1","Recycle+1","Conserve Battery","J.A.X.","Defragment+1","Gash+1","Gash","BootSequence+1","Barrage+1","Capacitor","Static Discharge+1","Go for the Eyes","Meteor Strike","Gash+1","Self Repair"],"relics":["Cracked Core","Pocketwatch","Potion Belt","Dream Catcher","Ornamental Fan","Art of War","Astrolabe","Letter Opener","Juzu Bracelet","Ancient Tea Set","Bottled Tornado","Tiny Chest","WingedGreaves","Fusion Hammer"],"acts_visited":["Exordium","TheCity","TheBeyond"],"potions_floor_usage":[4,13,16,18,25,28,28,33,33,33,33,37,37],"damage_taken":[{"damage":12.0,"enemies":"Jaw Worm","floor":1.0,"turns":2.0},{"damage":6.0,"enemies":"Cultist","floor":2.0,"turns":3.0},{"damage":0,"enemies":"2 Louse","floor":3,"turns":2},{"damage":11,"enemies":"Exordium Thugs","floor":4,"turns":3},{"damage":12,"enemies":"Gremlin Gang","floor":5,"turns":8},{"damage":14,"enemies":"Gremlin Nob","floor":8,"turns":4},{"damage":2,"enemies":"Blue Slaver","floor":12,"turns":3},{"damage":2,"enemies":"Lagavulin","floor":13,"turns":7},{"damage":2,"enemies":"Looter","floor":14,"turns":3},{"damage":17,"enemies":"Hexaghost","floor":16,"turns":11},{"damage":2,"enemies":"3 Byrds","floor":18,"turns":2},{"damage":12,"enemies":"Shell Parasite","floor":21,"turns":4},{"damage":28,"enemies":"Gremlin Leader","floor":25,"turns":8},{"damage":3,"enemies":"Slavers","floor":28,"turns":2},{"damage":11,"enemies":"Gremlin Leader","floor":31,"turns":6},{"damage":38,"enemies":"Champ","floor":33,"turns":9},{"damage":3,"enemies":"Orb Walker","floor":35,"turns":3},{"damage":26,"enemies":"3 Darklings","floor":36,"turns":8},{"damage":30,"enemies":"2 Orb Walkers","floor":37,"turns":3}],"seed_played":"3583273943064601809","potions_obtained":[{"floor":3,"key":"ColorlessPotion"},{"floor":4,"key":"Swift Potion"},{"floor":12,"key":"FearPotion"},{"floor":13,"key":"DistilledChaos"},{"floor":14,"key":"Block Potion"},{"floor":16,"key":"Explosive Potion"},{"floor":21,"key":"Energy Potion"},{"floor":28,"key":"Explosive Potion"},{"floor":31,"key":"EntropicBrew"},{"floor":36,"key":"LiquidMemories"}],"is_trial":false,"path_per_floor":["M","M","M","M","M","R","?","E","T","T","R","M","E","M","R","B",null,"M","$","?","M","?","R","?","E","T","R","E","R","?","E","R","B",null,"M","M","?"],"character_chosen":"DEFECT","items_purchased":["Conserve Battery","Letter Opener","Juzu Bracelet"],"campfire_rested":5,"item_purchase_floors":[19,19,19],"current_hp_per_floor":[56,50,50,39,27,27,27,13,13,13,33,31,29,27,47,30,59,57,57,57,45,45,65,59,31,31,51,48,68,68,57,57,19,56,53,27,0,0],"gold":417,"neow_bonus":"ONE_RARE_RELIC","is_daily":false,"chose_seed":false,"campfire_upgraded":2,"win_rate":0.0,"timestamp":1607770777,"path_taken":["M","M","M","M","M","R","?","E","T","?","R","?","E","M","R","BOSS","M","$","?","M","?","R","?","E","T","R","E","R","?","E","R","BOSS","M","M","?"],"items_purchased_type":["Card","Relic","Relic"],"build_version":"2020-11-30","purchased_purges":0,"victory":false,"max_hp_per_floor":[68,68,68,68,68,68,68,68,68,68,68,68,68,68,68,68,68,68,68,68,68,68,68,68,68,68,68,68,68,68,68,68,68,68,68,68,68,68],"card_choices":[{"not_picked":["Beam Cell","Redo"],"picked":"Streamline","floor":1.0},{"not_picked":["Leap","Auto Shields"],"picked":"Coolheaded","floor":2},{"not_picked":["Sunder","Sweeping Beam"],"picked":"Glacier","floor":3},{"not_picked":["Gash","Coolheaded"],"picked":"Chill","floor":4},{"not_picked":["Tempest","Aggregate"],"picked":"Cold Snap","floor":5},{"not_picked":["Compile Driver","White Noise"],"picked":"Glacier","floor":8},{"not_picked":["Scrape","Aggregate"],"picked":"Barrage","floor":11},{"not_picked":["Steam Power","Skim"],"picked":"Go for the Eyes","floor":12},{"not_picked":["Turbo","Stack"],"picked":"Sweeping Beam","floor":13},{"not_picked":["Gash","Reinforced Body"],"picked":"Aggregate","floor":14},{"not_picked":["Stack","Steam"],"picked":"Gash","floor":15},{"not_picked":["Amplify","Fission"],"picked":"Buffer","floor":16},{"not_picked":["Stack","Coolheaded"],"picked":"Recycle+1","floor":18},{"not_picked":["Redo","Beam Cell"],"picked":"Defragment","floor":21},{"not_picked":["Scrape","Compile Driver"],"picked":"Gash","floor":23},{"not_picked":["Genetic Algorithm","Meteor Strike"],"picked":"BootSequence+1","floor":25},{"not_picked":["Redo+1","Steam Power"],"picked":"Barrage+1","floor":27},{"not_picked":["Turbo","Lockon"],"picked":"Capacitor","floor":28},{"not_picked":["Conserve Battery","Storm+1"],"picked":"Static Discharge+1","floor":29},{"not_picked":["Barrage","Compile Driver+1"],"picked":"Go for the Eyes","floor":31},{"not_picked":["Hyperbeam","Buffer"],"picked":"Meteor Strike","floor":33},{"not_picked":["Hologram","Rebound+1"],"picked":"Gash+1","floor":35},{"not_picked":["Leap+1","Rebound"],"picked":"Self Repair","floor":36}],"player_experience":249273,"relics_obtained":[{"floor":8,"key":"Potion Belt"},{"floor":9,"key":"Dream Catcher"},{"floor":10,"key":"Ornamental Fan"},{"floor":13,"key":"Art of War"},{"floor":25,"key":"Ancient Tea Set"},{"floor":26,"key":"Bottled Tornado"},{"floor":28,"key":"Tiny Chest"},{"floor":31,"key":"WingedGreaves"}],"event_choices":[{"damage_healed":0,"gold_gain":79,"player_choice":"Gained Gold","damage_taken":0,"max_hp_gain":0,"max_hp_loss":0,"event_name":"Golden Wing","floor":7,"gold_loss":0},{"damage_healed":0,"gold_gain":0,"player_choice":"Obtain J.A.X.","damage_taken":0,"max_hp_gain":0,"max_hp_loss":0,"event_name":"Drug Dealer","floor":20,"gold_loss":0,"cards_obtained":["J.A.X."]},{"damage_healed":0,"gold_gain":0,"player_choice":"Copied","damage_taken":0,"max_hp_gain":0,"max_hp_loss":0,"event_name":"Duplicator","floor":22,"gold_loss":0,"cards_obtained":["Gash"]},{"damage_healed":0,"gold_gain":75,"player_choice":"Touch","damage_taken":6,"max_hp_gain":0,"max_hp_loss":0,"event_name":"FaceTrader","floor":24,"gold_loss":0},{"damage_healed":0,"gold_gain":0,"player_choice":"Ignored","damage_taken":0,"max_hp_gain":0,"max_hp_loss":0,"event_name":"Ghosts","floor":30,"gold_loss":0},{"damage_healed":0,"gold_gain":0,"player_choice":"Fight","damage_taken":0,"max_hp_gain":0,"max_hp_loss":0,"event_name":"Mysterious Sphere","floor":37,"gold_loss":0}],"is_beta":false,"boss_relics":[{"not_picked":["Tiny House","Philosopher\u0027s Stone"],"picked":"Astrolabe"},{"not_picked":["Runic Dome","SacredBark"],"picked":"Fusion Hammer"}],"items_purged_floors":[],"is_endless":false,"potions_floor_spawned":[3,4,12,13,14,16,21,28,31,36],"killed_by":"2 Orb Walkers","ascension_level":11}}