{"host":"5gc11emcm5chfr5t","time":1607759552,"event":{"mods":["2.2 Compatiblity","AchievementEnabler","BaseMod","Bestiary","Better Note","Colored Map","Colored Powertips","Googly Eyes","Minty Spire (QoL Compilation)","Rare Cards Sparkle","StSLib"],"gold_per_floor":[114,114,126,140,152,185,185,200,200,223,251,26,42,99,99,201,201,219,219,231,244,45,71,71,90,90,90,90,101,129,143,143,238,238,248,2,18,18,18,18,53,53,78,78,93,93,93],"floor_reached":46,"playtime":1715,"items_purged":["Defend_R"],"score":525,"play_id":"2a4131f8-ddcd-41fa-8e1c-c2c769a4661e","local_time":"20201212025232","is_ascension_mode":false,"campfire_choices":[{"floor":7.0,"key":"REST"},{"floor":15.0,"key":"REST"},{"floor":24.0,"key":"REST"},{"floor":27.0,"key":"REST"},{"floor":32.0,"key":"REST"},{"floor":40.0,"key":"REST"},{"floor":42.0,"key":"REST"}],"circlet_count":0,"master_deck":["Strike_R","Strike_R","Strike_R","Strike_R","Strike_R","Spot Weakness","Pommel Strike","Hemokinesis","Shockwave","Hemokinesis","Limit Break","Shrug It Off","Rage","Whirlwind+1","Flame Barrier+1","Searing Blow+1","Immolate","Infernal Blade+1","Perfected Strike","Burst","Enlightenment","Creative AI","Heavy Blade+1","Apotheosis","Writhe","PiercingWail+1"],"relics":["Burning Blood","Orichalcum","Pantograph","Art of War","Odd Mushroom","Strawberry","OrangePellets","Sundial","Astrolabe","PrismaticShard","Mercury Hourglass","Bag of Marbles","Anchor","SacredBark","Champion Belt"],"acts_visited":["Exordium","TheCity","TheBeyond"],"potions_floor_usage":[],"damage_taken":[{"damage":7.0,"enemies":"2 Louse","floor":1.0,"turns":3.0},{"damage":4.0,"enemies":"Cultist","floor":3.0,"turns":4.0},{"damage":5.0,"enemies":"Jaw Worm","floor":4.0,"turns":2.0},{"damage":12.0,"enemies":"Large Slime","floor":5.0,"turns":3.0},{"damage":36.0,"enemies":"Gremlin Nob","floor":6.0,"turns":5.0},{"damage":8.0,"enemies":"Exordium Thugs","floor":8.0,"turns":4.0},{"damage":5.0,"enemies":"The Mushroom Lair","floor":10.0,"turns":2.0},{"damage":27.0,"enemies":"Lagavulin","floor":11.0,"turns":4.0},{"damage":11.0,"enemies":"Exordium Wildlife","floor":13.0,"turns":3.0},{"damage":20.0,"enemies":"Lagavulin Event","floor":14.0,"turns":4.0},{"damage":30.0,"enemies":"Slime Boss","floor":16.0,"turns":10.0},{"damage":13.0,"enemies":"Shell Parasite","floor":18.0,"turns":4.0},{"damage":10.0,"enemies":"2 Thieves","floor":20.0,"turns":3.0},{"damage":26.0,"enemies":"Snake Plant","floor":21.0,"turns":4.0},{"damage":30.0,"enemies":"Book of Stabbing","floor":23.0,"turns":5.0},{"damage":3.0,"enemies":"Snecko","floor":25.0,"turns":4.0},{"damage":14.0,"enemies":"Centurion and Healer","floor":29.0,"turns":3.0},{"damage":4.0,"enemies":"Gremlin Leader","floor":30.0,"turns":4.0},{"damage":14.0,"enemies":"Shelled Parasite and Fungi","floor":31.0,"turns":3.0},{"damage":107.0,"enemies":"Champ","floor":33.0,"turns":11.0},{"damage":15.0,"enemies":"Orb Walker","floor":35.0,"turns":3.0},{"damage":51.0,"enemies":"3 Darklings","floor":37.0,"turns":5.0},{"damage":51.0,"enemies":"Nemesis","floor":41.0,"turns":5.0},{"damage":53.0,"enemies":"Transient","floor":45.0,"turns":5.0}],"seed_played":"-592669520141732129","potions_obtained":[{"floor":3.0,"key":"SkillPotion"},{"floor":4.0,"key":"Explosive Potion"},{"floor":8.0,"key":"FairyPotion"},{"floor":10.0,"key":"Fire Potion"},{"floor":14.0,"key":"EssenceOfSteel"},{"floor":16.0,"key":"Fruit Juice"},{"floor":23.0,"key":"Fire Potion"},{"floor":28.0,"key":"BlessingOfTheForge"},{"floor":29.0,"key":"BlessingOfTheForge"},{"floor":31.0,"key":"Dexterity Potion"},{"floor":35.0,"key":"PowerPotion"},{"floor":37.0,"key":"LiquidBronze"}],"is_trial":false,"path_per_floor":["M","?","M","M","M","E","R","M","T","?","E","$","M","?","R","B",null,"M","?","M","M","$","E","R","M","T","R","?","M","E","M","R","B",null,"M","$","M","?","$","R","E","R","T","?","M","M"],"character_chosen":"IRONCLAD","items_purchased":["Limit Break","OrangePellets","PrismaticShard","Perfected Strike","Apotheosis"],"campfire_rested":7,"item_purchase_floors":[12,12,22,22,36],"current_hp_per_floor":[79,79,80,80,74,44,68,66,66,67,53,53,48,34,60,61,87,80,80,76,56,56,32,58,61,61,87,92,84,86,78,92,31,92,83,83,38,38,38,65,20,47,47,70,23,0,0],"gold":93,"neow_bonus":"RANDOM_COMMON_RELIC","is_daily":false,"chose_seed":false,"campfire_upgraded":0,"win_rate":0.0,"timestamp":1607759552,"path_taken":["M","?","M","?","M","E","R","M","T","?","E","?","M","?","R","BOSS","M","?","M","M","$","E","R","M","T","R","?","M","E","M","R","BOSS","M","?","M","?","$","R","E","R","T","?","M","M"],"items_purchased_type":["Card","Relic","Relic","Card","Card"],"build_version":"2020-11-30","purchased_purges":1,"victory":false,"max_hp_per_floor":[80,80,80,80,80,80,80,80,80,80,87,87,87,87,87,87,87,87,87,87,87,87,87,87,87,87,87,92,92,92,92,92,92,92,92,92,92,92,92,92,92,92,92,92,92,92,92],"card_choices":[{"not_picked":["True Grit","Sword Boomerang"],"picked":"Spot Weakness","floor":1.0},{"not_picked":["Havoc","True Grit"],"picked":"Pommel Strike","floor":3.0},{"not_picked":["Twin Strike","Body Slam"],"picked":"Hemokinesis","floor":4.0},{"not_picked":["Armaments","Flex"],"picked":"Shockwave","floor":5.0},{"not_picked":["Sword Boomerang","Offering","Anger"],"picked":"SKIP","floor":6.0},{"not_picked":["Shrug It Off","True Grit"],"picked":"Hemokinesis","floor":8.0},{"not_picked":["Havoc","Dark Embrace","Heavy Blade"],"picked":"SKIP","floor":11.0},{"not_picked":["Wild Strike","Pommel Strike"],"picked":"Shrug It Off","floor":13.0},{"not_picked":["Headbutt","Evolve"],"picked":"Rage","floor":14.0},{"not_picked":["Limit Break","Bludgeon"],"picked":"Exhume","floor":16.0},{"not_picked":["Armaments","Searing Blow","Ghostly Armor"],"picked":"SKIP","floor":18.0},{"not_picked":["Pommel Strike","Armaments"],"picked":"Infernal Blade+1","floor":20.0},{"not_picked":["Twin Strike","Armaments","Thunderclap"],"picked":"SKIP","floor":21.0},{"not_picked":["Pommel Strike","CrushJoints"],"picked":"Burst","floor":23.0},{"not_picked":["Cold Snap+1","Prepared","Consume"],"picked":"SKIP","floor":25.0},{"not_picked":["Cloak And Dagger","Trip+1","SashWhip+1"],"picked":"SKIP","floor":29.0},{"not_picked":["CutThroughFate","Searing Blow"],"picked":"Enlightenment","floor":30.0},{"not_picked":["Dagger Throw","Study","EmptyBody"],"picked":"SKIP","floor":31.0},{"not_picked":["Seek","Reboot"],"picked":"Creative AI","floor":33.0},{"not_picked":["True Grit","Gash"],"picked":"Heavy Blade+1","floor":35.0},{"not_picked":["SandsOfTime","White Noise","Protect"],"picked":"SKIP","floor":37.0},{"not_picked":["Swivel","Bloodletting+1","JustLucky"],"picked":"SKIP","floor":41.0},{"not_picked":["Protect+1","Cleave+1"],"picked":"PiercingWail+1","floor":45.0}],"player_experience":323818,"relics_obtained":[{"floor":6.0,"key":"Pantograph"},{"floor":9.0,"key":"Art of War"},{"floor":10.0,"key":"Odd Mushroom"},{"floor":11.0,"key":"Strawberry"},{"floor":14.0,"key":"Sundial"},{"floor":23.0,"key":"Mercury Hourglass"},{"floor":26.0,"key":"Bag of Marbles"},{"floor":30.0,"key":"Anchor"},{"floor":41.0,"key":"Champion Belt"}],"event_choices":[{"cards_removed":["Bash"],"damage_healed":0.0,"max_hp_gain":0.0,"max_hp_loss":0.0,"gold_gain":0.0,"event_name":"Bonfire Elementals","player_choice":"Offered Basic","floor":2.0,"gold_loss":0.0,"damage_taken":0.0},{"damage_healed":0.0,"max_hp_gain":0.0,"max_hp_loss":0.0,"gold_gain":0.0,"event_name":"Mushrooms","player_choice":"Fought Mushrooms","floor":10.0,"gold_loss":0.0,"damage_taken":0.0},{"damage_healed":0.0,"max_hp_gain":0.0,"max_hp_loss":0.0,"gold_gain":30.0,"event_name":"Dead Adventurer","player_choice":"Searched \u00272\u0027 times","floor":14.0,"gold_loss":0.0,"damage_taken":0.0},{"cards_removed":["Exhume"],"damage_healed":0.0,"max_hp_gain":0.0,"max_hp_loss":0.0,"gold_gain":0.0,"event_name":"betterNote:BetterNote","player_choice":"Take \u0026 Give","floor":19.0,"gold_loss":0.0,"damage_taken":0.0,"cards_obtained":["Immolate"]},{"damage_healed":0.0,"max_hp_gain":0.0,"max_hp_loss":0.0,"gold_gain":0.0,"event_name":"Lab","player_choice":"Got Potions","floor":28.0,"gold_loss":0.0,"damage_taken":0.0},{"cards_removed":["Exhume"],"damage_healed":0.0,"max_hp_gain":0.0,"max_hp_loss":0.0,"gold_gain":0.0,"event_name":"Falling","player_choice":"Removed Skill","floor":38.0,"gold_loss":0.0,"damage_taken":0.0},{"damage_healed":23.0,"max_hp_gain":0.0,"max_hp_loss":0.0,"gold_gain":0.0,"event_name":"Winding Halls","player_choice":"Writhe","floor":44.0,"gold_loss":0.0,"damage_taken":0.0,"cards_obtained":["Writhe"]}],"is_beta":false,"boss_relics":[{"not_picked":["Runic Cube","Tiny House"],"picked":"Astrolabe"},{"not_picked":["Velvet Choker","Coffee Dripper"],"picked":"SacredBark"}],"items_purged_floors":[36],"is_endless":false,"potions_floor_spawned":[3,4,8,10,14,16,23,29,31,35,37],"killed_by":"Sphere and 2 Shapes","ascension_level":0}}