{"host":"51dweoxrcspgw6ri","time":1607811299,"event":{"mods":["BaseMod","Colored Map","Colored Powertips","Minty Spire (QoL Compilation)","Rare Cards Sparkle","Relic Stats","StSLib","SuperFastMode","The Bug Knight"],"gold_per_floor":[118,128,128,128,41,82,82,97,97,97,116,160,9,52,52,178,178,191,186,205,205,54,54,54,54],"floor_reached":24,"playtime":1802,"items_purged":["Writhe"],"score":214,"play_id":"43fb293b-903c-4c0c-a540-2688291c5f2a","local_time":"20201212231459","is_ascension_mode":false,"campfire_choices":[{"floor":7.0,"key":"REST"},{"data":"Discovery","floor":10.0,"key":"SMITH"},{"floor":15.0,"key":"REST"},{"floor":23,"key":"REST"}],"circlet_count":0,"master_deck":["HollowMod:NailStrikeStart","HollowMod:NailStrikeStart","HollowMod:NailStrikeStart","HollowMod:QuickDashStart","HollowMod:QuickDashStart","HollowMod:QuickDashStart","HollowMod:QuickDashStart","HollowMod:FocusHealStart","HollowMod:PogoStrike","HollowMod:GoodIntentions","HollowMod:VengefulSpirit","HollowMod:MothsMistake","Discovery+1","HollowMod:DoubleDash","HollowMod:SiblingsSouls","HollowMod:MantisMark","HollowMod:PerfectDash","HollowMod:HornetsHelp","CurseOfTheBell","HollowMod:InfectedAttack","HollowMod:SoulStrike","HollowMod:MantisMark","HollowMod:MantisMark","HollowMod:SlysStrikes"],"relics":["HollowMod:VesselMask","Oddly Smooth Stone","Golden Idol","Gambling Chip","HollowMod:KingsBrand","Dream Catcher","Calling Bell","Akabeko","Pantograph","Shovel","MealTicket"],"acts_visited":["Exordium","TheCity"],"potions_floor_usage":[20,20],"damage_taken":[{"damage":0.0,"enemies":"Cultist","floor":1.0,"turns":3.0},{"damage":0.0,"enemies":"2 Louse","floor":2.0,"turns":4.0},{"damage":24.0,"enemies":"Lagavulin","floor":6.0,"turns":8.0},{"damage":2.0,"enemies":"Small Slimes","floor":8.0,"turns":2.0},{"damage":12.0,"enemies":"Exordium Wildlife","floor":11.0,"turns":4.0},{"damage":21.0,"enemies":"3 Sentries","floor":12.0,"turns":6.0},{"damage":14.0,"enemies":"Gremlin Nob","floor":14.0,"turns":3.0},{"damage":27.0,"enemies":"The Guardian","floor":16.0,"turns":10.0},{"damage":2.0,"enemies":"Chosen","floor":18.0,"turns":6.0},{"damage":5,"enemies":"2 Thieves","floor":19,"turns":4},{"damage":79,"enemies":"Chosen and Byrds","floor":20,"turns":10},{"damage":61,"enemies":"Book of Stabbing","floor":24,"turns":5}],"seed_played":"-5065619392402695335","potions_obtained":[{"floor":2.0,"key":"LiquidBronze"},{"floor":6.0,"key":"FearPotion"},{"floor":11.0,"key":"Ancient Potion"},{"floor":14.0,"key":"Swift Potion"},{"floor":16.0,"key":"Regen Potion"},{"floor":19,"key":"LiquidMemories"}],"is_trial":false,"path_per_floor":["M","M","?","?","$","E","R","M","T","R","M","E","$","E","R","B",null,"M","M","M","?","$","R","E"],"character_chosen":"THE_BUGKNIGHT","items_purchased":["Discovery","HollowMod:MantisMark","DistilledChaos","HollowMod:MantisMark"],"campfire_rested":3,"item_purchase_floors":[5,13,13,22],"current_hp_per_floor":[75,75,57,57,57,39,61,59,59,59,53,38,38,30,52,25,75,73,74,15,15,30,52,0,0],"gold":54,"neow_bonus":"RANDOM_COMMON_RELIC","is_daily":false,"chose_seed":false,"campfire_upgraded":1,"win_rate":0.0,"timestamp":1607811299,"path_taken":["M","?","?","?","$","E","R","M","T","R","?","E","$","E","R","BOSS","M","M","M","?","$","R","E"],"items_purchased_type":["Card","Card","Potion","Card"],"build_version":"2020-11-30","purchased_purges":1,"victory":false,"max_hp_per_floor":[75,75,75,75,75,75,75,75,75,75,75,75,75,75,75,75,75,75,75,75,75,75,75,75,75],"relic_stats":{"Dream Catcher":2,"Shovel":0,"counters":[12,65],"Golden Idol":70,"Gambling Chip":[24],"Pantograph":0,"MealTicket":15,"obtain_stats":[{"Calling Bell":17,"Dream Catcher":14,"Shovel":17,"Golden Idol":3,"Gambling Chip":6,"Pantograph":17,"Oddly Smooth Stone":0,"HollowMod:VesselMask":0,"MealTicket":21,"HollowMod:KingsBrand":12,"Akabeko":17},{"Calling Bell":8,"Dream Catcher":7,"Shovel":8,"Golden Idol":2,"Gambling Chip":3,"Pantograph":8,"Oddly Smooth Stone":0,"HollowMod:VesselMask":0,"MealTicket":11,"HollowMod:KingsBrand":6,"Akabeko":8},{"Calling Bell":40,"Dream Catcher":30,"Shovel":40,"Golden Idol":7,"Gambling Chip":15,"Pantograph":40,"Oddly Smooth Stone":0,"HollowMod:VesselMask":0,"MealTicket":60,"HollowMod:KingsBrand":27,"Akabeko":40}]},"card_choices":[{"not_picked":["HollowMod:CornifersMapStart","HollowMod:DescendingDark"],"picked":"HollowMod:GoodIntentions","floor":1.0},{"not_picked":["HollowMod:BrokenVessel","HollowMod:DungDefenderAura"],"picked":"HollowMod:VengefulSpirit","floor":2.0},{"not_picked":["HollowMod:DesolateDive","HollowMod:SoulShaman"],"picked":"HollowMod:DoubleDash","floor":6.0},{"not_picked":["HollowMod:Grubsong","HollowMod:ChannelNail"],"picked":"HollowMod:SiblingsSouls","floor":8.0},{"not_picked":["HollowMod:NewJinnsSoul","HollowMod:SiblingsShadow","HollowMod:DashSlash"],"picked":"SKIP","floor":11.0},{"not_picked":["HollowMod:FallenFury","HollowMod:DreamGate","HollowMod:NewLittleFool"],"picked":"SKIP","floor":12.0},{"not_picked":["HollowMod:RecoilStrike","HollowMod:WraithStrike","HollowMod:DungDefenderAura"],"picked":"SKIP","floor":14.0},{"not_picked":["HollowMod:VengefulVoid","HollowMod:MidwifesHunger"],"picked":"HollowMod:PerfectDash","floor":15.0},{"not_picked":["HollowMod:SoulMaster","HollowMod:ZotesMagnificence"],"picked":"HollowMod:HornetsHelp","floor":16.0},{"not_picked":["HollowMod:DashSlash","HollowMod:SoulSplash"],"picked":"HollowMod:InfectedAttack","floor":18.0},{"not_picked":["HollowMod:BaldurShell","HollowMod:SharpenedNail"],"picked":"HollowMod:SoulStrike","floor":19},{"not_picked":["HollowMod:InfectionAssault","HollowMod:ShapeofUnn+1"],"picked":"HollowMod:MantisMark","floor":20},{"not_picked":["HollowMod:CornifersMapStart","HollowMod:DescendingDark"],"picked":"HollowMod:SlysStrikes","floor":23}],"player_experience":514314,"relics_obtained":[{"floor":6.0,"key":"Gambling Chip"},{"floor":12.0,"key":"HollowMod:KingsBrand"},{"floor":14.0,"key":"Dream Catcher"},{"floor":17.0,"key":"Akabeko"},{"floor":17.0,"key":"Pantograph"},{"floor":17.0,"key":"Shovel"}],"event_choices":[{"damage_healed":0.0,"max_hp_gain":0.0,"max_hp_loss":0.0,"gold_gain":0.0,"event_name":"Golden Idol","player_choice":"Take Damage","floor":3.0,"gold_loss":0.0,"damage_taken":18.0,"relics_obtained":["Golden Idol"]},{"damage_healed":0.0,"max_hp_gain":0.0,"max_hp_loss":0.0,"gold_gain":0.0,"cards_transformed":["HollowMod:NailStrikeStart"],"event_name":"Transmorgrifier","player_choice":"Transformed","floor":4.0,"gold_loss":0.0,"damage_taken":0.0,"cards_obtained":["HollowMod:MothsMistake"]},{"damage_healed":0,"gold_gain":0,"player_choice":"Opened","damage_taken":0,"relics_obtained":["MealTicket"],"max_hp_gain":0,"max_hp_loss":0,"event_name":"The Mausoleum","floor":21,"gold_loss":0,"cards_obtained":["Writhe"]}],"is_beta":false,"boss_relics":[{"not_picked":["Fusion Hammer","Coffee Dripper"],"picked":"Calling Bell"}],"items_purged_floors":[22],"is_endless":false,"potions_floor_spawned":[2,6,11,14,16,19],"killed_by":"Book of Stabbing","ascension_level":0}}