{"host":"k5dhp0bkccqfauyu","time":1607736506,"event":{"mods":["BaseMod","Better Note","Better Skull","Better Vampires","Colored Map","Colored Powertips","DeckTracker","Minty Spire (QoL Compilation)","Permanent Neow","StSLib","SuperFastMode"],"gold_per_floor":[112,125,125,125,138,177,251,251,251,266,305,305,305,305],"floor_reached":13,"playtime":414,"items_purged":[],"score":236,"play_id":"783701ec-d7ef-40c1-958f-f247353cbbc7","local_time":"20201212122826","is_ascension_mode":true,"campfire_choices":[{"floor":8,"key":"REST"}],"circlet_count":0,"master_deck":["AscendersBane","Strike_P","Defend_P","Defend_P","Defend_P","Eruption","Vigilance","Brilliance+1","Devotion+1","Alpha+1","Sanctity","WheelKick","Wallop","EmptyMind","Omniscience"],"relics":["Astrolabe","Golden Idol","Vajra","Singing Bowl","Pear","Mercury Hourglass"],"acts_visited":["Exordium"],"potions_floor_usage":[5,10,13],"damage_taken":[{"damage":2,"enemies":"Jaw Worm","floor":1,"turns":3},{"damage":6,"enemies":"Cultist","floor":2,"turns":4},{"damage":9,"enemies":"2 Louse","floor":5,"turns":2},{"damage":22,"enemies":"3 Sentries","floor":6,"turns":3},{"damage":18,"enemies":"Large Slime","floor":10,"turns":4},{"damage":0,"enemies":"Lagavulin","floor":11,"turns":4},{"damage":30,"enemies":"Gremlin Nob","floor":13,"turns":3}],"seed_played":"-5779861716308018642","potions_obtained":[{"floor":2,"key":"Explosive Potion"},{"floor":6,"key":"ColorlessPotion"},{"floor":10,"key":"SpeedPotion"}],"is_trial":false,"path_per_floor":["M","M","?","?","M","E","T","R","T","M","E","?","E"],"character_chosen":"WATCHER","items_purchased":[],"campfire_rested":1,"item_purchase_floors":[],"current_hp_per_floor":[59,53,53,53,44,22,22,40,50,32,32,25,0,0],"gold":305,"neow_bonus":"BOSS_RELIC","is_daily":false,"chose_seed":false,"campfire_upgraded":0,"win_rate":0.0,"timestamp":1607736506,"path_taken":["M","M","?","?","M","E","?","R","T","?","E","?","E"],"items_purchased_type":[],"build_version":"2020-11-30","purchased_purges":0,"victory":false,"max_hp_per_floor":[68,68,68,62,62,62,62,62,72,72,72,72,72,72],"card_choices":[{"not_picked":["FlyingSleeves","JustLucky"],"picked":"Sanctity","floor":1},{"not_picked":["Halt","CarveReality"],"picked":"WheelKick","floor":2},{"not_picked":["CutThroughFate","WaveOfTheHand"],"picked":"Wallop","floor":5},{"not_picked":["SignatureMove","CrushJoints","Crescendo"],"picked":"SKIP","floor":6},{"not_picked":["WindmillStrike","JustLucky"],"picked":"EmptyMind","floor":10},{"not_picked":["ClearTheMind","Nirvana"],"picked":"Omniscience","floor":11}],"player_experience":1747935,"relics_obtained":[{"floor":6,"key":"Vajra"},{"floor":7,"key":"Singing Bowl"},{"floor":9,"key":"Pear"},{"floor":11,"key":"Mercury Hourglass"}],"event_choices":[{"damage_healed":0,"gold_gain":0,"player_choice":"Ignored","damage_taken":0,"max_hp_gain":0,"max_hp_loss":0,"event_name":"Liars Game","floor":3,"gold_loss":0},{"damage_healed":0,"gold_gain":0,"player_choice":"Lose Max HP","damage_taken":0,"relics_obtained":["Golden Idol"],"max_hp_gain":0,"max_hp_loss":6,"event_name":"Golden Idol","floor":4,"gold_loss":0},{"cards_removed":["Strike_P"],"damage_healed":0,"gold_gain":0,"player_choice":"Card Removal","damage_taken":7,"max_hp_gain":0,"max_hp_loss":0,"event_name":"Golden Wing","floor":12,"gold_loss":0}],"is_beta":false,"boss_relics":[],"items_purged_floors":[],"is_endless":false,"potions_floor_spawned":[2,6,10],"killed_by":"Gremlin Nob","ascension_level":20}}