{"host":"d72x539cf8l4iccx","time":1607802149,"event":{"mods":["BaseMod","Better Third Choice","Minty Spire (QoL Compilation)","Replay The Spire","Robot Space Explorer","StSLib","The Cursed","The Disciple","The Hierophant","The Servant 0.9.4"],"gold_per_floor":[114,64,64,80,155,155,181,28,28,39,58,71,71,88,88,88,88],"floor_reached":16,"playtime":1950,"items_purged":["Regret"],"score":102,"play_id":"ea9fb1e7-65d8-4a8c-b79a-6d9d318d1941","local_time":"20201212134229","is_ascension_mode":false,"campfire_choices":[{"data":"Moonlight","floor":6.0,"key":"SMITH"},{"data":"SurpressingFire","floor":13.0,"key":"SMITH"},{"floor":15.0,"key":"REST"}],"circlet_count":0,"master_deck":["Strike_S","Strike_S","Strike_S","Defend_S","Defend_S","Defend_S","Defend_S","KidneyShot","Exchange","Ricochet","Moonlight+1","SurpressingFire+1","BottledTime"],"relics":["Uniform","Boot","Replay:Accelerometer","Blood Vial"],"acts_visited":["Exordium"],"potions_floor_usage":[16,16,16],"damage_taken":[{"damage":1.0,"enemies":"Cultist","floor":1.0,"turns":4.0},{"damage":0.0,"enemies":"Small Slimes","floor":4.0,"turns":3.0},{"damage":23.0,"enemies":"Gremlin Nob","floor":7.0,"turns":5.0},{"damage":1.0,"enemies":"2 Louse","floor":10.0,"turns":2.0},{"damage":8.0,"enemies":"Red Slaver","floor":11.0,"turns":4.0},{"damage":7.0,"enemies":"3 Louse","floor":12.0,"turns":3.0},{"damage":10.0,"enemies":"Exordium Wildlife","floor":14.0,"turns":3.0},{"damage":69,"enemies":"Fading Forest","floor":16,"turns":10}],"seed_played":"-1358156495782133388","potions_obtained":[{"floor":4.0,"key":"SpeedPotion"},{"floor":10.0,"key":"Doom Potion"},{"floor":11.0,"key":"PowerPotion"},{"floor":14.0,"key":"Reflective Coating"}],"is_trial":false,"path_per_floor":["M","?","?","M","?","R","E","$","T","M","M","M","R","M","R","B"],"character_chosen":"THE_SERVANT","items_purchased":["SurpressingFire"],"campfire_rested":1,"item_purchase_floors":[8],"current_hp_per_floor":[70,70,70,70,63,63,40,40,40,41,35,30,30,22,43,0,0],"gold":88,"neow_bonus":"TEN_PERCENT_HP_BONUS","is_daily":false,"chose_seed":false,"campfire_upgraded":2,"win_rate":0.0,"timestamp":1607802149,"path_taken":["M","?","?","M","?","R","E","$","T","M","M","M","R","?","R","BOSS"],"items_purchased_type":["Card"],"build_version":"2020-11-30","purchased_purges":1,"victory":false,"max_hp_per_floor":[71,71,71,71,71,71,71,71,71,71,71,71,71,71,71,71,71],"card_choices":[{"not_picked":["Unruled","Spin"],"picked":"Ricochet","floor":1.0},{"not_picked":["Replace","TimeWarp"],"picked":"Moonlight","floor":4.0},{"not_picked":["Solidify","Potential","Starlight"],"picked":"SKIP","floor":7.0},{"not_picked":["Alleviate","FanOfKnives"],"picked":"BottledTime","floor":10.0},{"not_picked":["Barrier","Potential","DoubleEdge"],"picked":"SKIP","floor":11.0},{"not_picked":["ForgedInTime","Unruled","Ricochet"],"picked":"SKIP","floor":12.0},{"not_picked":["StarChef","Ricochet","DoubleEdge"],"picked":"SKIP","floor":14.0}],"player_experience":201912,"relics_obtained":[{"floor":7.0,"key":"Replay:Accelerometer"},{"floor":9.0,"key":"Blood Vial"}],"event_choices":[{"cards_removed":["Strike_S"],"damage_healed":0.0,"max_hp_gain":0.0,"max_hp_loss":0.0,"gold_gain":0.0,"event_name":"The Cleric","player_choice":"Card Removal","floor":2.0,"gold_loss":50.0,"damage_taken":0.0},{"damage_healed":0.0,"max_hp_gain":0.0,"max_hp_loss":0.0,"gold_gain":0.0,"event_name":"Big Fish","player_choice":"Box","floor":3.0,"gold_loss":0.0,"damage_taken":0.0,"relics_obtained":["Boot"],"cards_obtained":["Regret"]},{"damage_healed":0.0,"max_hp_gain":0.0,"max_hp_loss":0.0,"gold_gain":75.0,"event_name":"FaceTrader","player_choice":"Touch","floor":5.0,"gold_loss":0.0,"damage_taken":7.0}],"is_beta":false,"boss_relics":[],"items_purged_floors":[8],"is_endless":false,"potions_floor_spawned":[4,10,11,14],"killed_by":"Fading Forest","ascension_level":0}}