{"host":"pgqkv8mh62pnrbci","time":1607741055,"event":{"mods":["AchievementEnabler","BaseMod","Custom Start","Minty Spire (QoL Compilation)","Replay The Spire","StSLib","SuperFastMode","¡¼?Úª?ø«¡½REMEMod"],"gold_per_floor":[110,110,128,128,139,139,99,99,167,92,103,119,119,139,139,139,139],"floor_reached":16,"playtime":509,"items_purged":["Strike_G"],"score":179,"play_id":"aaf26555-53fc-41ef-ac5d-18e5ab084b96","local_time":"20201212114415","is_ascension_mode":true,"campfire_choices":[{"data":"Neutralize","floor":6.0,"key":"SMITH"},{"data":"ReplayTheSpireMod:Tripwire","floor":8.0,"key":"SMITH"},{"data":"Footwork","floor":15,"key":"SMITH"}],"circlet_count":0,"master_deck":["AscendersBane","Strike_G","Strike_G","Strike_G","Strike_G","Defend_G","Defend_G","Defend_G","Defend_G","Defend_G","Survivor","Neutralize+1","Auto Shields","Hidden Blade+1","ReplayTheSpireMod:Tripwire+1","Footwork+1","Well Laid Plans","PiercingWail","Decay"],"relics":["Ring of the Snake","REME_ComplimentaryCards","NeowsBlessing","Darkstone Periapt","Bottled Tornado"],"acts_visited":["Exordium"],"potions_floor_usage":[14],"damage_taken":[{"damage":0.0,"enemies":"2 Louse","floor":1.0,"turns":1.0},{"damage":0.0,"enemies":"Small Slimes","floor":3.0,"turns":1.0},{"damage":0.0,"enemies":"Jaw Worm","floor":5.0,"turns":1.0},{"damage":0.0,"enemies":"Red Slaver","floor":11.0,"turns":6.0},{"damage":3,"enemies":"Exordium Wildlife","floor":12,"turns":7},{"damage":23,"enemies":"Gremlin Gang","floor":14,"turns":7},{"damage":21,"enemies":"Hexaghost","floor":16,"turns":15}],"seed_played":"4099119822622790670","potions_obtained":[{"floor":5.0,"key":"Reflective Coating"}],"is_trial":false,"path_per_floor":["M","?","M","?","M","R","$","R","T","$","M","M","?","M","R","B"],"character_chosen":"THE_SILENT","items_purchased":["Footwork"],"campfire_rested":0,"item_purchase_floors":[7],"current_hp_per_floor":[59,41,41,41,41,41,41,41,41,41,41,38,44,21,21,0,0],"gold":139,"neow_bonus":"THREE_ENEMY_KILL","is_daily":false,"chose_seed":false,"campfire_upgraded":3,"win_rate":0.0,"timestamp":1607741055,"path_taken":["M","?","M","?","M","R","?","R","T","$","M","?","?","M","R","BOSS"],"items_purchased_type":["Card"],"build_version":"2020-11-30","purchased_purges":1,"victory":false,"max_hp_per_floor":[66,66,66,66,66,66,66,66,66,66,66,66,72,72,72,72,72],"card_choices":[{"not_picked":["All Out Attack","Sucker Punch"],"picked":"Hidden Blade","floor":1.0},{"not_picked":["Poisoned Stab","Backflip"],"picked":"ReplayTheSpireMod:Tripwire","floor":3.0},{"not_picked":["Outmaneuver","Bane","Fluid Movement"],"picked":"SKIP","floor":5.0},{"not_picked":["Cloak And Dagger","Dagger Throw"],"picked":"Well Laid Plans","floor":11.0},{"not_picked":["Deflect","Sucker Punch"],"picked":"PiercingWail","floor":12},{"not_picked":["Prepared","ReplayTheSpireMod:Tripwire","Sucker Punch"],"picked":"SKIP","floor":14}],"player_experience":535123,"relics_obtained":[{"floor":9.0,"key":"Bottled Tornado"}],"event_choices":[{"damage_healed":0.0,"max_hp_gain":0.0,"max_hp_loss":0.0,"gold_gain":0.0,"event_name":"Scrap Ooze","player_choice":"Success","floor":2.0,"gold_loss":0.0,"damage_taken":18.0,"relics_obtained":["Darkstone Periapt"]},{"damage_healed":0,"gold_gain":0,"player_choice":"Cursed","damage_taken":0,"max_hp_gain":0,"max_hp_loss":0,"event_name":"Wheel of Change","floor":13,"gold_loss":0,"cards_obtained":["Decay"]}],"is_beta":false,"boss_relics":[],"items_purged_floors":[10],"is_endless":false,"potions_floor_spawned":[5],"killed_by":"Hexaghost","ascension_level":19}}