{"host":"2nw7vjz0sy04etg3","time":1607757617,"event":{"mods":["BaseMod","DeckTracker","Minty Spire (QoL Compilation)","Quick Restart"],"gold_per_floor":[117,267,287,34,109,135,146,162,188,215,215,115,115,147,147,224,224,239,239,255,255,36,36,36],"floor_reached":23,"playtime":534,"items_purged":["Doubt","Strike_B","Strike_B"],"score":463,"play_id":"60523272-0c49-4e79-bd02-90ce69256bcd","local_time":"20201212162017","is_ascension_mode":true,"campfire_choices":[{"data":"Apotheosis","floor":11,"key":"SMITH"},{"floor":15,"key":"REST"}],"circlet_count":0,"master_deck":["AscendersBane","Strike_B","Strike_B+1","Defend_B","Defend_B","Defend_B","Defend_B","Zap","Dualcast","Ball Lightning","Capacitor","Apotheosis+1","Streamline+1","Buffer","Self Repair","Zap","FTL","All For One","Coolheaded","Flash of Steel"],"relics":["Cracked Core","NeowsBlessing","Potion Belt","Juzu Bracelet","Happy Flower","Whetstone","Inserter","FaceOfCleric"],"acts_visited":["Exordium","TheCity"],"potions_floor_usage":[8,14,18,23],"damage_taken":[{"damage":0,"enemies":"2 Louse","floor":1,"turns":1},{"damage":0,"enemies":"Small Slimes","floor":3,"turns":1},{"damage":0,"enemies":"Gremlin Nob","floor":6,"turns":1},{"damage":4,"enemies":"Jaw Worm","floor":7,"turns":3},{"damage":21,"enemies":"Looter","floor":8,"turns":4},{"damage":0,"enemies":"Lagavulin","floor":10,"turns":6},{"damage":20,"enemies":"Gremlin Nob","floor":14,"turns":4},{"damage":19,"enemies":"Hexaghost","floor":16,"turns":9},{"damage":16,"enemies":"Chosen","floor":18,"turns":4},{"damage":16,"enemies":"Spheric Guardian","floor":20,"turns":4},{"damage":45,"enemies":"Slavers","floor":23,"turns":3}],"seed_played":"-137124230743058165","potions_obtained":[{"floor":1,"key":"Explosive Potion"},{"floor":6,"key":"Weak Potion"},{"floor":7,"key":"Regen Potion"},{"floor":20,"key":"Energy Potion"}],"is_trial":false,"path_per_floor":["M","?","M","$","?","E","M","M","T","E","R","$","?","E","R","B",null,"M","?","M","?","$","E"],"character_chosen":"DEFECT","items_purchased":["Apotheosis","Flash of Steel"],"campfire_rested":1,"item_purchase_floors":[4,22],"current_hp_per_floor":[64,64,64,64,53,53,49,33,33,33,33,33,33,13,34,25,60,54,54,38,38,38,0,0],"gold":36,"neow_bonus":"THREE_ENEMY_KILL","is_daily":false,"chose_seed":false,"campfire_upgraded":1,"win_rate":0.0,"timestamp":1607757617,"path_taken":["M","?","M","$","?","E","M","M","T","E","R","?","?","E","R","BOSS","M","?","M","?","$","E"],"items_purchased_type":["Card","Card"],"build_version":"2020-11-30","purchased_purges":3,"victory":false,"max_hp_per_floor":[71,71,71,71,71,71,71,71,71,71,71,71,71,71,71,71,71,71,71,71,71,71,71,71],"card_choices":[{"not_picked":["Chaos","Go for the Eyes"],"picked":"Ball Lightning","floor":1},{"not_picked":["Rebound","Streamline"],"picked":"Capacitor","floor":3},{"not_picked":["Reinforced Body","Turbo"],"picked":"Streamline","floor":6},{"not_picked":["Hello World","Force Field"],"picked":"Buffer","floor":7},{"not_picked":["Blizzard","Ball Lightning","Beam Cell"],"picked":"SKIP","floor":8},{"not_picked":["Hologram","Redo"],"picked":"Self Repair","floor":10},{"not_picked":["Melter","Reprogram"],"picked":"FTL","floor":14},{"not_picked":["Fission","Hyperbeam"],"picked":"All For One","floor":16},{"not_picked":["Redo","Go for the Eyes","Recycle"],"picked":"SKIP","floor":18},{"not_picked":["Steam","Rebound"],"picked":"Coolheaded","floor":20}],"player_experience":226432,"relics_obtained":[{"floor":6,"key":"Potion Belt"},{"floor":9,"key":"Juzu Bracelet"},{"floor":10,"key":"Happy Flower"},{"floor":14,"key":"Whetstone"}],"event_choices":[{"damage_healed":0,"gold_gain":150,"player_choice":"AGREE","damage_taken":0,"max_hp_gain":0,"max_hp_loss":0,"event_name":"Liars Game","floor":2,"gold_loss":0,"cards_obtained":["Doubt"]},{"damage_healed":0,"gold_gain":75,"player_choice":"Gather Gold","damage_taken":11,"max_hp_gain":0,"max_hp_loss":0,"event_name":"World of Goop","floor":5,"gold_loss":0},{"damage_healed":0,"gold_gain":0,"player_choice":"1 cards matched","damage_taken":0,"max_hp_gain":0,"max_hp_loss":0,"event_name":"Match and Keep!","floor":13,"gold_loss":0,"cards_obtained":["Zap"]},{"damage_healed":0,"gold_gain":0,"player_choice":"Ignored","damage_taken":0,"max_hp_gain":0,"max_hp_loss":0,"event_name":"Ghosts","floor":19,"gold_loss":0},{"damage_healed":0,"gold_gain":0,"player_choice":"Trade","damage_taken":0,"relics_obtained":["FaceOfCleric"],"max_hp_gain":0,"max_hp_loss":0,"event_name":"FaceTrader","floor":21,"gold_loss":0}],"is_beta":false,"boss_relics":[{"not_picked":["Runic Pyramid","Fusion Hammer"],"picked":"Inserter"}],"items_purged_floors":[4,12,22],"is_endless":false,"potions_floor_spawned":[1,6,7,20],"killed_by":"Slavers","ascension_level":16}}