{"host":"nmf3ef2hlramrh1j","time":1607785002,"event":{"mods":["AchievementEnabler","Act Like it!","BaseMod","BetterRewards","Colored Map","Colored Powertips","Downfall","Gensokyo","Hubris","Infinite Spire","Lobotomy","Marisa£¨Ùöéë¡¡Øª×âÞÞ£©","Minty Spire (QoL Compilation)","Spicy Shops","StSLib","SuperFastMode","Td1madao Mod","The Animator","The Cursed","The Gatherer","The Hierophant","The Jungle","The Mystic","WarShipGirlsR/??á´Ò³R mod","Youmu£¨ûëÛÞèí?£©"],"gold_per_floor":[285,360,25,36,51,51,51,80,80,111,133,133,133,148,148,148,148],"floor_reached":16,"playtime":611,"items_purged":[],"score":102,"play_id":"aa30807e-41fb-4d72-a743-3ac10da34a44","local_time":"20201212235642","is_ascension_mode":false,"campfire_choices":[{"data":"animator:Shichika","floor":6,"key":"SMITH"},{"floor":13,"key":"REST"},{"floor":15,"key":"REST"}],"circlet_count":0,"master_deck":["animator:Strike_Katanagatari","animator:Defend_Katanagatari","animator:Strike","animator:Strike","animator:Strike","animator:Defend+1","animator:Defend","animator:Azekura","animator:Emonzaemon","animator:Shichika+1","animator:Shuna+1","animator:Azekura","animator:UneriGinkaku","animator:Gluttony","animator:TsurugaMeisai","animator:Darkness"],"relics":["animator:LivingPicture","animator:TheMissingPiece","animator:PurgingStone","hubris:MedicalManual","hubris:SphereOfDissonance","infinitespire:Bottled Soul"],"acts_visited":["Exordium"],"potions_floor_usage":[8,14,16,16],"damage_taken":[{"damage":2,"enemies":"2 Louse","floor":1,"turns":3},{"damage":1,"enemies":"Cultist","floor":4,"turns":3},{"damage":9,"enemies":"Jaw Worm","floor":5,"turns":2},{"damage":24,"enemies":"Gremlin Nob","floor":8,"turns":5},{"damage":3,"enemies":"Blue Slaver","floor":10,"turns":3},{"damage":0,"enemies":"Looter","floor":11,"turns":4},{"damage":9,"enemies":"Lots of Slimes","floor":14,"turns":5},{"damage":39,"enemies":"Slime Boss","floor":16,"turns":12}],"seed_played":"5359015050056521203","potions_obtained":[{"floor":5,"key":"LiquidBronze"},{"floor":10,"key":"Fire Potion"},{"floor":11,"key":"Block Potion"},{"floor":14,"key":"Swift Potion"}],"is_trial":false,"path_per_floor":["M","?","$","M","M","R","?","E","T","M","M","?","R","M","R","B"],"character_chosen":"THE_ANIMATOR","items_purchased":["hubris:MedicalManual","hubris:SphereOfDissonance"],"campfire_rested":2,"item_purchase_floors":[3,3],"current_hp_per_floor":[64,53,53,52,43,43,30,7,7,4,4,4,24,15,35,0,0],"gold":148,"neow_bonus":"","is_daily":false,"chose_seed":false,"campfire_upgraded":1,"win_rate":0.0,"timestamp":1607785002,"path_taken":["M","?","$","M","M","R","?","E","T","M","M","?","R","?","R","BOSS"],"items_purchased_type":["Relic","Relic"],"build_version":"2020-11-30","purchased_purges":0,"victory":false,"max_hp_per_floor":[66,66,66,66,66,66,66,67,67,67,67,67,67,67,67,67,67],"card_choices":[{"not_picked":["animator:ElricAlphonse","animator:Shigure"],"picked":"animator:Shichika","floor":1},{"not_picked":["animator:Caster","animator:ChlammyZell"],"picked":"animator:Shuna","floor":4},{"not_picked":["animator:ShinjiMatou","animator:Souei"],"picked":"animator:Azekura","floor":5},{"not_picked":["animator:Togame","animator:Emonzaemon"],"picked":"animator:UneriGinkaku","floor":8},{"not_picked":["animator:ElricEdward","animator:Viivi"],"picked":"animator:Gluttony","floor":10},{"not_picked":["animator:Alexander","animator:ChlammyZell"],"picked":"animator:TsurugaMeisai","floor":11},{"not_picked":["animator:Sloth","animator:Ciel"],"picked":"animator:Darkness","floor":14}],"player_experience":139199,"relics_obtained":[{"floor":8,"key":"infinitespire:Bottled Soul"}],"event_choices":[{"damage_healed":0,"gold_gain":75,"player_choice":"Gather Gold","damage_taken":11,"max_hp_gain":0,"max_hp_loss":0,"event_name":"World of Goop","floor":2,"gold_loss":0},{"damage_healed":0,"gold_gain":0,"player_choice":"Entered Light","damage_taken":13,"max_hp_gain":0,"max_hp_loss":0,"event_name":"Shining Light","floor":7,"gold_loss":0,"cards_upgraded":["animator:Defend","animator:Shuna"]},{"cards_removed":["animator:Defend"],"damage_healed":0,"gold_gain":0,"player_choice":"Card Removal","damage_taken":0,"max_hp_gain":0,"max_hp_loss":0,"event_name":"Wheel of Change","floor":12,"gold_loss":0}],"is_beta":false,"boss_relics":[],"items_purged_floors":[],"is_endless":false,"potions_floor_spawned":[5,10,11,14],"killed_by":"Slime Boss","ascension_level":0}}