{"host":"4qkvkh7pd9qr2mca","time":1607786321,"event":{"mods":["AchievementEnabler","BaseMod","Colored Map","Colored Powertips","Highlight Path","Minty Spire (QoL Compilation)","Permanent Neow","Quick Restart","StSLib","SuperFastMode"],"gold_per_floor":[18,37,37,37,56,56,56,86,125,167,16,16,43,61,61,133,133,149,163,26,26,26,26,52,52,52,52,52],"floor_reached":27,"playtime":854,"items_purged":["Strike_R"],"score":494,"play_id":"8df99a4e-c31f-4749-982e-b0ac82b0ef21","local_time":"20201212161841","is_ascension_mode":true,"campfire_choices":[{"data":"Apotheosis","floor":6.0,"key":"SMITH"},{"data":"Searing Blow","floor":12.0,"key":"SMITH"},{"data":"Searing Blow+1","floor":15.0,"key":"SMITH"},{"data":"Searing Blow+2","floor":23.0,"key":"SMITH"}],"circlet_count":0,"master_deck":["AscendersBane","Strike_R","Strike_R","Strike_R","Strike_R","Defend_R","Defend_R","Defend_R","Defend_R","Bash","Apotheosis+1","Searing Blow+3","Battle Trance","Power Through","Dual Wield","Corruption","Metallicize","Shockwave","Offering","Disarm","Feel No Pain","Feel No Pain","Dark Embrace","Shame"],"relics":["Burning Blood","MawBank","Orichalcum","Matryoshka","Membership Card","Tiny Chest","Mark of Pain","Frozen Eye","Bag of Marbles","InkBottle","Pantograph","Shuriken"],"acts_visited":["Exordium","TheCity"],"potions_floor_usage":[24],"damage_taken":[{"damage":4.0,"enemies":"Small Slimes","floor":1.0,"turns":4.0},{"damage":0.0,"enemies":"Cultist","floor":2.0,"turns":4.0},{"damage":5.0,"enemies":"Jaw Worm","floor":5.0,"turns":4.0},{"damage":12.0,"enemies":"Lagavulin","floor":8.0,"turns":7.0},{"damage":28.0,"enemies":"Gremlin Nob","floor":10.0,"turns":5.0},{"damage":12.0,"enemies":"Lagavulin","floor":13.0,"turns":6.0},{"damage":10.0,"enemies":"Exordium Thugs","floor":14.0,"turns":6.0},{"damage":12.0,"enemies":"Slime Boss","floor":16.0,"turns":7.0},{"damage":24.0,"enemies":"Shell Parasite","floor":18.0,"turns":5.0},{"damage":10.0,"enemies":"3 Byrds","floor":19.0,"turns":3.0},{"damage":33,"enemies":"Gremlin Leader","floor":24,"turns":6},{"damage":0,"enemies":"Slavers","floor":27,"turns":1}],"seed_played":"-1627320539859097897","potions_obtained":[{"floor":1.0,"key":"EssenceOfSteel"},{"floor":3.0,"key":"FearPotion"},{"floor":8.0,"key":"Weak Potion"},{"floor":10.0,"key":"LiquidBronze"},{"floor":19.0,"key":"AttackPotion"}],"is_trial":false,"path_per_floor":["M","M","?","$","M","R","?","E","T","E","$","R","E","M","R","B",null,"M","M","$","?","?","R","E","?","T","E"],"character_chosen":"IRONCLAD","items_purchased":["Membership Card","Frozen Eye","Feel No Pain"],"campfire_rested":0,"item_purchase_floors":[11,20,20],"current_hp_per_floor":[70,75,75,75,75,75,64,58,58,36,36,36,30,26,26,20,61,43,39,39,39,39,39,12,12,12,12,12],"gold":52,"neow_bonus":"RANDOM_COLORLESS_2","is_daily":false,"chose_seed":false,"campfire_upgraded":4,"win_rate":0.0,"timestamp":1607786321,"path_taken":["M","M","?","?","M","R","?","E","T","E","$","R","E","M","R","BOSS","M","M","$","?","?","R","E","?","T","E"],"items_purchased_type":["Relic","Relic","Card"],"build_version":"2020-11-30","purchased_purges":1,"victory":false,"max_hp_per_floor":[75,75,75,75,75,75,75,75,75,75,75,75,75,75,75,75,75,75,75,75,75,75,75,75,75,75,75,75],"card_choices":[{"not_picked":["Secret Technique","Transmutation"],"picked":"Apotheosis","floor":0.0},{"not_picked":["Warcry","Sever Soul"],"picked":"Searing Blow","floor":1.0},{"not_picked":["Clash","Perfected Strike"],"picked":"Battle Trance","floor":2.0},{"not_picked":["Heavy Blade","Havoc"],"picked":"Power Through","floor":5.0},{"not_picked":["Wild Strike","Clash"],"picked":"Dual Wield","floor":8.0},{"not_picked":["Shrug It Off","Flex"],"picked":"Corruption","floor":10.0},{"not_picked":["Perfected Strike","Twin Strike"],"picked":"Metallicize","floor":13.0},{"not_picked":["Hemokinesis","Twin Strike"],"picked":"Shockwave","floor":14.0},{"not_picked":["Demon Form","Brutality"],"picked":"Offering","floor":16.0},{"not_picked":["Clash","Perfected Strike"],"picked":"Disarm","floor":18.0},{"not_picked":["Shrug It Off","Body Slam"],"picked":"Feel No Pain","floor":19.0},{"not_picked":["Burning Pact","Berserk"],"picked":"Dark Embrace","floor":24}],"player_experience":301852,"relics_obtained":[{"floor":8.0,"key":"MawBank"},{"floor":9.0,"key":"Orichalcum"},{"floor":10.0,"key":"Matryoshka"},{"floor":13.0,"key":"Tiny Chest"},{"floor":24,"key":"Bag of Marbles"},{"floor":26,"key":"Pantograph"},{"floor":26,"key":"Shuriken"}],"event_choices":[{"damage_healed":0.0,"max_hp_gain":0.0,"max_hp_loss":0.0,"gold_gain":0.0,"event_name":"Lab","player_choice":"Got Potions","floor":3.0,"gold_loss":0.0,"damage_taken":0.0},{"damage_healed":0.0,"max_hp_gain":0.0,"max_hp_loss":0.0,"gold_gain":0.0,"event_name":"Wheel of Change","player_choice":"Damaged","floor":7.0,"gold_loss":0.0,"damage_taken":11.0},{"damage_healed":0.0,"max_hp_gain":0.0,"max_hp_loss":0.0,"gold_gain":0.0,"event_name":"Forgotten Altar","player_choice":"Smashed Altar","floor":21.0,"gold_loss":0.0,"damage_taken":0.0,"cards_obtained":["Decay"]},{"cards_removed":["Decay"],"damage_healed":0.0,"max_hp_gain":0.0,"max_hp_loss":0.0,"gold_gain":0.0,"event_name":"Back to Basics","player_choice":"Elegance","floor":22.0,"gold_loss":0.0,"damage_taken":0.0},{"damage_healed":0,"gold_gain":0,"player_choice":"Stole Relic","damage_taken":0,"relics_obtained":["InkBottle"],"max_hp_gain":0,"max_hp_loss":0,"event_name":"Addict","floor":25,"gold_loss":0,"cards_obtained":["Shame"]}],"is_beta":false,"boss_relics":[{"not_picked":["Empty Cage","Snecko Eye"],"picked":"Mark of Pain"}],"items_purged_floors":[20],"is_endless":false,"potions_floor_spawned":[1,8,10,19],"killed_by":"Slavers","ascension_level":20}}