{"host":"4qkvkh7pd9qr2mca","time":1607787172,"event":{"mods":["AchievementEnabler","BaseMod","Colored Map","Colored Powertips","Highlight Path","Minty Spire (QoL Compilation)","Permanent Neow","Quick Restart","StSLib","SuperFastMode"],"gold_per_floor":[112,112,132,132,97,22,22,37,37,37,60,60,34,34,34],"floor_reached":14,"playtime":243,"items_purged":["Strike_G"],"score":156,"play_id":"fad237cb-ec85-4c49-8efa-b3700063f9a8","local_time":"20201212163252","is_ascension_mode":true,"campfire_choices":[{"data":"Well Laid Plans","floor":7.0,"key":"SMITH"},{"data":"Finisher","floor":12,"key":"SMITH"}],"circlet_count":0,"master_deck":["AscendersBane","Strike_G","Strike_G","Strike_G","Strike_G","Defend_G","Defend_G","Defend_G","Defend_G","Defend_G","Survivor","Neutralize","CurseOfTheBell","Terror","Well Laid Plans+1","Finisher+1","Backflip"],"relics":["Calling Bell","Potion Belt","Kunai","Calipers","Golden Idol","Tingsha","Unceasing Top"],"acts_visited":["Exordium"],"potions_floor_usage":[],"damage_taken":[{"damage":6.0,"enemies":"Cultist","floor":1.0,"turns":6.0},{"damage":8.0,"enemies":"2 Louse","floor":3.0,"turns":4.0},{"damage":0,"enemies":"Jaw Worm","floor":8,"turns":5},{"damage":11,"enemies":"Exordium Wildlife","floor":11,"turns":5},{"damage":0,"enemies":"3 Sentries","floor":14,"turns":1}],"seed_played":"6856214229717055585","potions_obtained":[{"floor":1.0,"key":"Regen Potion"},{"floor":11,"key":"CunningPotion"}],"is_trial":false,"path_per_floor":["M","?","M","?","?","$","R","M","T","T","M","R","$","E"],"character_chosen":"THE_SILENT","items_purchased":["Backflip"],"campfire_rested":0,"item_purchase_floors":[13],"current_hp_per_floor":[53,53,45,45,60,60,60,60,60,60,49,49,49,49,49],"gold":34,"neow_bonus":"BOSS_RELIC","is_daily":false,"chose_seed":false,"campfire_upgraded":2,"win_rate":0.0,"timestamp":1607787172,"path_taken":["M","?","M","?","?","$","R","?","T","?","M","R","?","E"],"items_purchased_type":["Card"],"build_version":"2020-11-30","purchased_purges":1,"victory":false,"max_hp_per_floor":[66,60,60,60,60,60,60,60,60,60,60,60,60,60,60],"card_choices":[{"not_picked":["Skewer","Sucker Punch"],"picked":"Terror","floor":1.0},{"not_picked":["Flying Knee","Riddle With Holes"],"picked":"Well Laid Plans","floor":3.0},{"not_picked":["Bane","Concentrate"],"picked":"Finisher","floor":8},{"not_picked":["Sucker Punch","Acrobatics","Bane"],"picked":"SKIP","floor":11}],"player_experience":302057,"relics_obtained":[{"floor":0.0,"key":"Potion Belt"},{"floor":0.0,"key":"Kunai"},{"floor":0.0,"key":"Calipers"},{"floor":9,"key":"Tingsha"},{"floor":10,"key":"Unceasing Top"}],"event_choices":[{"damage_healed":0.0,"max_hp_gain":0.0,"max_hp_loss":6.0,"gold_gain":0.0,"event_name":"Golden Idol","player_choice":"Lose Max HP","floor":2.0,"gold_loss":0.0,"damage_taken":0.0,"relics_obtained":["Golden Idol"]},{"damage_healed":0.0,"max_hp_gain":0.0,"max_hp_loss":0.0,"gold_gain":0.0,"event_name":"Shining Light","player_choice":"Ignored","floor":4.0,"gold_loss":0.0,"damage_taken":0.0},{"damage_healed":15.0,"max_hp_gain":0.0,"max_hp_loss":0.0,"gold_gain":0.0,"event_name":"The Cleric","player_choice":"Healed","floor":5.0,"gold_loss":35.0,"damage_taken":0.0}],"is_beta":false,"boss_relics":[],"items_purged_floors":[6],"is_endless":false,"potions_floor_spawned":[1,11],"killed_by":"3 Sentries","ascension_level":20}}