{"host":"m0l7iybr7y7a2mwh","time":1607778388,"event":{"mods":["AchievementEnabler","AlwaysNeverKeys","BaseMod","Block Reminder","Colored Map","Colored Powertips","Highlight Path","Minty Spire (QoL Compilation)","Permanent Neow","Quick Restart","StSLib"],"gold_per_floor":[19,32,46,57,71,71,96,96,120,120,152,152,165,204,204,204,204],"floor_reached":16,"playtime":754,"items_purged":[],"score":165,"play_id":"7e1bf00e-2422-4ddf-bb46-48791f89778b","local_time":"20201213000628","is_ascension_mode":true,"campfire_choices":[{"data":"Armaments","floor":6.0,"key":"SMITH"},{"data":"Anger","floor":8.0,"key":"SMITH"},{"floor":15,"key":"REST"}],"circlet_count":0,"master_deck":["Strike_R","Strike_R","Strike_R","Strike_R","Strike_R","Defend_R","Defend_R","Defend_R","Bash","Armaments+1","Feel No Pain","Evolve","Anger+1","Headbutt","Entrench","Reaper"],"relics":["Burning Blood","Bottled Tornado","Blood Vial","Ancient Tea Set","Golden Idol","Anchor"],"acts_visited":["Exordium"],"potions_floor_usage":[14,16],"damage_taken":[{"damage":6.0,"enemies":"2 Louse","floor":1.0,"turns":4.0},{"damage":2.0,"enemies":"Jaw Worm","floor":2.0,"turns":3.0},{"damage":0.0,"enemies":"Small Slimes","floor":3.0,"turns":3.0},{"damage":19.0,"enemies":"Blue Slaver","floor":4.0,"turns":5.0},{"damage":12.0,"enemies":"3 Louse","floor":5.0,"turns":4.0},{"damage":31.0,"enemies":"Lagavulin","floor":7.0,"turns":8.0},{"damage":12.0,"enemies":"3 Sentries","floor":11.0,"turns":6.0},{"damage":0.0,"enemies":"2 Fungi Beasts","floor":13.0,"turns":4.0},{"damage":26,"enemies":"Gremlin Nob","floor":14,"turns":4},{"damage":46,"enemies":"The Guardian","floor":16,"turns":11}],"seed_played":"8071269636934335932","potions_obtained":[{"floor":1.0,"key":"Dexterity Potion"},{"floor":3.0,"key":"Explosive Potion"},{"floor":7.0,"key":"LiquidBronze"},{"floor":14,"key":"Fire Potion"}],"is_trial":false,"path_per_floor":["M","M","M","M","M","R","E","R","T","?","E","?","M","E","R","B"],"character_chosen":"IRONCLAD","items_purchased":[],"campfire_rested":1,"item_purchase_floors":[],"current_hp_per_floor":[96,96,96,83,77,77,52,52,52,45,41,17,25,7,35,0,0],"gold":204,"neow_bonus":"TWENTY_PERCENT_HP_BONUS","is_daily":false,"chose_seed":false,"campfire_upgraded":2,"win_rate":0.0,"timestamp":1607778388,"path_taken":["M","M","M","M","M","R","E","R","T","?","E","?","M","E","R","BOSS"],"items_purchased_type":[],"build_version":"2020-11-30","purchased_purges":0,"victory":false,"max_hp_per_floor":[96,96,96,96,96,96,96,96,96,96,96,96,96,96,96,96,96],"card_choices":[{"not_picked":["Carnage","Intimidate"],"picked":"Armaments","floor":1.0},{"not_picked":["Power Through","Sword Boomerang"],"picked":"Feel No Pain","floor":2.0},{"not_picked":["Dark Embrace","Pummel"],"picked":"Evolve","floor":3.0},{"not_picked":["Battle Trance","Havoc","Combust"],"picked":"SKIP","floor":4.0},{"not_picked":["Wild Strike","Warcry"],"picked":"Anger","floor":5.0},{"not_picked":["Dark Embrace","Iron Wave"],"picked":"Headbutt","floor":7.0},{"not_picked":["Thunderclap","Iron Wave","Power Through"],"picked":"SKIP","floor":11.0},{"not_picked":["Perfected Strike","Iron Wave"],"picked":"Entrench","floor":13.0},{"not_picked":["Perfected Strike","True Grit"],"picked":"Reaper","floor":14}],"player_experience":88453,"relics_obtained":[{"floor":7.0,"key":"Bottled Tornado"},{"floor":9.0,"key":"Blood Vial"},{"floor":11.0,"key":"Ancient Tea Set"},{"floor":14,"key":"Anchor"}],"event_choices":[{"cards_removed":["Defend_R"],"damage_healed":0.0,"max_hp_gain":0.0,"max_hp_loss":0.0,"gold_gain":0.0,"event_name":"Golden Wing","player_choice":"Card Removal","floor":10.0,"gold_loss":0.0,"damage_taken":7.0},{"damage_healed":0.0,"max_hp_gain":0.0,"max_hp_loss":0.0,"gold_gain":0.0,"event_name":"Golden Idol","player_choice":"Take Damage","floor":12.0,"gold_loss":0.0,"damage_taken":24.0,"relics_obtained":["Golden Idol"]}],"is_beta":false,"boss_relics":[],"items_purged_floors":[],"is_endless":false,"potions_floor_spawned":[1,3,7,14],"killed_by":"The Guardian","ascension_level":3}}