{"host":"fdq5pmhluajjrf8d","time":1607790637,"event":{"mods":["BaseMod","Minty Spire (QoL Compilation)"],"gold_per_floor":[364,87,99,111,111,145,145,165,211,233,270,289,254,282,282,364,364,378,293,55,64,64,96,114,142,166,166,182,132,132,152,152,235,235,247,166,0,0,17,17,26,26,74,74,24,78,78,78],"floor_reached":47,"playtime":1808,"items_purged":["Clumsy","Writhe","Strike_B"],"score":904,"play_id":"989d32bc-5c7a-4e9c-888e-c2f104228803","local_time":"20201212113037","is_ascension_mode":true,"campfire_choices":[{"floor":15.0,"key":"REST"},{"floor":27,"key":"REST"},{"data":"Chaos","floor":32,"key":"SMITH"},{"data":"Rainbow","floor":40,"key":"SMITH"},{"data":"Multi-Cast","floor":42,"key":"SMITH"},{"data":"Capacitor","floor":44,"key":"SMITH"}],"circlet_count":0,"master_deck":["AscendersBane","Strike_B","Strike_B","Defend_B","Defend_B","Defend_B","Zap","Dualcast","Chaos+1","Consume","Redo","Multi-Cast+1","Conserve Battery","Rainbow+1","Loop","Echo Form","Capacitor+1","Defragment+1","Core Surge","Writhe"],"relics":["Cracked Core","MealTicket","Letter Opener","Orichalcum","Odd Mushroom","CeramicFish","Nuclear Battery","Gambling Chip","Chemical X","Oddly Smooth Stone","Eternal Feather","Smiling Mask","Mercury Hourglass","Empty Cage","Red Mask","Lantern","Girya"],"acts_visited":["Exordium","TheCity","TheBeyond"],"potions_floor_usage":[23,25,47],"damage_taken":[{"damage":0.0,"enemies":"Small Slimes","floor":1.0,"turns":3.0},{"damage":6.0,"enemies":"Jaw Worm","floor":3.0,"turns":4.0},{"damage":1.0,"enemies":"Cultist","floor":4.0,"turns":3.0},{"damage":8.0,"enemies":"Gremlin Nob","floor":6.0,"turns":3.0},{"damage":6.0,"enemies":"Exordium Wildlife","floor":8.0,"turns":2.0},{"damage":23.0,"enemies":"The Mushroom Lair","floor":10.0,"turns":4.0},{"damage":14.0,"enemies":"Lagavulin","floor":11.0,"turns":4.0},{"damage":7.0,"enemies":"Red Slaver","floor":12.0,"turns":3.0},{"damage":16.0,"enemies":"3 Louse","floor":14.0,"turns":3.0},{"damage":26.0,"enemies":"Hexaghost","floor":16.0,"turns":9.0},{"damage":7.0,"enemies":"Chosen","floor":18.0,"turns":4.0},{"damage":65,"enemies":"Book of Stabbing","floor":23,"turns":6},{"damage":4,"enemies":"2 Thieves","floor":24,"turns":3},{"damage":5,"enemies":"Snake Plant","floor":25,"turns":4},{"damage":13,"enemies":"Centurion and Healer","floor":28,"turns":5},{"damage":4,"enemies":"Snecko","floor":31,"turns":3},{"damage":18,"enemies":"Champ","floor":33,"turns":6},{"damage":24,"enemies":"3 Shapes","floor":35,"turns":3},{"damage":52,"enemies":"3 Darklings","floor":39,"turns":5},{"damage":60,"enemies":"2 Orb Walkers","floor":46,"turns":4},{"damage":61,"enemies":"Nemesis","floor":47,"turns":5}],"seed_played":"-2679032707044992652","potions_obtained":[{"floor":1.0,"key":"Swift Potion"},{"floor":10.0,"key":"LiquidBronze"},{"floor":11.0,"key":"PotionOfCapacity"},{"floor":16.0,"key":"Ancient Potion"},{"floor":18.0,"key":"SpeedPotion"},{"floor":24,"key":"SkillPotion"},{"floor":39,"key":"Regen Potion"}],"is_trial":false,"path_per_floor":["M","$","M","M","?","E","$","M","T","?","E","M","?","M","R","B",null,"M","?","$","?","$","E","M","M","T","R","M","$","T","M","R","B",null,"M","$","?","$","M","R","?","R","T","R","$","?","E"],"character_chosen":"DEFECT","items_purchased":["MealTicket","Chaos","Chemical X","Capacitor","PotionOfCapacity"],"campfire_rested":2,"item_purchase_floors":[2,2,20,20,36],"current_hp_per_floor":[64,64,58,57,62,54,69,63,63,40,26,19,38,22,44,18,62,55,55,70,70,76,11,7,2,2,36,23,38,38,34,46,28,64,40,55,55,70,18,30,45,57,57,69,76,16,0,0],"gold":78,"neow_bonus":"TWO_FIFTY_GOLD","is_daily":false,"chose_seed":false,"campfire_upgraded":4,"win_rate":0.0,"timestamp":1607790637,"path_taken":["M","$","M","M","?","E","$","M","T","?","E","M","?","?","R","BOSS","M","?","$","?","$","E","M","M","T","R","M","$","?","M","R","BOSS","M","$","?","$","M","R","?","R","T","R","$","?","E"],"items_purchased_type":["Relic","Card","Relic","Card","Potion"],"build_version":"2020-11-30","purchased_purges":3,"victory":false,"max_hp_per_floor":[71,71,71,71,76,76,76,76,76,76,76,76,76,76,76,76,76,76,76,76,76,76,76,76,76,76,76,76,76,76,76,76,76,76,76,76,76,76,76,76,76,76,76,76,76,76,76,76],"card_choices":[{"not_picked":["Go for the Eyes","Reprogram","Stack"],"picked":"SKIP","floor":1.0},{"not_picked":["Chill","Compile Driver"],"picked":"Consume","floor":3.0},{"not_picked":["Leap","Barrage"],"picked":"Redo","floor":4.0},{"not_picked":["Cold Snap","Tempest"],"picked":"Multi-Cast","floor":6.0},{"not_picked":["Chill","Turbo"],"picked":"Conserve Battery","floor":8.0},{"not_picked":["Compile Driver","Cold Snap"],"picked":"Rainbow","floor":11.0},{"not_picked":["Rip and Tear","Hologram","Tempest"],"picked":"SKIP","floor":12.0},{"not_picked":["Rebound","Go for the Eyes"],"picked":"Loop","floor":14.0},{"not_picked":["Thunder Strike","Rainbow"],"picked":"Echo Form","floor":16.0},{"not_picked":["Beam Cell","Conserve Battery","BootSequence"],"picked":"SKIP","floor":18.0},{"not_picked":["Loop","Ball Lightning","Hyperbeam"],"picked":"SKIP","floor":23},{"not_picked":["Beam Cell","Go for the Eyes","Blizzard"],"picked":"SKIP","floor":24},{"not_picked":["Heatsinks","Force Field"],"picked":"Defragment+1","floor":25},{"not_picked":["Skim","Chill","Hologram"],"picked":"SKIP","floor":28},{"not_picked":["Conserve Battery","Redo","Sweeping Beam"],"picked":"SKIP","floor":31},{"not_picked":["Creative AI","Reboot"],"picked":"Core Surge","floor":33},{"not_picked":["Sweeping Beam","Cold Snap","Coolheaded"],"picked":"SKIP","floor":35},{"not_picked":["Cold Snap","Streamline","Leap"],"picked":"SKIP","floor":39}],"player_experience":1825403,"relics_obtained":[{"floor":6.0,"key":"Letter Opener"},{"floor":9.0,"key":"Orichalcum"},{"floor":10.0,"key":"Odd Mushroom"},{"floor":11.0,"key":"CeramicFish"},{"floor":23,"key":"Eternal Feather"},{"floor":26,"key":"Smiling Mask"},{"floor":30,"key":"Mercury Hourglass"},{"floor":43,"key":"Lantern"},{"floor":46,"key":"Girya"}],"event_choices":[{"damage_healed":0.0,"max_hp_gain":5.0,"max_hp_loss":0.0,"gold_gain":0.0,"event_name":"Big Fish","player_choice":"Donut","floor":5.0,"gold_loss":0.0,"damage_taken":0.0},{"damage_healed":0.0,"max_hp_gain":0.0,"max_hp_loss":0.0,"gold_gain":0.0,"event_name":"Mushrooms","player_choice":"Fought Mushrooms","floor":10.0,"gold_loss":0.0,"damage_taken":0.0},{"damage_healed":19.0,"max_hp_gain":0.0,"max_hp_loss":0.0,"gold_gain":0.0,"event_name":"The Cleric","player_choice":"Healed","floor":13.0,"gold_loss":35.0,"damage_taken":0.0},{"damage_healed":0.0,"max_hp_gain":0.0,"max_hp_loss":0.0,"gold_gain":0.0,"event_name":"Addict","player_choice":"Obtained Relic","floor":19.0,"gold_loss":85.0,"damage_taken":0.0,"relics_obtained":["Gambling Chip"]},{"damage_healed":0.0,"max_hp_gain":0.0,"max_hp_loss":0.0,"gold_gain":0.0,"event_name":"The Mausoleum","player_choice":"Opened","floor":21.0,"gold_loss":0.0,"damage_taken":0.0,"relics_obtained":["Oddly Smooth Stone"],"cards_obtained":["Writhe"]},{"damage_healed":0,"gold_gain":0,"player_choice":"Paid","damage_taken":0,"relics_obtained":["Red Mask"],"max_hp_gain":0,"max_hp_loss":0,"event_name":"Tomb of Lord Red Mask","floor":37,"gold_loss":166},{"damage_healed":15,"gold_gain":0,"player_choice":"Writhe","damage_taken":0,"max_hp_gain":0,"max_hp_loss":0,"event_name":"Winding Halls","floor":41,"gold_loss":0,"cards_obtained":["Writhe"]},{"damage_healed":0,"gold_gain":0,"player_choice":"Fight","damage_taken":0,"max_hp_gain":0,"max_hp_loss":0,"event_name":"Mysterious Sphere","floor":46,"gold_loss":0}],"is_beta":false,"boss_relics":[{"not_picked":["Calling Bell","Cursed Key"],"picked":"Nuclear Battery"},{"not_picked":["SacredBark","Fusion Hammer"],"picked":"Empty Cage"}],"items_purged_floors":[2,29,45],"is_endless":false,"potions_floor_spawned":[1,10,11,12,14,16,18,24,39],"killed_by":"Nemesis","ascension_level":19}}