{"host":"styl5xb5ufv3jls2","time":1607733069,"event":{"mods":["AchievementEnabler","BaseMod","Colored Map","Colored Powertips","DeckTracker","Highlight Path","Minty Spire (QoL Compilation)","Relic Sorter","Relic Stats","StSLib","Synergy Search"],"gold_per_floor":[117,133,5,21,38,67,147,147,174,143,153,153,184,194,194,194,194],"floor_reached":16,"playtime":693,"items_purged":["Bash"],"score":112,"play_id":"0894b131-e3c0-4cd6-9a29-28d0b83d9b3e","local_time":"20201211173109","is_ascension_mode":false,"campfire_choices":[{"floor":8,"key":"REST"},{"floor":12,"key":"REST"},{"data":"Seeing Red","floor":15,"key":"SMITH"}],"circlet_count":0,"master_deck":["Strike_R","Strike_R","Strike_R","Strike_R","Strike_R","Defend_R","Defend_R","Defend_R","Defend_R","Iron Wave","Heavy Blade","Flex","Thunderclap","Flex","Heavy Blade","Seeing Red+1","Perfected Strike"],"relics":["Burning Blood","Lantern","NeowsBlessing","Bronze Scales","MealTicket"],"acts_visited":["Exordium"],"potions_floor_usage":[13,13],"damage_taken":[{"damage":0,"enemies":"Cultist","floor":1,"turns":1},{"damage":0,"enemies":"Small Slimes","floor":2,"turns":1},{"damage":0,"enemies":"2 Louse","floor":4,"turns":1},{"damage":10,"enemies":"Looter","floor":5,"turns":2},{"damage":75,"enemies":"Lagavulin","floor":6,"turns":9},{"damage":7,"enemies":"Blue Slaver","floor":11,"turns":1},{"damage":4,"enemies":"3 Sentries","floor":13,"turns":4},{"damage":9,"enemies":"Exordium Thugs","floor":14,"turns":4},{"damage":56,"enemies":"The Guardian","floor":16,"turns":6}],"seed_played":"4259814776986993152","potions_obtained":[{"floor":6,"key":"LiquidBronze"},{"floor":11,"key":"SkillPotion"},{"floor":14,"key":"SpeedPotion"}],"is_trial":false,"path_per_floor":["M","M","$","M","M","E","?","R","T","?","M","R","E","M","R","B"],"character_chosen":"IRONCLAD","items_purchased":["Flex"],"campfire_rested":2,"item_purchase_floors":[3],"current_hp_per_floor":[80,80,80,80,76,7,7,31,31,31,30,54,56,53,53,0,0],"gold":194,"neow_bonus":"THREE_ENEMY_KILL","is_daily":false,"chose_seed":false,"campfire_upgraded":1,"win_rate":0.0,"timestamp":1607733069,"path_taken":["M","?","?","M","M","E","?","R","T","?","M","R","E","M","R","BOSS"],"items_purchased_type":["Card"],"build_version":"2020-11-30","purchased_purges":1,"victory":false,"max_hp_per_floor":[80,80,80,80,80,80,80,80,80,80,80,80,80,80,80,80,80],"relic_stats":{"counters":[9,29],"Bronze Scales":[36],"MealTicket":0,"obtain_stats":[{"Lantern":6,"NeowsBlessing":0,"Bronze Scales":9,"MealTicket":13,"Burning Blood":0},{"Lantern":5,"NeowsBlessing":0,"Bronze Scales":5,"MealTicket":7,"Burning Blood":0},{"Lantern":14,"NeowsBlessing":0,"Bronze Scales":14,"MealTicket":19,"Burning Blood":0}],"Burning Blood":30},"card_choices":[{"not_picked":["Clash","Body Slam"],"picked":"Iron Wave","floor":1},{"not_picked":["Thunderclap","True Grit"],"picked":"Heavy Blade","floor":2},{"not_picked":["Entrench","Clash"],"picked":"Thunderclap","floor":4},{"not_picked":["Rampage","Evolve"],"picked":"Flex","floor":5},{"not_picked":["Perfected Strike","Thunderclap"],"picked":"Heavy Blade","floor":6},{"not_picked":["Body Slam","Brutality","Sentinel"],"picked":"SKIP","floor":11},{"not_picked":["Power Through","Evolve"],"picked":"Seeing Red","floor":13},{"not_picked":["True Grit","Fire Breathing"],"picked":"Perfected Strike","floor":14}],"player_experience":182179,"relics_obtained":[{"floor":6,"key":"Lantern"},{"floor":9,"key":"Bronze Scales"},{"floor":13,"key":"MealTicket"}],"event_choices":[{"damage_healed":0,"gold_gain":80,"player_choice":"Gained Gold","damage_taken":0,"max_hp_gain":0,"max_hp_loss":0,"event_name":"Golden Wing","floor":7,"gold_loss":0},{"damage_healed":0,"gold_gain":0,"player_choice":"Left Gold","damage_taken":0,"max_hp_gain":0,"max_hp_loss":0,"event_name":"World of Goop","floor":10,"gold_loss":31}],"is_beta":false,"boss_relics":[],"items_purged_floors":[3],"is_endless":false,"potions_floor_spawned":[6,11,14],"killed_by":"The Guardian","ascension_level":0}}