{"host":"6o1vh5lr98s0jjq7","time":1607755125,"event":{"mods":["2.2 Compatiblity","Act Like it!","Aspiration","BaseMod","Better Altar","Better Match","Better Note","Better Third Choice","Conspire","Downfall","Gensokyo","Hallownest","Infinite Spire","Marisa????????","Minty Spire (QoL Compilation)","Replay The Spire","StSLib","The Alterego","WarShipGirlsR/????R mod"],"gold_per_floor":[112,130,130,143,157,157,191,91,117,134,172,137,156,214,214,321,421,449,412,425,425,454,454,479,508,555,589,615,635,635,635,635,795,795,860,933,598,598,598,680,680,762,762,762,850,850,850],"floor_reached":46,"playtime":2444,"items_purged":[],"score":728,"play_id":"8895e6f8-ba0a-49e5-9d2c-66f6359f4395","local_time":"20201212003845","is_ascension_mode":true,"campfire_choices":[{"floor":6,"key":"RECALL"},{"floor":23,"key":"REST"},{"floor":30,"key":"REST"},{"floor":32,"key":"REST"},{"floor":41,"key":"REST"},{"floor":44,"key":"REST"}],"circlet_count":0,"master_deck":["Strike_MRS","Strike_MRS","Strike_MRS","Defend_MRS","Defend_MRS","Defend_MRS","Defend_MRS","MasterSpark","UpSweep","AlicesGift","DC","UltimateShortwave","Robbery","MachineGunSpark","FinalSpark","Ghostly","EnergyFlow","BinaryStars+1","FairyDestructionRay","PropBag","SatelliteIllusion","DoubleSpark","GalacticHalo+1","UnstableBomb","Singularity","MillisecondPulsars","MachineGunSpark","ManaConvection","EarthLightRay","DarkSpark","UltimateShortwave","expansioncontent:DashGenerateEvil","Endless Agony+1","rmod:guardianhero+1","BlazeAway","infinitespire:Gouge","Cleave+1","alterego_mod:Undulate+1","Swift Strike+1"],"relics":["MiniHakkero","NeowsBlessing","Vajra","Replay:Mystery Machine","Replay:Wax Seal","Replay:Wanted Poster","Red Mask","Akabeko","PrismaticShard","infinitespire:EvilPickle","Black Star","Potion Belt","Pantograph","infinitespire:FocusingShard","Nunchaku","Thread and Needle","aspiration:PocketMushroom","Durian","Mirror","Pen Nib"],"acts_visited":["Exordium","TheCity","TheBeyond"],"potions_floor_usage":[7,11,14,16,16,22,28,29,35,40,40,42,45],"damage_taken":[{"damage":0,"enemies":"Small Slimes","floor":1,"turns":1},{"damage":0,"enemies":"Cultist","floor":2,"turns":1},{"damage":0,"enemies":"2 Louse","floor":4,"turns":1},{"damage":0,"enemies":"2 Fungi Beasts","floor":5,"turns":2},{"damage":11,"enemies":"Looter","floor":7,"turns":2},{"damage":0,"enemies":"3 Louse","floor":10,"turns":2},{"damage":21,"enemies":"Lagavulin","floor":11,"turns":5},{"damage":0,"enemies":"Exordium Wildlife","floor":13,"turns":2},{"damage":8,"enemies":"Gremlin Nob","floor":14,"turns":3},{"damage":36,"enemies":"Hexaghost","floor":16,"turns":7},{"damage":11,"enemies":"3 Byrds","floor":18,"turns":5},{"damage":6,"enemies":"Spheric Guardian","floor":20,"turns":3},{"damage":2,"enemies":"Masked Bandits","floor":22,"turns":2},{"damage":18,"enemies":"Book of Stabbing","floor":24,"turns":4},{"damage":23,"enemies":"Cultist and Chosen","floor":25,"turns":5},{"damage":20,"enemies":"Shelled Parasite and Fungi","floor":27,"turns":3},{"damage":0,"enemies":"Centurion and Healer","floor":28,"turns":4},{"damage":0,"enemies":"Snecko","floor":29,"turns":2},{"damage":53,"enemies":"Pondfish","floor":33,"turns":8},{"damage":26,"enemies":"Orb Walker","floor":35,"turns":3},{"damage":3,"enemies":"3 Shapes","floor":36,"turns":2},{"damage":12,"enemies":"Giant Head","floor":40,"turns":6},{"damage":30,"enemies":"Reptomancer","floor":42,"turns":7},{"damage":34,"enemies":"Giant Head","floor":45,"turns":6},{"damage":23,"enemies":"Jaw Worm Horde","floor":46,"turns":3}],"seed_played":"-4896319921339249599","potions_obtained":[{"floor":4,"key":"Adrenaline Potion"},{"floor":5,"key":"Explosive Potion"},{"floor":11,"key":"LiquidBronze"},{"floor":13,"key":"Dexterity Potion"},{"floor":14,"key":"LiquidBronze"},{"floor":20,"key":"AttackPotion"},{"floor":25,"key":"FearPotion"},{"floor":27,"key":"Block Potion"},{"floor":33,"key":"PowerPotion"},{"floor":36,"key":"Fire Potion"},{"floor":42,"key":"AttackPotion"}],"is_trial":false,"path_per_floor":["M","M","?","M","M","R","M","?","T","M","E","?","M","E","R","B",null,"M","$","M","?","?","R","E","M","T","M","M","M","R","?","R","B",null,"M","M","$","?","T","E","R","E","T","R","E","M"],"character_chosen":"MARISA","items_purchased":["GalacticHalo+1","Potion Belt","LiquidBronze","Languid Potion","BlazeAway"],"campfire_rested":5,"item_purchase_floors":[19,37,37,37,37],"current_hp_per_floor":[75,75,75,75,75,75,64,64,64,64,43,61,61,53,75,39,75,64,64,58,58,56,75,57,34,34,14,14,14,36,28,50,1,75,49,46,46,29,29,21,43,17,22,46,12,0,0],"gold":850,"neow_bonus":"THREE_ENEMY_KILL","is_daily":false,"chose_seed":false,"campfire_upgraded":0,"win_rate":0.0,"timestamp":1607755125,"path_taken":["M","M","?","M","M","R","?","?","T","M","E","?","M","E","R","BOSS","M","$","M","?","?","R","E","M","T","M","M","M","R","?","R","BOSS","M","M","$","?","?","E","R","E","T","R","E","M"],"items_purchased_type":["Card","Relic","Potion","Potion","Card"],"build_version":"2020-11-30","purchased_purges":0,"victory":false,"max_hp_per_floor":[75,75,75,75,75,75,75,75,75,75,75,75,75,75,75,75,75,75,75,75,75,75,75,75,75,75,75,75,75,75,75,75,75,75,75,75,75,75,75,75,75,75,80,80,80,80,80],"card_choices":[{"not_picked":["PowerUp","StarBarrage"],"picked":"AlicesGift","floor":1},{"not_picked":["SporeBomb","Acceleration"],"picked":"DC","floor":2},{"not_picked":["LuminesStrike","PropBag"],"picked":"Robbery","floor":4},{"not_picked":["IllusionStar","DoubleSpark"],"picked":"MachineGunSpark","floor":5},{"not_picked":["UnstableBomb","EnergyFlow"],"picked":"FinalSpark","floor":7},{"not_picked":["GrandCross","WitchLeyline"],"picked":"EnergyFlow","floor":10},{"not_picked":["OpenUniverse","MilkyWay"],"picked":"BinaryStars","floor":11},{"not_picked":["DC","PowerUp"],"picked":"FairyDestructionRay","floor":13},{"not_picked":["EscapeVelocity","SporeBomb"],"picked":"PropBag","floor":14},{"not_picked":["CasketOfStar","SuperNova"],"picked":"SatelliteIllusion","floor":16},{"not_picked":["Robbery","ShootingEcho"],"picked":"DoubleSpark","floor":18},{"not_picked":["Acceleration","SporeBomb"],"picked":"UnstableBomb","floor":20},{"not_picked":["Robbery+1","NonDirectionalLaser"],"picked":"Singularity","floor":22},{"not_picked":["ShootingEcho","MysteriousBeam"],"picked":"MillisecondPulsars","floor":24},{"not_picked":["IllusionStar","GrandCross"],"picked":"MachineGunSpark","floor":25},{"not_picked":["LuminesStrike","MilkyWay"],"picked":"ManaConvection","floor":27},{"not_picked":["GravityBeat","MilkyWay"],"picked":"EarthLightRay","floor":28},{"not_picked":["EventHorizon","MysteriousBeam"],"picked":"DarkSpark","floor":29},{"not_picked":["DC+1","Acceleration"],"picked":"UltimateShortwave","floor":31},{"not_picked":["MaximisePower","Mirror Shield"],"picked":"expansioncontent:DashGenerateEvil","floor":33},{"not_picked":["Slimebound:LeechingTouch+1","Hidden Blade+1"],"picked":"Endless Agony+1","floor":35},{"not_picked":["UnstableBomb+1","Slimebound:FinishingTackle"],"picked":"rmod:guardianhero+1","floor":36},{"not_picked":["infinitespire:UltimateForm","infinitespire:TheBestDefense"],"picked":"infinitespire:Gouge","floor":38},{"not_picked":["ShootingEcho","alterego_mod:Bloomers+1"],"picked":"Cleave+1","floor":40},{"not_picked":["Coolheaded+1","Panic Button"],"picked":"alterego_mod:Undulate+1","floor":42},{"not_picked":["alterego_mod:Crossover+1","IllusionStar+1"],"picked":"Swift Strike+1","floor":45}],"player_experience":191925,"relics_obtained":[{"floor":9,"key":"Vajra"},{"floor":11,"key":"Replay:Mystery Machine"},{"floor":14,"key":"Replay:Wax Seal"},{"floor":22,"key":"Red Mask"},{"floor":24,"key":"Akabeko"},{"floor":31,"key":"PrismaticShard"},{"floor":39,"key":"Pantograph"},{"floor":40,"key":"infinitespire:FocusingShard"},{"floor":40,"key":"Nunchaku"},{"floor":42,"key":"Thread and Needle"},{"floor":42,"key":"aspiration:PocketMushroom"},{"floor":43,"key":"Durian"},{"floor":45,"key":"Mirror"},{"floor":45,"key":"Pen Nib"}],"event_choices":[{"damage_healed":0,"gold_gain":0,"cards_transformed":["Strike_MRS"],"player_choice":"Transformed","damage_taken":0,"max_hp_gain":0,"max_hp_loss":0,"event_name":"Transmorgrifier","floor":3,"gold_loss":0,"cards_obtained":["UltimateShortwave"]},{"damage_healed":0,"gold_gain":0,"player_choice":"Argue","damage_taken":0,"max_hp_gain":0,"max_hp_loss":0,"event_name":"conspire:LoneGhost","floor":8,"gold_loss":0},{"damage_healed":18,"gold_gain":0,"player_choice":"Healed","damage_taken":0,"max_hp_gain":0,"max_hp_loss":0,"event_name":"The Cleric","floor":12,"gold_loss":35},{"damage_healed":0,"gold_gain":0,"player_choice":"Ignored","damage_taken":0,"max_hp_gain":0,"max_hp_loss":0,"event_name":"Beggar","floor":21,"gold_loss":0},{"damage_healed":0,"gold_gain":0,"player_choice":"Fought Bandits","damage_taken":0,"max_hp_gain":0,"max_hp_loss":0,"event_name":"Masked Bandits","floor":22,"gold_loss":0}],"is_beta":false,"boss_relics":[{"not_picked":["Snecko Eye","Kintsugi"],"picked":"Replay:Wanted Poster"},{"not_picked":["Empty Cage","Runic Dome"],"picked":"Black Star"}],"items_purged_floors":[],"is_endless":false,"potions_floor_spawned":[4,5,11,13,14,20,25,27,33,36,42],"killed_by":"Jaw Worm Horde","ascension_level":4}}