{"host":"4qkvkh7pd9qr2mca","time":1607785194,"event":{"mods":["AchievementEnabler","BaseMod","Colored Map","Colored Powertips","Highlight Path","Minty Spire (QoL Compilation)","Permanent Neow","Quick Restart","StSLib","SuperFastMode"],"gold_per_floor":[130,152,176,199,227,273,285,314,376,388,400,400],"floor_reached":11,"playtime":446,"items_purged":[],"score":154,"play_id":"414cb54d-335c-484c-94ec-289f7be74308","local_time":"20201212155954","is_ascension_mode":true,"campfire_choices":[{"data":"Neutralize","floor":7.0,"key":"SMITH"}],"circlet_count":0,"master_deck":["AscendersBane","Strike_G","Strike_G","Strike_G","Strike_G","Strike_G","Defend_G","Defend_G","Defend_G","Defend_G","Defend_G","Survivor","Neutralize+1","CurseOfTheBell","Acrobatics","Phantasmal Killer","Crippling Poison","Predator","Die Die Die","PiercingWail"],"relics":["Calling Bell","MawBank","Letter Opener","FossilizedHelix","Bronze Scales","Pen Nib","Meat on the Bone"],"acts_visited":["Exordium"],"potions_floor_usage":[11],"damage_taken":[{"damage":1.0,"enemies":"Jaw Worm","floor":1.0,"turns":5.0},{"damage":0.0,"enemies":"Small Slimes","floor":2.0,"turns":5.0},{"damage":1.0,"enemies":"Cultist","floor":3.0,"turns":5.0},{"damage":22.0,"enemies":"Large Slime","floor":4.0,"turns":10.0},{"damage":0.0,"enemies":"2 Fungi Beasts","floor":5.0,"turns":4.0},{"damage":3.0,"enemies":"3 Sentries","floor":6.0,"turns":9.0},{"damage":5,"enemies":"Gremlin Gang","floor":8,"turns":2},{"damage":43,"enemies":"Gremlin Nob","floor":11,"turns":4}],"seed_played":"6053888454302985753","potions_obtained":[{"floor":1.0,"key":"BlessingOfTheForge"},{"floor":3.0,"key":"Dexterity Potion"},{"floor":8,"key":"DuplicationPotion"}],"is_trial":false,"path_per_floor":["M","M","M","M","M","E","R","M","T","?","E"],"character_chosen":"THE_SILENT","items_purchased":[],"campfire_rested":0,"item_purchase_floors":[],"current_hp_per_floor":[58,58,57,35,35,32,32,27,27,27,0,0],"gold":400,"neow_bonus":"BOSS_RELIC","is_daily":false,"chose_seed":false,"campfire_upgraded":1,"win_rate":0.0,"timestamp":1607785194,"path_taken":["M","M","M","M","M","E","R","M","T","?","E"],"items_purchased_type":[],"build_version":"2020-11-30","purchased_purges":0,"victory":false,"max_hp_per_floor":[66,66,66,66,66,66,66,66,66,66,66,66],"card_choices":[{"not_picked":["Expertise","Deflect","Sucker Punch"],"picked":"SKIP","floor":1.0},{"not_picked":["Skewer","Prepared"],"picked":"Acrobatics","floor":2.0},{"not_picked":["Heel Hook","Blur"],"picked":"Phantasmal Killer","floor":3.0},{"not_picked":["Deflect","Dagger Spray"],"picked":"Crippling Poison","floor":4.0},{"not_picked":["Quick Slash","Dagger Spray"],"picked":"Predator","floor":5.0},{"not_picked":["Skewer","Dagger Throw"],"picked":"Die Die Die","floor":6.0},{"not_picked":["Crippling Poison","Eviscerate"],"picked":"PiercingWail","floor":8}],"player_experience":301152,"relics_obtained":[{"floor":0.0,"key":"MawBank"},{"floor":0.0,"key":"Letter Opener"},{"floor":0.0,"key":"FossilizedHelix"},{"floor":6.0,"key":"Bronze Scales"},{"floor":9,"key":"Pen Nib"}],"event_choices":[{"damage_healed":0,"gold_gain":0,"player_choice":"Searched \u00271\u0027 times","damage_taken":0,"relics_obtained":["Meat on the Bone"],"max_hp_gain":0,"max_hp_loss":0,"event_name":"Dead Adventurer","floor":10,"gold_loss":0}],"is_beta":false,"boss_relics":[],"items_purged_floors":[],"is_endless":false,"potions_floor_spawned":[1,3,8],"killed_by":"Gremlin Nob","ascension_level":20}}