{"host":"eb5p02stph7rbfhu","time":1607816819,"event":{"mods":["BaseMod","Colored Map","Colored Powertips","Defuse TimeMaze Blight","Downfall","Hubris","Infinite Spire","Minty Spire (QoL Compilation)","Replay The Spire","StSLib"],"gold_per_floor":[109,109,109,120,120,120,120,145,145,163,197,231,82,130,130,225,225,238,238,251,172,203,203,203,232,232,258,258,258,258,286,286,391,391,404,404,404,439,387,387,94,127,199,50,80,108,120,132,221,338,400,421,433,445,478,507,537,568,600,638,676,688,700,712,749,761,871,983,995,1007,1019,1031,1073,1096,1129,1152,1212,1248,1260,1272,1310,1349,1361,1462,1474,1486,1498,1514,1526,1538,1571,1583,1598,1610,1639,1663,1697,1709,1791,1803,1880,1892,1918,1930,1999,2030,2042,2070,2094,2125,2137,2167,2179,2209,2221,2252,2264,2413,2425,2442,2454,2466,2496,2508,2546,2568,2608,2620,2632,2660,2696,2725,2737,2749,2913,2925,2925],"floor_reached":136,"playtime":4938,"items_purged":["Defend_R","Strike_R","Strike_R","Strike_R"],"score":4203,"play_id":"9da62c9b-7fc4-4f7a-af69-1321327c355f","local_time":"20201213004659","daily_mods":["Heirloom","Flight","DeadlyEvents","Elite Swarm"],"is_ascension_mode":false,"campfire_choices":[{"data":"Flex","floor":6.0,"key":"SMITH"},{"data":"Body Slam","floor":7.0,"key":"SMITH"},{"data":"Juggernaut","floor":15.0,"key":"SMITH"},{"data":"Limit Break","floor":23.0,"key":"SMITH"},{"data":"Barricade","floor":24.0,"key":"SMITH"},{"data":"Juggernaut","floor":32.0,"key":"SMITH"},{"data":"Replay:Undeath\u0027s Touch","floor":40.0,"key":"SMITH"},{"data":"Headbutt","floor":47.0,"key":"SMITH"},{"data":"Metallicize","floor":47.0,"key":"SMITH"},{"data":"Feed","floor":63.0,"key":"SMITH"},{"data":"hubris:InfiniteBlow+139","floor":63.0,"key":"SMITH"},{"floor":66.0,"key":"REST"},{"data":"Anger","floor":100.0,"key":"SMITH"},{"data":"Sword Boomerang","floor":100.0,"key":"SMITH"},{"data":"Replay:SS_hec_1","floor":115.0,"key":"SMITH"},{"data":"hubris:InfiniteBlow+140","floor":115.0,"key":"SMITH"},{"data":"Defend_R","floor":117.0,"key":"PURGE"}],"circlet_count":0,"master_deck":["Strike_R","Defend_R","Bash","Flex+1","Body Slam+1","Madness+1","Barricade+1","Headbutt+1","Metallicize+1","Limit Break+1","hubris:InfiniteBlow+282","Replay:Undeath\u0027s Touch+1","Shrug It Off+1","Feed+1","Sword Boomerang+1","Anger+1","Replay:SS_hec_1+1","Cleave","hubris:DuctTapeCard"],"relics":["Burning Blood","Ring of Chaos","hubris:Spice","Gremlin Food","NlothsMask","hubris:TenFootPole","Guardian:PocketSentry","hubris:ScarierMask","Replay:Blank Codex","Replay:Ringing Soul","Vajra","ReplayFunnel","Toxic Egg 2","MutagenicStrength","hubris:BundleOfHerbs","Busted Crown","hubris:Towel","PreservedInsect","Replay:Arrowhead","Prayer Wheel","OrangePellets","MawBank","Replay:Multitool","Tiny House","Ring of Chaos","hubris:SphereOfDissonance","Counterbalance","StoneCalendar","Iron Hammer","Pocketwatch","Replay:Kaleidoscope","Du-Vu Doll","Charon\u0027s Ashes","Replay:Wanted Poster","Replay:Rubber Ducky","White Beast Statue","ReplayTheSpireMod:Shallot","Blood Vial","Tiny Chest","infinitespire:Joker Card","Replay:Baseball","Coffee Dripper","hubris:FunFungus","Snack Pack","Letter Opener","Pen Nib","Calipers","Smiling Mask","Champion Belt","Turnip","Paper Frog","hubris:TerracottaHorce","Ring of Chaos","TungstenRod","CaptainsWheel","FossilizedHelix","infinitespire:Magic Flask","hubris:Reverence","hubris:Zylophone","hubris:PeanutButter","hubris:MobiusCoin","InkBottle","Lantern","Replay:Accelerometer","Gambling Chip","Darkstone Periapt","Ginger","hubris:DuctTape","hubris:CrystalStatue","hubris:CuriousFeather","Enchiridion","Empty Cage"],"acts_visited":["Exordium","TheCity","TheBeyond","Exordium","TheCity","TheBeyond","Exordium","TheCity"],"potions_floor_usage":[],"damage_taken":[{"damage":0.0,"enemies":"Small Slimes","floor":1.0,"turns":4.0},{"damage":1.0,"enemies":"Cultist","floor":4.0,"turns":3.0},{"damage":14.0,"enemies":"Gremlin Nob","floor":8.0,"turns":4.0},{"damage":0.0,"enemies":"Jaw Worm","floor":10.0,"turns":2.0},{"damage":3.0,"enemies":"Replay:BlueRogue","floor":11.0,"turns":3.0},{"damage":8.0,"enemies":"Gremlin Nob","floor":12.0,"turns":3.0},{"damage":12.0,"enemies":"The Guardian","floor":16.0,"turns":9.0},{"damage":0.0,"enemies":"3 Byrds","floor":18.0,"turns":4.0},{"damage":22.0,"enemies":"Spheric Guardian","floor":20.0,"turns":4.0},{"damage":16.0,"enemies":"Gremlin Leader","floor":22.0,"turns":2.0},{"damage":9.0,"enemies":"Slavers","floor":25.0,"turns":4.0},{"damage":4.0,"enemies":"Nightmare","floor":27.0,"turns":5.0},{"damage":3.0,"enemies":"Book of Stabbing","floor":31.0,"turns":2.0},{"damage":27.0,"enemies":"Collector","floor":33.0,"turns":4.0},{"damage":0.0,"enemies":"Orb Walker","floor":35.0,"turns":2.0},{"damage":9.0,"enemies":"Reptomancer","floor":38.0,"turns":2.0},{"damage":0.0,"enemies":"Giant Head","floor":42.0,"turns":2.0},{"damage":0.0,"enemies":"Nightmare","floor":45.0,"turns":2.0},{"damage":2.0,"enemies":"3 Darklings","floor":46.0,"turns":2.0},{"damage":0.0,"enemies":"Time Eater","floor":50.0,"turns":1.0},{"damage":0.0,"enemies":"Small Slimes","floor":52.0,"turns":1.0},{"damage":0.0,"enemies":"3 Sentries","floor":55.0,"turns":2.0},{"damage":0.0,"enemies":"2 Louse","floor":56.0,"turns":1.0},{"damage":8.0,"enemies":"Gremlin Nob","floor":57.0,"turns":3.0},{"damage":74.0,"enemies":"Nightmare","floor":58.0,"turns":4.0},{"damage":21.0,"enemies":"Lagavulin","floor":59.0,"turns":3.0},{"damage":0.0,"enemies":"Gremlin Nob","floor":61.0,"turns":2.0},{"damage":0.0,"enemies":"Replay:BlueRogue","floor":65.0,"turns":2.0},{"damage":0.0,"enemies":"The Guardian","floor":67.0,"turns":1.0},{"damage":2.0,"enemies":"3 Byrds","floor":69.0,"turns":3.0},{"damage":0.0,"enemies":"Book of Stabbing","floor":73.0,"turns":1.0},{"damage":0.0,"enemies":"Gremlin Leader","floor":74.0,"turns":3.0},{"damage":0.0,"enemies":"Slavers","floor":75.0,"turns":2.0},{"damage":0.0,"enemies":"2 Thieves","floor":76.0,"turns":1.0},{"damage":0.0,"enemies":"Gremlin Leader","floor":78.0,"turns":1.0},{"damage":0.0,"enemies":"Replay:Snechameleon","floor":82.0,"turns":1.0},{"damage":10.0,"enemies":"hubris:MusketHawk","floor":84.0,"turns":3.0},{"damage":0.0,"enemies":"3 Darklings","floor":86.0,"turns":3.0},{"damage":5.0,"enemies":"R_Hoarder","floor":88.0,"turns":3.0},{"damage":0.0,"enemies":"Reptomancer","floor":91.0,"turns":3.0},{"damage":0.0,"enemies":"3 Shapes","floor":93.0,"turns":2.0},{"damage":0.0,"enemies":"Giant Head","floor":95.0,"turns":3.0},{"damage":6.0,"enemies":"R_Hoarder","floor":96.0,"turns":2.0},{"damage":0.0,"enemies":"Reptomancer","floor":97.0,"turns":2.0},{"damage":0.0,"enemies":"hubris:GrandSnecko","floor":101.0,"turns":5.0},{"damage":0.0,"enemies":"2 Louse","floor":103.0,"turns":1.0},{"damage":0.0,"enemies":"Gremlin Nob","floor":105.0,"turns":2.0},{"damage":0.0,"enemies":"Cultist","floor":106.0,"turns":1.0},{"damage":0.0,"enemies":"3 Sentries","floor":108.0,"turns":2.0},{"damage":0.0,"enemies":"Jaw Worm","floor":109.0,"turns":1.0},{"damage":0.0,"enemies":"Nightmare","floor":110.0,"turns":3.0},{"damage":0.0,"enemies":"3 Sentries","floor":112.0,"turns":2.0},{"damage":0.0,"enemies":"Lagavulin","floor":114.0,"turns":2.0},{"damage":0.0,"enemies":"3 Sentries","floor":116.0,"turns":2.0},{"damage":0.0,"enemies":"Hexaghost","floor":118.0,"turns":2.0},{"damage":0.0,"enemies":"3 Byrds","floor":120.0,"turns":2.0},{"damage":0.0,"enemies":"Slavers","floor":123.0,"turns":1.0},{"damage":0.0,"enemies":"Nightmare","floor":125.0,"turns":1.0},{"damage":0.0,"enemies":"Chosen","floor":126.0,"turns":1.0},{"damage":0.0,"enemies":"Book of Stabbing","floor":127.0,"turns":1.0},{"damage":0.0,"enemies":"Centurion and Healer","floor":130.0,"turns":1.0},{"damage":0.0,"enemies":"Replay:Snechameleon","floor":131.0,"turns":1.0},{"damage":0.0,"enemies":"Gremlin Leader","floor":132.0,"turns":2.0},{"damage":0.0,"enemies":"Champ","floor":135.0,"turns":1.0}],"seed_played":"4926826373313857365","potions_obtained":[{"floor":4.0,"key":"PowerPotion"},{"floor":12.0,"key":"Strength Potion"},{"floor":22.0,"key":"Adrenaline Potion"},{"floor":31.0,"key":"DistilledChaos"},{"floor":33.0,"key":"LifebloodPotion"},{"floor":42.0,"key":"PowerPotion"},{"floor":51.0,"key":"Fruit Juice"},{"floor":56.0,"key":"HeartOfIron"},{"floor":57.0,"key":"PowerPotion"},{"floor":75.0,"key":"ColorlessPotion"},{"floor":76.0,"key":"sneckomod:MuddlingPotion"},{"floor":78.0,"key":"Fire Potion"},{"floor":82.0,"key":"Guardian:BlockOnCardUsePotion"},{"floor":88.0,"key":"Death Potion"},{"floor":91.0,"key":"Swift Potion"},{"floor":97.0,"key":"DistilledChaos"},{"floor":101.0,"key":"SteroidPotion"},{"floor":106.0,"key":"PowerPotion"},{"floor":110.0,"key":"AttackPotion"},{"floor":126.0,"key":"ColorlessPotion"}],"is_trial":true,"path_per_floor":["M","?","?","M","?","R","R","E","T","M","E","E","$","T","R","B",null,"M","?","M","$","E","R","R","E","T","NM","$","?","AVR","E","R","B",null,"M","?","?","E","$","R","$","E","T","$","NM","M","R","AVR","R","B",null,"M","?","T","E","M","E","NM","E","T","E","AVR","R","$","E","R","B",null,"M","?","$","AVR","E","E","E","M","T","E","T","$","T","E","R","B",null,"M","?","E","AVR","?","E","T","M","T","E","E","E","$","T","R","B",null,"M","?","?","M","AVR","E","M","NM","T","E","T","E","R","E","R_BF","B",null,"M","?","?","E","T","NM","M","E","T","AVR","M","E","E","T","R","B",null],"character_chosen":"IRONCLAD","items_purchased":["Guardian:PocketSentry","Metallicize","Replay:Undeath\u0027s Touch","Replay:Arrowhead","OrangePellets"],"campfire_rested":1,"item_purchase_floors":[13,21,39,41,44],"current_hp_per_floor":[88,88,88,88,88,88,88,88,88,94,96,94,94,94,94,88,96,96,89,73,73,66,66,66,66,66,68,68,68,71,74,74,56,108,108,108,118,115,118,118,118,121,121,121,121,121,121,121,121,121,131,131,131,131,131,134,132,64,52,52,60,60,60,60,69,111,117,142,148,148,148,148,148,148,148,152,152,152,152,152,152,152,152,148,152,155,158,158,158,156,161,161,161,161,161,164,164,164,164,164,167,167,167,166,170,170,170,170,170,170,170,170,170,170,170,174,174,174,174,177,169,169,169,169,169,169,173,173,176,183,183,183,183,178,183,183,183],"gold":2925,"neow_bonus":"","is_daily":false,"chose_seed":false,"campfire_upgraded":15,"win_rate":0.0,"timestamp":1607816819,"path_taken":["M","?","?","?","?","R","R","?","T","?","?","?","$","?","R","BOSS","M","?","?","$","?","R","R","E","T","NM","$","?","AVR","?","R","BOSS","M","?","?","?","$","R","?","E","T","?","NM","?","R","AVR","R","BOSS","M","?","?","?","?","E","NM","?","T","E","AVR","R","?","?","R","BOSS","M","?","?","AVR","?","E","E","?","T","?","?","?","?","E","R","BOSS","M","?","?","AVR","?","E","?","?","T","E","?","E","?","?","R","BOSS","M","?","?","M","AVR","E","?","NM","T","E","?","E","R","E","R_BF","BOSS","M","?","?","?","?","NM","?","E","T","AVR","?","?","E","?","R","BOSS"],"items_purchased_type":["Relic","Card","Card","Relic","Relic"],"build_version":"2020-11-30","purchased_purges":4,"victory":false,"max_hp_per_floor":[88,88,88,88,88,88,88,96,96,96,96,96,96,96,96,96,96,96,96,96,96,99,99,99,102,102,102,102,102,105,105,105,108,108,108,108,118,118,121,121,121,121,121,121,121,121,121,121,121,121,131,131,131,131,131,134,134,134,137,137,139,139,139,139,142,142,142,142,148,148,148,148,148,148,148,152,152,152,152,152,152,152,152,152,152,155,158,158,158,161,161,161,161,161,161,164,164,164,164,164,167,167,167,167,170,170,170,170,170,170,170,170,170,170,170,174,174,174,174,177,169,169,169,169,169,169,173,173,176,183,183,183,183,183,183,183,183],"card_choices":[{"not_picked":["Carnage","hubris:ReadiedAction"],"picked":"Flex","floor":1.0},{"not_picked":["Shrug It Off","Dropkick"],"picked":"Body Slam","floor":4.0},{"not_picked":["Immolate","Eclipse","Exhume"],"picked":"SKIP","floor":8.0},{"not_picked":["Run Through","Clash","hubris:SpiceAddiction"],"picked":"SKIP","floor":10.0},{"not_picked":["Demonic Infusion","hubris:StunningStrike"],"picked":"Juggernaut","floor":11.0},{"not_picked":["Exhume","Demonic Infusion"],"picked":"Barricade","floor":12.0},{"not_picked":["Carnage","Body Slam"],"picked":"Headbutt","floor":18.0},{"not_picked":["Havoc","Armaments","Headbutt"],"picked":"SKIP","floor":20.0},{"not_picked":["Replay:Many Hands","Double Tap"],"picked":"Limit Break","floor":22.0},{"not_picked":["Reaper","Fiend Fire"],"picked":"Juggernaut","floor":25.0},{"not_picked":["Fiend Fire","hubris:SpiceAddiction","Offering+1"],"picked":"SKIP","floor":27.0},{"not_picked":["hubris:StunningStrike","hubris:SpiceAddiction","Double Tap+1"],"picked":"SKIP","floor":31.0},{"not_picked":["Juggernaut","Exhume+1"],"picked":"Demon Form","floor":33.0},{"not_picked":["hubris:SpiceAddiction"],"picked":"SKIP","floor":35.0},{"not_picked":["Berserk"],"picked":"SKIP","floor":38.0},{"not_picked":["Impervious+1"],"picked":"SKIP","floor":42.0},{"not_picked":["Fiend Fire"],"picked":"SKIP","floor":45.0},{"not_picked":["Run Through+1"],"picked":"SKIP","floor":46.0},{"not_picked":["Replay:Undeath\u0027s Touch+1"],"picked":"SKIP","floor":46.0},{"not_picked":["hubris:SpiceAddiction"],"picked":"SKIP","floor":52.0},{"not_picked":["Infernal Blade+1"],"picked":"SKIP","floor":52.0},{"not_picked":["hubris:StunningStrike"],"picked":"SKIP","floor":55.0},{"not_picked":[],"picked":"Shrug It Off+1","floor":56.0},{"not_picked":["Battle Trance+1"],"picked":"SKIP","floor":56.0},{"not_picked":["Demonic Infusion+1"],"picked":"SKIP","floor":57.0},{"not_picked":["Barricade"],"picked":"SKIP","floor":58.0},{"not_picked":[],"picked":"Feed","floor":59.0},{"not_picked":["Hemogenesis"],"picked":"SKIP","floor":61.0},{"not_picked":["Corruption"],"picked":"SKIP","floor":65.0},{"not_picked":[],"picked":"Sword Boomerang","floor":69.0},{"not_picked":["hubris:SpiceAddiction"],"picked":"SKIP","floor":69.0},{"not_picked":["Eclipse+1"],"picked":"SKIP","floor":73.0},{"not_picked":["Offering+1"],"picked":"SKIP","floor":74.0},{"not_picked":["Exhume+1"],"picked":"SKIP","floor":75.0},{"not_picked":["Havoc+1"],"picked":"SKIP","floor":76.0},{"not_picked":["Flex+1"],"picked":"SKIP","floor":76.0},{"not_picked":["Berserk"],"picked":"SKIP","floor":78.0},{"not_picked":["Reaper"],"picked":"SKIP","floor":82.0},{"not_picked":["Reaper"],"picked":"SKIP","floor":82.0},{"not_picked":["Flex+1"],"picked":"SKIP","floor":86.0},{"not_picked":["Wild Strike+1"],"picked":"SKIP","floor":86.0},{"not_picked":["Berserk"],"picked":"SKIP","floor":88.0},{"not_picked":[],"picked":"Replay:SS_hec_1","floor":90.0},{"not_picked":["Brutality"],"picked":"SKIP","floor":91.0},{"not_picked":["Warcry+1"],"picked":"SKIP","floor":93.0},{"not_picked":["Ghostly Armor+1"],"picked":"SKIP","floor":93.0},{"not_picked":["Double Tap+1"],"picked":"SKIP","floor":95.0},{"not_picked":["Offering+1"],"picked":"SKIP","floor":96.0},{"not_picked":["Corruption"],"picked":"SKIP","floor":97.0},{"not_picked":["Perfected Strike"],"picked":"SKIP","floor":103.0},{"not_picked":["Replay:Undeath\u0027s Touch"],"picked":"SKIP","floor":103.0},{"not_picked":["Warcry+1"],"picked":"SKIP","floor":106.0},{"not_picked":["Life Link"],"picked":"SKIP","floor":106.0},{"not_picked":["hubris:StunningStrike"],"picked":"SKIP","floor":108.0},{"not_picked":["Run Through"],"picked":"SKIP","floor":109.0},{"not_picked":["infinitespire:OneForAll"],"picked":"SKIP","floor":109.0},{"not_picked":["Fiend Fire"],"picked":"SKIP","floor":110.0},{"not_picked":["hubris:SpiceAddiction"],"picked":"SKIP","floor":112.0},{"not_picked":["hubris:SpiceAddiction"],"picked":"SKIP","floor":114.0},{"not_picked":["hubris:SpiceAddiction"],"picked":"SKIP","floor":116.0},{"not_picked":["Searing Blow"],"picked":"SKIP","floor":120.0},{"not_picked":["Sever Soul+1"],"picked":"SKIP","floor":120.0},{"not_picked":["Replay:Many Hands+1"],"picked":"SKIP","floor":123.0},{"not_picked":["Feed"],"picked":"SKIP","floor":125.0},{"not_picked":["Clothesline"],"picked":"SKIP","floor":126.0},{"not_picked":["Sentinel+1"],"picked":"SKIP","floor":126.0},{"not_picked":["Hemogenesis"],"picked":"SKIP","floor":127.0},{"not_picked":[],"picked":"Cleave","floor":130.0},{"not_picked":["Flex+1"],"picked":"SKIP","floor":130.0},{"not_picked":["Flex+1"],"picked":"SKIP","floor":130.0},{"not_picked":["Corruption"],"picked":"SKIP","floor":131.0},{"not_picked":["Brutality"],"picked":"SKIP","floor":132.0}],"player_experience":368493,"relics_obtained":[{"floor":2.0,"key":"Gremlin Food"},{"floor":8.0,"key":"hubris:Spice"},{"floor":12.0,"key":"hubris:TenFootPole"},{"floor":19.0,"key":"Replay:Blank Codex"},{"floor":22.0,"key":"Replay:Ringing Soul"},{"floor":25.0,"key":"Vajra"},{"floor":26.0,"key":"ReplayFunnel"},{"floor":27.0,"key":"Toxic Egg 2"},{"floor":38.0,"key":"PreservedInsect"},{"floor":43.0,"key":"Prayer Wheel"},{"floor":45.0,"key":"MawBank"},{"floor":54.0,"key":"hubris:SphereOfDissonance"},{"floor":55.0,"key":"Counterbalance"},{"floor":57.0,"key":"StoneCalendar"},{"floor":58.0,"key":"Iron Hammer"},{"floor":59.0,"key":"Pocketwatch"},{"floor":60.0,"key":"Replay:Kaleidoscope"},{"floor":65.0,"key":"Charon\u0027s Ashes"},{"floor":73.0,"key":"White Beast Statue"},{"floor":74.0,"key":"ReplayTheSpireMod:Shallot"},{"floor":75.0,"key":"Blood Vial"},{"floor":77.0,"key":"Tiny Chest"},{"floor":78.0,"key":"infinitespire:Joker Card"},{"floor":82.0,"key":"Replay:Baseball"},{"floor":88.0,"key":"hubris:FunFungus"},{"floor":91.0,"key":"Letter Opener"},{"floor":92.0,"key":"Pen Nib"},{"floor":94.0,"key":"Calipers"},{"floor":95.0,"key":"Smiling Mask"},{"floor":96.0,"key":"Champion Belt"},{"floor":97.0,"key":"Turnip"},{"floor":99.0,"key":"Paper Frog"},{"floor":105.0,"key":"CaptainsWheel"},{"floor":108.0,"key":"infinitespire:Magic Flask"},{"floor":110.0,"key":"hubris:Reverence"},{"floor":111.0,"key":"hubris:Zylophone"},{"floor":112.0,"key":"hubris:PeanutButter"},{"floor":113.0,"key":"hubris:MobiusCoin"},{"floor":116.0,"key":"InkBottle"},{"floor":123.0,"key":"Lantern"},{"floor":124.0,"key":"Replay:Accelerometer"},{"floor":125.0,"key":"Gambling Chip"},{"floor":127.0,"key":"Darkstone Periapt"},{"floor":128.0,"key":"Ginger"},{"floor":131.0,"key":"hubris:CrystalStatue"},{"floor":132.0,"key":"hubris:CuriousFeather"},{"floor":134.0,"key":"Enchiridion"}],"event_choices":[{"damage_healed":0.0,"max_hp_gain":0.0,"max_hp_loss":0.0,"gold_gain":0.0,"event_name":"FaceTrader","player_choice":"Trade","floor":3.0,"gold_loss":0.0,"damage_taken":0.0,"relics_obtained":["NlothsMask"]},{"cards_removed":["Strike_R"],"damage_healed":0.0,"max_hp_gain":0.0,"max_hp_loss":0.0,"gold_gain":0.0,"event_name":"NoteForYourself","player_choice":"Took Card","floor":5.0,"gold_loss":0.0,"damage_taken":0.0,"cards_obtained":["Madness"]},{"damage_healed":0.0,"max_hp_gain":0.0,"max_hp_loss":0.0,"gold_gain":0.0,"event_name":"Cursed Tome","player_choice":"Obtained Book","floor":19.0,"gold_loss":0.0,"damage_taken":16.0},{"damage_healed":0.0,"max_hp_gain":0.0,"max_hp_loss":0.0,"gold_gain":0.0,"event_name":"Drug Dealer","player_choice":"Inject Mutagens","floor":29.0,"gold_loss":0.0,"damage_taken":0.0,"relics_obtained":["MutagenicStrength"]},{"cards_removed":["Demon Form"],"damage_healed":0.0,"max_hp_gain":10.0,"max_hp_loss":0.0,"gold_gain":0.0,"event_name":"Bonfire Elementals","player_choice":"Offered Rare","floor":37.0,"gold_loss":0.0,"damage_taken":0.0},{"damage_healed":0.0,"max_hp_gain":0.0,"max_hp_loss":0.0,"gold_gain":0.0,"event_name":"Living Wall","player_choice":"Grow","floor":53.0,"gold_loss":0.0,"damage_taken":0.0,"cards_upgraded":["hubris:InfiniteBlow"]},{"damage_healed":0.0,"max_hp_gain":0.0,"max_hp_loss":0.0,"gold_gain":0.0,"event_name":"Ghosts","player_choice":"Ignored","floor":83.0,"gold_loss":0.0,"damage_taken":0.0},{"damage_healed":0.0,"max_hp_gain":0.0,"max_hp_loss":0.0,"gold_gain":0.0,"event_name":"Match and Keep!","player_choice":"1 cards matched","floor":87.0,"gold_loss":0.0,"damage_taken":0.0,"cards_obtained":["Anger"]},{"damage_healed":0.0,"max_hp_gain":0.0,"max_hp_loss":0.0,"gold_gain":0.0,"event_name":"SensoryStone","player_choice":"Memory 3","floor":90.0,"gold_loss":0.0,"damage_taken":10.0},{"damage_healed":0.0,"max_hp_gain":0.0,"max_hp_loss":0.0,"gold_gain":0.0,"event_name":"Scrap Ooze","player_choice":"Success","floor":104.0,"gold_loss":0.0,"damage_taken":3.0,"relics_obtained":["TungstenRod"]},{"damage_healed":0.0,"max_hp_gain":0.0,"max_hp_loss":0.0,"gold_gain":0.0,"event_name":"Dead Adventurer","player_choice":"Searched \u00271\u0027 times","floor":105.0,"gold_loss":0.0,"damage_taken":0.0},{"cards_removed":["Defend_R"],"damage_healed":0.0,"max_hp_gain":0.0,"max_hp_loss":0.0,"gold_gain":0.0,"event_name":"Purifier","player_choice":"Purged","floor":122.0,"gold_loss":0.0,"damage_taken":0.0},{"damage_healed":0.0,"max_hp_gain":0.0,"max_hp_loss":0.0,"gold_gain":0.0,"event_name":"Cursed Tome","player_choice":"Obtained Book","floor":134.0,"gold_loss":0.0,"damage_taken":16.0}],"is_beta":false,"boss_relics":[{"not_picked":["Runic Dome","Fusion Hammer"],"picked":"hubris:ScarierMask"},{"not_picked":["hubris:Spice","hubris:Spice"],"picked":"Busted Crown"},{"not_picked":["hubris:Spice","hubris:BlackHole"],"picked":"Tiny House"},{"not_picked":["Black Star","Philosopher\u0027s Stone"],"picked":"Replay:Wanted Poster"},{"not_picked":["hubris:Spice","hubris:HollowSoul"],"picked":"Coffee Dripper"},{"not_picked":["expansioncontent:StudyCardRelic","Replay:Drink Me"],"picked":"hubris:TerracottaHorce"},{"not_picked":["Cursed Key","Painkiller Herb","Electric Blood"]},{"not_picked":["hubris:Spice","hubris:Spice"],"picked":"Empty Cage"}],"items_purged_floors":[72,89,107,129],"is_endless":true,"potions_floor_spawned":[4,12,22,31,33,38,42,46,50,56,57,59,67,74,75,76,78,82,84,86,88,91,93,95,96,97,101,103,105,106,108,109,110,112,114,116,118,120,123,125,126,127,130,131,132,135],"ascension_level":0}}