{"host":"3zmin95cvgu7iq60","time":1607758054,"event":{"mods":["BaseMod","Better Skull","BetterRewards","Colored Map","Conspire","Disable Question Mark Monsters","Hermit","Minty Spire (QoL Compilation)","Reorder Act Four","Replay The Spire","Shop Mod","StSLib","Uncapped"],"gold_per_floor":[109,127,201,201,37,63,63,88,115,145,145,161,161,175,175,249,249,264,184,184,203,203,203,231,414,414,441,455,455,455,471,471,548,548,566,282,307,325,404,404,431,431,431,442,442,470,470,482,482,482,482,69,69,101,101],"floor_reached":56,"playtime":2418,"items_purged":["Strike_P","Strike_P","Defend_P","Strike_P","Defend_P"],"score":2943,"play_id":"a810ea70-de47-46f4-9a9c-6122c3d14587","local_time":"20201212012734","is_ascension_mode":true,"campfire_choices":[{"data":"PathToVictory+1","floor":7,"key":"SMITH"},{"data":"PathToVictory+2","floor":11,"key":"SMITH"},{"data":"PathToVictory+3","floor":15,"key":"SMITH"},{"data":"TalkToTheHand","floor":23,"key":"SMITH"},{"data":"Perseverance","floor":30,"key":"SMITH"},{"data":"Perseverance+1","floor":32,"key":"SMITH"},{"data":"Perseverance+2","floor":40,"key":"SMITH"},{"floor":42,"key":"RECALL"},{"data":"Perseverance+3","floor":47,"key":"SMITH"},{"data":"Perseverance+4","floor":49,"key":"SMITH"},{"data":"Perseverance+5","floor":53,"key":"SMITH"},{"data":"Eruption","floor":53,"key":"SMITH"}],"circlet_count":0,"master_deck":["AscendersBane","Strike_P","Defend_P","Defend_P","Eruption+1","Vigilance","PathToVictory+4","Brilliance+1","Prostrate","CarveReality","FollowUp+1","Flash of Steel","Master of Strategy","WheelKick+1","TalkToTheHand+1","Perseverance+6","PathToVictory+4"],"relics":["HolyWater","Damaru","ClockworkSouvenir","Gremlin Horn","MerchantsRug","Chameleon Ring","BargainBundle","Chemical X","Mummified Hand","ReplayFunnel","conspire:InfiniteJournal","conspire:TreasureMap","Singing Bowl","Nunchaku","Replay:Bottled Eggs","Turnip","conspire:SpecialSausage","Ice Cream","Bottled Flame","Mercury Hourglass","Sozu","Busted Crown","VioletLotus","PreservedInsect","CaptainsWheel","Replay:Bottled Steam","Simple Rune","Durian","Replay:Arrowhead","DollysMirror","Pet Ghost"],"acts_visited":["Exordium","TheCity","TheBeyond","TheEnding"],"potions_floor_usage":[8],"damage_taken":[{"damage":0,"enemies":"Cultist","floor":1,"turns":2},{"damage":0,"enemies":"Small Slimes","floor":2,"turns":1},{"damage":10,"enemies":"3 Sentries","floor":6,"turns":5},{"damage":20,"enemies":"Lagavulin","floor":8,"turns":3},{"damage":5,"enemies":"3 Sentries","floor":10,"turns":4},{"damage":0,"enemies":"2 Louse","floor":12,"turns":1},{"damage":1,"enemies":"Exordium Wildlife","floor":14,"turns":2},{"damage":28,"enemies":"Slime Boss","floor":16,"turns":6},{"damage":0,"enemies":"3 Byrds","floor":18,"turns":3},{"damage":10,"enemies":"Spheric Guardian","floor":21,"turns":4},{"damage":11,"enemies":"Gremlin Leader","floor":24,"turns":4},{"damage":25,"enemies":"Slavers","floor":27,"turns":4},{"damage":0,"enemies":"Cultist and Chosen","floor":28,"turns":3},{"damage":15,"enemies":"Shelled Parasite and Fungi","floor":31,"turns":3},{"damage":8,"enemies":"Champ","floor":33,"turns":7},{"damage":4,"enemies":"3 Darklings","floor":35,"turns":4},{"damage":17,"enemies":"Mind Bloom Boss Battle","floor":37,"turns":5},{"damage":0,"enemies":"3 Shapes","floor":38,"turns":2},{"damage":0,"enemies":"R_Hoarder","floor":41,"turns":6},{"damage":9,"enemies":"Transient","floor":44,"turns":6},{"damage":0,"enemies":"Nemesis","floor":46,"turns":4},{"damage":0,"enemies":"Spire Growth","floor":48,"turns":4},{"damage":8,"enemies":"Awakened One","floor":50,"turns":12},{"damage":18,"enemies":"Shield and Spear","floor":54,"turns":6},{"damage":49,"enemies":"The Heart","floor":55,"turns":9}],"seed_played":"-6816389090286488117","potions_obtained":[{"floor":6,"key":"ColorlessPotion"},{"floor":10,"key":"Ambrosia"},{"floor":21,"key":"FairyPotion"}],"is_trial":false,"path_per_floor":["M","M","$","?","$","E","R","E","T","E","R","M","T","M","R_BF","B",null,"M","?","?","M","T","R","E","?","T","E","M","?","R","M","R","B",null,"M","$","?","M","T","R","E","R","T","M","?","E","R","M","R","B",null,"$","R","E","B",null],"character_chosen":"WATCHER","items_purchased":["Damaru","ClockworkSouvenir","Gremlin Horn","MerchantsRug","PathToVictory","Brilliance","Guide Book","WingedGreaves","Tiny Chest","Prostrate","Prayer Wheel","CarveReality","Chameleon Ring","FairyPotion","BargainBundle","conspire:TopHat","Elixir","SpeedPotion","SteroidPotion","FollowUp+1","Flash of Steel","Chemical X","Mummified Hand","ReplayFunnel","conspire:InfiniteJournal","Master of Strategy","conspire:TreasureMap","PreservedInsect","Lee\u0027s Waffle","Replay:Arrowhead","DollysMirror"],"campfire_rested":0,"item_purchase_floors":[0,0,0,0,0,0,0,0,0,0,0,0,0,0,0,0,0,0,0,0,0,0,0,0,0,0,5,36,36,52,52],"current_hp_per_floor":[61,61,61,61,61,53,53,35,35,32,32,36,36,39,39,13,66,68,68,68,62,62,62,51,53,53,30,34,29,29,18,18,12,81,81,115,100,104,104,104,106,106,106,101,101,108,108,112,112,104,125,125,125,109,60],"gold":101,"neow_bonus":"","is_daily":false,"chose_seed":false,"campfire_upgraded":11,"win_rate":0.0,"timestamp":1607758054,"path_taken":["M","?","?","?","$","E","R","E","T","E","R","M","?","?","R_BF","BOSS","M","?","?","M","?","R","E","?","T","E","M","?","R","M","R","BOSS","M","$","?","M","?","R","E","R","T","M","?","E","R","M","R","BOSS","$","R","E","BOSS"],"items_purchased_type":["Relic","Relic","Relic","Relic","Card","Card","Relic","Relic","Relic","Card","Relic","Card","Relic","Potion","Relic","Relic","Potion","Potion","Potion","Card","Card","Relic","Relic","Relic","Relic","Card","Relic","Relic","Relic","Relic","Relic"],"build_version":"2020-11-30","purchased_purges":5,"victory":true,"max_hp_per_floor":[68,68,68,68,68,70,70,72,72,74,74,78,78,82,82,84,84,86,86,86,90,90,90,90,92,92,94,98,98,98,102,102,104,104,108,115,117,121,121,121,123,123,123,127,121,128,128,132,132,132,132,132,132,134,134],"card_choices":[{"not_picked":["BowlingBash","CutThroughFate"],"picked":"WheelKick","floor":1},{"not_picked":["Conclude","CutThroughFate","JustLucky"],"picked":"SKIP","floor":1},{"not_picked":["Replay:Hum","Establishment","FollowUp"],"picked":"SKIP","floor":2},{"not_picked":["CutThroughFate","Prostrate","Adaptation"],"picked":"SKIP","floor":2},{"not_picked":["Scrawl","WreathOfFlame","Replay:DivineShield"],"picked":"Singing Bowl","floor":6},{"not_picked":["ClearTheMind","Weave","EmptyMind"],"picked":"Singing Bowl","floor":8},{"not_picked":["Replay:LoomingThreat","EmptyBody","WaveOfTheHand"],"picked":"Singing Bowl","floor":10},{"not_picked":["Halt","Consecrate","CrushJoints"],"picked":"Singing Bowl","floor":12},{"not_picked":["SashWhip","CutThroughFate","Indignation"],"picked":"Singing Bowl","floor":12},{"not_picked":["CrushJoints","PathToVictory","Replay:BluntJabs"],"picked":"Singing Bowl","floor":14},{"not_picked":["CrushJoints","Crescendo","Prostrate"],"picked":"Singing Bowl","floor":14},{"not_picked":["Scrawl","Blasphemy","DeusExMachina"],"picked":"Singing Bowl","floor":16},{"not_picked":["PathToVictory+1","SashWhip+1","Replay:ManipulateFuture"],"picked":"Singing Bowl","floor":18},{"not_picked":["CutThroughFate","FlyingSleeves"],"picked":"TalkToTheHand","floor":18},{"not_picked":["Replay:AllIn","JustLucky","Evaluate"],"picked":"Singing Bowl","floor":21},{"not_picked":["FollowUp","EmptyFist","Replay:ManipulateFuture"],"picked":"Singing Bowl","floor":21},{"not_picked":["Prostrate","Consecrate"],"picked":"Perseverance","floor":24},{"not_picked":["SpiritShield","Perseverance","EmptyFist"],"picked":"Singing Bowl","floor":25},{"not_picked":["Study","Perseverance","CutThroughFate"],"picked":"Singing Bowl","floor":27},{"not_picked":["Crescendo","SignatureMove","BattleHymn"],"picked":"Singing Bowl","floor":28},{"not_picked":["Prostrate","Replay:AtTheReady+1","Nirvana"],"picked":"Singing Bowl","floor":28},{"not_picked":["FlurryOfBlows+1","Halt+1","Replay:DivineShield"],"picked":"Singing Bowl","floor":31},{"not_picked":["FollowUp","Worship","BowlingBash"],"picked":"Singing Bowl","floor":31},{"not_picked":["Blasphemy","Alpha","Judgement"],"picked":"Singing Bowl","floor":33},{"not_picked":["BowlingBash"],"picked":"Singing Bowl","floor":35},{"not_picked":["Collect"],"picked":"Singing Bowl","floor":35},{"not_picked":["Evaluate"],"picked":"Singing Bowl","floor":37},{"not_picked":["FearNoEvil"],"picked":"Singing Bowl","floor":38},{"not_picked":["Protect+1"],"picked":"Singing Bowl","floor":38},{"not_picked":["EmptyBody"],"picked":"Singing Bowl","floor":41},{"not_picked":["Conclude"],"picked":"Singing Bowl","floor":44},{"not_picked":["Sanctity"],"picked":"Singing Bowl","floor":44},{"not_picked":["FearNoEvil"],"picked":"Singing Bowl","floor":46},{"not_picked":["Consecrate+1"],"picked":"Singing Bowl","floor":48},{"not_picked":["Replay:AtTheReady"],"picked":"Singing Bowl","floor":48},{"not_picked":["Worship"],"picked":"Singing Bowl","floor":54}],"player_experience":2426283,"relics_obtained":[{"floor":6,"key":"Singing Bowl"},{"floor":8,"key":"Nunchaku"},{"floor":10,"key":"Replay:Bottled Eggs"},{"floor":13,"key":"Turnip"},{"floor":22,"key":"Replay:Bottled Snecko"},{"floor":24,"key":"Ice Cream"},{"floor":26,"key":"Bottled Flame"},{"floor":27,"key":"Mercury Hourglass"},{"floor":37,"key":"CaptainsWheel"},{"floor":39,"key":"Replay:Bottled Steam"},{"floor":41,"key":"Simple Rune"},{"floor":43,"key":"CeramicFish"},{"floor":46,"key":"Durian"},{"floor":54,"key":"Pet Ghost"}],"event_choices":[{"damage_healed":0,"gold_gain":0,"player_choice":"Grow","damage_taken":0,"max_hp_gain":0,"max_hp_loss":0,"event_name":"Living Wall","floor":4,"gold_loss":0,"cards_upgraded":["WheelKick"]},{"damage_healed":0,"gold_gain":0,"player_choice":"Ignored","damage_taken":0,"max_hp_gain":0,"max_hp_loss":0,"event_name":"Cursed Tome","floor":20,"gold_loss":0},{"damage_healed":0,"gold_gain":0,"player_choice":"Leave","damage_taken":0,"max_hp_gain":0,"max_hp_loss":0,"event_name":"conspire:Investor","floor":29,"gold_loss":0},{"damage_healed":0,"gold_gain":0,"player_choice":"Fight","damage_taken":0,"max_hp_gain":0,"max_hp_loss":0,"event_name":"MindBloom","floor":37,"gold_loss":0},{"damage_healed":0,"gold_gain":0,"player_choice":"Max HP","damage_taken":0,"max_hp_gain":0,"max_hp_loss":6,"event_name":"Winding Halls","floor":45,"gold_loss":0}],"is_beta":false,"boss_relics":[{"not_picked":["Fusion Hammer","Snecko Eye"],"picked":"conspire:SpecialSausage"},{"not_picked":["Abe\u0027s Treasure","Tiny House"],"picked":"Replay:Grab Bag"},{"not_picked":["conspire:SlowCooker","ReplayTheSpireMod:Onyx Gauntlets"],"picked":"Sozu"},{"not_picked":["conspire:SeveredTorchhead","Cursed Key"],"picked":"Busted Crown"},{"not_picked":["Runic Pyramid","Pandora\u0027s Box"],"picked":"HolyWater"},{"not_picked":["Snecko Heart","SlaversCollar"],"picked":"VioletLotus"}],"items_purged_floors":[0,0,0,36,52],"is_endless":false,"potions_floor_spawned":[6,10,14,16,21,27,28,31,37,38,48],"ascension_level":20}}