{"host":"m7puq4mk16tgc6yn","time":1607750517,"event":{"mods":["AchievementEnabler","BaseMod","Colored Map","Colored Powertips","Minty Spire (QoL Compilation)","Relic Stats"],"gold_per_floor":[365,381,381,29,47,76,76,405,405,421,421,447,547,557,557,653,653,670,688,708,633,664,664,664,664],"floor_reached":24,"playtime":1018,"items_purged":["Strike_B"],"score":295,"play_id":"7d7b155a-7404-4c84-9183-ee12fbf0b12e","local_time":"20201211212157","is_ascension_mode":true,"campfire_choices":[{"data":"Sunder","floor":7.0,"key":"SMITH"},{"data":"Reinforced Body","floor":11.0,"key":"SMITH"},{"floor":15.0,"key":"REST"},{"floor":23,"key":"REST"}],"circlet_count":0,"master_deck":["Strike_B","Defend_B","Defend_B","Defend_B","Defend_B","Zap","Dualcast","Sunder+1","FTL","Loop","Cold Snap","Hologram","Rip and Tear","Reinforced Body+1","Reboot","Seek","Steam+1","Turbo+1","Leap"],"relics":["Cracked Core","Runic Capacitor","Potion Belt","Old Coin","InkBottle","Sundial","Runic Pyramid","Red Mask"],"acts_visited":["Exordium","TheCity"],"potions_floor_usage":[19,20,22],"damage_taken":[{"damage":0.0,"enemies":"Small Slimes","floor":1.0,"turns":2.0},{"damage":1.0,"enemies":"Cultist","floor":2.0,"turns":3.0},{"damage":4.0,"enemies":"Jaw Worm","floor":5.0,"turns":4.0},{"damage":20.0,"enemies":"3 Sentries","floor":6.0,"turns":7.0},{"damage":15.0,"enemies":"Lagavulin","floor":8.0,"turns":7.0},{"damage":1.0,"enemies":"Blue Slaver","floor":10.0,"turns":4.0},{"damage":10.0,"enemies":"Gremlin Nob","floor":12.0,"turns":3.0},{"damage":0.0,"enemies":"Exordium Wildlife","floor":14.0,"turns":2.0},{"damage":12.0,"enemies":"Slime Boss","floor":16.0,"turns":9.0},{"damage":0,"enemies":"Chosen","floor":18,"turns":4},{"damage":11,"enemies":"2 Thieves","floor":19,"turns":3},{"damage":15,"enemies":"Centurion and Healer","floor":20,"turns":5},{"damage":30,"enemies":"Masked Bandits","floor":22,"turns":3},{"damage":35,"enemies":"Slavers","floor":24,"turns":3}],"seed_played":"-4519728189887250494","potions_obtained":[{"floor":10.0,"key":"Energy Potion"},{"floor":12.0,"key":"Fire Potion"},{"floor":14.0,"key":"AttackPotion"},{"floor":16.0,"key":"ColorlessPotion"},{"floor":18,"key":"Regen Potion"},{"floor":19,"key":"FearPotion"}],"is_trial":false,"path_per_floor":["M","M","?","$","M","E","R","E","T","M","R","E","?","M","R","B",null,"M","M","M","?","?","R","E"],"character_chosen":"DEFECT","items_purchased":["Runic Capacitor","Loop","FocusPotion"],"campfire_rested":2,"item_purchase_floors":[4,4,4],"current_hp_per_floor":[54,53,53,53,49,29,29,14,14,13,13,3,3,3,25,13,60,60,49,34,34,13,35,0,0],"gold":664,"neow_bonus":"TWO_FIFTY_GOLD","is_daily":false,"chose_seed":false,"campfire_upgraded":2,"win_rate":0.0,"timestamp":1607750517,"path_taken":["M","M","?","$","?","E","R","E","T","M","R","E","?","M","R","BOSS","M","M","?","?","?","R","E"],"items_purchased_type":["Relic","Card","Potion"],"build_version":"2020-11-30","purchased_purges":1,"victory":false,"max_hp_per_floor":[75,75,75,75,75,75,75,75,75,75,75,75,75,75,75,75,75,75,75,75,75,75,75,75,75],"relic_stats":{"counters":[14,58],"Sundial":[8],"obtain_stats":[{"Potion Belt":6,"Sundial":12,"Runic Capacitor":4,"Red Mask":22,"Cracked Core":0,"InkBottle":9,"Old Coin":8,"Runic Pyramid":17},{"Potion Belt":4,"Sundial":7,"Runic Capacitor":2,"Red Mask":13,"Cracked Core":0,"InkBottle":5,"Old Coin":5,"Runic Pyramid":9},{"Potion Belt":16,"Sundial":30,"Runic Capacitor":5,"Red Mask":55,"Cracked Core":0,"InkBottle":23,"Old Coin":23,"Runic Pyramid":40}],"InkBottle":[11]},"card_choices":[{"not_picked":["Go for the Eyes","Fusion"],"picked":"Sunder","floor":1.0},{"not_picked":["Double Energy","Hello World"],"picked":"FTL","floor":2.0},{"not_picked":["Sunder","Turbo"],"picked":"Cold Snap","floor":5.0},{"not_picked":["Turbo","Streamline"],"picked":"Hologram","floor":6.0},{"not_picked":["Double Energy","Hologram"],"picked":"Rip and Tear","floor":8.0},{"not_picked":["Streamline","Compile Driver"],"picked":"Reinforced Body","floor":10.0},{"not_picked":["Leap","Reprogram"],"picked":"Reboot","floor":12.0},{"not_picked":["Tempest","Blizzard","Stack"],"picked":"SKIP","floor":14.0},{"not_picked":["Machine Learning","Core Surge"],"picked":"Seek","floor":16.0},{"not_picked":["Sweeping Beam","Force Field+1","Steam"],"picked":"SKIP","floor":18},{"not_picked":["Hologram","Stack"],"picked":"Steam+1","floor":19},{"not_picked":["Go for the Eyes+1","BootSequence"],"picked":"Turbo+1","floor":20},{"not_picked":["Sweeping Beam","Lockon"],"picked":"Leap","floor":22}],"player_experience":52458,"relics_obtained":[{"floor":6.0,"key":"Potion Belt"},{"floor":8.0,"key":"Old Coin"},{"floor":9.0,"key":"InkBottle"},{"floor":12.0,"key":"Sundial"},{"floor":22,"key":"Red Mask"}],"event_choices":[{"cards_removed":["Strike_B"],"damage_healed":0.0,"max_hp_gain":0.0,"max_hp_loss":0.0,"gold_gain":0.0,"event_name":"Purifier","player_choice":"Purged","floor":3.0,"gold_loss":0.0,"damage_taken":0.0},{"damage_healed":0.0,"max_hp_gain":0.0,"max_hp_loss":0.0,"gold_gain":100.0,"event_name":"Wheel of Change","player_choice":"Gold","floor":13.0,"gold_loss":0.0,"damage_taken":0.0},{"cards_removed":["Strike_B"],"damage_healed":0,"gold_gain":0,"player_choice":"Gave Gold","damage_taken":0,"max_hp_gain":0,"max_hp_loss":0,"event_name":"Beggar","floor":21,"gold_loss":75},{"damage_healed":0,"gold_gain":0,"player_choice":"Fought Bandits","damage_taken":0,"max_hp_gain":0,"max_hp_loss":0,"event_name":"Masked Bandits","floor":22,"gold_loss":0}],"is_beta":false,"boss_relics":[{"not_picked":["Fusion Hammer","Ectoplasm"],"picked":"Runic Pyramid"}],"items_purged_floors":[4],"is_endless":false,"potions_floor_spawned":[10,12,14,16,18,19],"killed_by":"Slavers","ascension_level":5}}