{"host":"n529wyrjhujcvty3","time":1607780245,"event":{"mods":["Act Like it!","BaseMod","Better Third Choice","Marisa¡]Ãú«B¡@Å]²z¨F¡^","Minty Spire (QoL Compilation)","Remilia¡]Á¢¦Ì²ú?¡^","Shop Mod","StSLib","Td1madao Mod","The Runesmith","Yuyuko"],"gold_per_floor":[109,128,53,68,82,82,98,127,127,127,145,145,145,145,145,250,250,261,261,12,12,26,26,53,66,113,142,142,142,154,29,29,126,126,136,154,154,174,174,174,207,216,225,254,254,554,582,596,596,596,596,596,6,46,46,46],"floor_reached":55,"playtime":6930,"items_purged":["Strike_MRS","Writhe","Strike_MRS","Clumsy"],"score":840,"play_id":"f19d1b99-6def-4178-968a-c494040a48b6","local_time":"20201212213725","is_ascension_mode":false,"campfire_choices":[{"data":"UpSweep","floor":6.0,"key":"SMITH"},{"data":"DarkMatter","floor":15.0,"key":"SMITH"},{"data":"SatelliteIllusion","floor":23.0,"key":"SMITH"},{"data":"EarthLightRay","floor":29.0,"key":"SMITH"},{"data":"MasterSpark","floor":32.0,"key":"SMITH"},{"floor":40.0,"key":"RECALL"},{"data":"EnergyFlow","floor":49,"key":"SMITH"},{"data":"Defend_MRS","floor":52,"key":"SMITH"}],"circlet_count":0,"master_deck":["Defend_MRS","Defend_MRS+1","MasterSpark+1","UpSweep+1","Bandage Up","EarthLightRay+1","DarkMatter+1","TreasureHunter+1","OpenUniverse+1","IllusionStar+1","SatelliteIllusion+1","StarDustReverie+1","UltimateShortwave+1","Orbital+1","Chrysalis+1","Impatience+1","EnergyFlow+1","MilkyWay+1","MilkyWay+1"],"relics":["MiniHakkero","Ancient Tea Set","Toxic Egg 2","Molten Egg 2","Unceasing Top","ExperimentalFamiliar","HornCleat","CultistMask","Strawberry","Runesmith:AutoHammer","Singing Bowl","Juzu Bracelet","Cursed Key","CeramicFish","AmplifyWand","Old Coin","Pantograph","Sling","FossilizedHelix","Bronze Scales","Mummified Hand"],"acts_visited":["Exordium","TheCity","TheBeyond","TheEnding"],"potions_floor_usage":[50,54],"damage_taken":[{"damage":1.0,"enemies":"Cultist","floor":1.0,"turns":4.0},{"damage":0.0,"enemies":"2 Louse","floor":2.0,"turns":2.0},{"damage":5.0,"enemies":"Small Slimes","floor":4.0,"turns":3.0},{"damage":12.0,"enemies":"Looter","floor":5.0,"turns":4.0},{"damage":11.0,"enemies":"Large Slime","floor":7.0,"turns":5.0},{"damage":18.0,"enemies":"3 Sentries","floor":8.0,"turns":5.0},{"damage":2.0,"enemies":"Blue Slaver","floor":11.0,"turns":4.0},{"damage":14.0,"enemies":"The Guardian","floor":16.0,"turns":8.0},{"damage":9.0,"enemies":"Shell Parasite","floor":18.0,"turns":4.0},{"damage":0.0,"enemies":"3 Byrds","floor":22.0,"turns":4.0},{"damage":35.0,"enemies":"Gremlin Leader","floor":24.0,"turns":6.0},{"damage":0.0,"enemies":"Centurion and Healer","floor":25.0,"turns":5.0},{"damage":22.0,"enemies":"Slavers","floor":27.0,"turns":4.0},{"damage":0.0,"enemies":"Chosen and Byrds","floor":30.0,"turns":6.0},{"damage":32.0,"enemies":"Champ","floor":33.0,"turns":9.0},{"damage":5.0,"enemies":"Orb Walker","floor":35.0,"turns":2.0},{"damage":0.0,"enemies":"3 Darklings","floor":36.0,"turns":2.0},{"damage":0.0,"enemies":"Maw","floor":38.0,"turns":4.0},{"damage":10,"enemies":"Reptomancer","floor":41,"turns":6},{"damage":0,"enemies":"Transient","floor":44,"turns":5},{"damage":0,"enemies":"Giant Head","floor":47,"turns":5},{"damage":0,"enemies":"3 Darklings","floor":48,"turns":3},{"damage":47,"enemies":"Awakened One","floor":50,"turns":7},{"damage":19,"enemies":"Shield and Spear","floor":54,"turns":6},{"damage":134,"enemies":"The Heart","floor":55,"turns":6}],"seed_played":"1316153938787033975","potions_obtained":[{"floor":4.0,"key":"Explosive Potion"},{"floor":7.0,"key":"DistilledChaos"},{"floor":11.0,"key":"PowerPotion"},{"floor":24.0,"key":"BottledSpark"},{"floor":25.0,"key":"EssenceOfSteel"},{"floor":38.0,"key":"Fire Potion"},{"floor":44,"key":"Explosive Potion"},{"floor":48,"key":"Weak Potion"}],"is_trial":false,"path_per_floor":["M","M","$","M","M","R","M","E","T","?","M","?","?","?","R","B",null,"M","?","$","?","M","R","E","M","T","E","?","R","M","$","R","B",null,"M","M","?","M","?","R","E","?","T","M","?","?","E","M","R","B",null,"R","$","E","B"],"character_chosen":"MARISA","items_purchased":["StarDustReverie+1","Sling","FossilizedHelix"],"campfire_rested":0,"item_purchase_floors":[20,53,53],"current_hp_per_floor":[74,75,75,75,67,67,64,54,54,54,60,53,53,58,58,52,80,73,73,73,73,77,77,57,67,67,55,55,55,69,69,69,47,91,86,92,84,90,90,90,89,89,89,93,93,93,99,103,103,60,103,103,103,84,0,0],"gold":46,"neow_bonus":"RANDOM_COLORLESS","is_daily":false,"chose_seed":false,"campfire_upgraded":7,"win_rate":0.0,"timestamp":1607780245,"path_taken":["M","M","$","M","?","R","M","E","T","?","?","?","?","?","R","BOSS","M","?","$","?","M","R","E","M","T","E","?","R","M","$","R","BOSS","M","M","?","M","?","R","E","?","T","M","?","?","E","M","R","BOSS","R","$","E","BOSS"],"items_purchased_type":["Card","Relic","Relic"],"build_version":"2020-11-30","purchased_purges":4,"victory":false,"max_hp_per_floor":[75,75,75,75,75,75,75,75,75,75,75,75,75,80,80,80,80,80,80,80,80,80,80,87,87,87,89,89,89,91,91,91,91,91,91,93,95,97,97,97,99,99,99,99,99,99,101,103,103,103,103,103,103,103,103,103],"card_choices":[{"not_picked":["Purity","Dramatic Entrance"],"picked":"Bandage Up","floor":0.0},{"not_picked":["WitchLeyline","LuminesStrike"],"picked":"EarthLightRay","floor":1.0},{"not_picked":["UnstableBomb","GravityBeat"],"picked":"DarkMatter","floor":2.0},{"not_picked":["PowerUp","GravityBeat","DarkMatter"],"picked":"SKIP","floor":4.0},{"not_picked":["UnstableBomb","MysteriousBeam"],"picked":"TreasureHunter","floor":5.0},{"not_picked":["MysteriousBeam","6A","SporeBomb"],"picked":"SKIP","floor":7.0},{"not_picked":["LuminesStrike","RefractionSpark"],"picked":"OpenUniverse+1","floor":8.0},{"not_picked":["MysteriousBeam+1","EnergyRecoil+1"],"picked":"IllusionStar+1","floor":11.0},{"not_picked":["StarDustReverie+1","MillisecondPulsars"],"picked":"SatelliteIllusion","floor":16.0},{"not_picked":["EventHorizon","GalacticHalo+1","GravityBeat+1"],"picked":"SKIP","floor":18.0},{"not_picked":["StarlightTyphoon+1","EnergyFlow","PulseMagic+1"],"picked":"SKIP","floor":22.0},{"not_picked":["PowerUp+1","WitchOfGreed","WitchLeyline+1"],"picked":"SKIP","floor":24.0},{"not_picked":["StarlightTyphoon+1","Acceleration+1","DeepEcoloBomb+1"],"picked":"SKIP","floor":25.0},{"not_picked":["ShootingEcho+1","OortCloud+1","NonDirectionalLaser+1"],"picked":"Singing Bowl","floor":27.0},{"not_picked":["OrrerysSun","ShootingEcho+1","EnergyFlow"],"picked":"Singing Bowl","floor":30.0},{"not_picked":["AbsoluteMagnitude+1","ManaRampage+1"],"picked":"UltimateShortwave+1","floor":33.0},{"not_picked":["DC+1","GrandCross+1"],"picked":"Orbital+1","floor":35.0},{"not_picked":["SuperPerseids+1","IllusionStar+1","DoubleSpark+1"],"picked":"Singing Bowl","floor":36.0},{"not_picked":["Panacea+1","Dark Shackles+1","HandOfGreed+1"],"picked":"Singing Bowl","floor":37.0},{"not_picked":["Panache","Flash of Steel+1"],"picked":"Chrysalis+1","floor":37.0},{"not_picked":["Purity+1","Forethought+1"],"picked":"Impatience+1","floor":37.0},{"not_picked":["FairyDestructionRay+1","SporeBomb+1","ShootingEcho+1"],"picked":"Singing Bowl","floor":38.0},{"not_picked":["BlazeAway+1","WitchOfGreed+1","Acceleration+1"],"picked":"Singing Bowl","floor":41},{"not_picked":["MysteriousBeam+1","PowerUp+1"],"picked":"MilkyWay+1","floor":44},{"not_picked":["MysteriousBeam+1","ManaConvection+1","GravityBeat+1"],"picked":"Singing Bowl","floor":47},{"not_picked":["ShootingEcho+1","MilkyWay+1","SporeBomb+1"],"picked":"Singing Bowl","floor":48},{"not_picked":["WitchOfGreed","PowerUp+1"],"picked":"MilkyWay+1","floor":54}],"player_experience":320164,"relics_obtained":[{"floor":8.0,"key":"Ancient Tea Set"},{"floor":8.0,"key":"Toxic Egg 2"},{"floor":9.0,"key":"Molten Egg 2"},{"floor":16.0,"key":"Unceasing Top"},{"floor":24.0,"key":"Strawberry"},{"floor":26.0,"key":"Runesmith:AutoHammer"},{"floor":27.0,"key":"Singing Bowl"},{"floor":27.0,"key":"Juzu Bracelet"},{"floor":41,"key":"CeramicFish"},{"floor":41,"key":"AmplifyWand"},{"floor":47,"key":"Pantograph"},{"floor":54,"key":"Bronze Scales"}],"event_choices":[{"cards_removed":["Defend_MRS"],"damage_healed":0.0,"max_hp_gain":0.0,"max_hp_loss":0.0,"gold_gain":0.0,"event_name":"NoteForYourself","player_choice":"Took Card","floor":10.0,"gold_loss":0.0,"damage_taken":0.0,"cards_obtained":["Iron Wave"]},{"cards_removed":["Strike_MRS"],"damage_healed":0.0,"max_hp_gain":0.0,"max_hp_loss":0.0,"gold_gain":0.0,"event_name":"Golden Wing","player_choice":"Card Removal","floor":12.0,"gold_loss":0.0,"damage_taken":7.0},{"damage_healed":0.0,"max_hp_gain":0.0,"max_hp_loss":0.0,"gold_gain":0.0,"event_name":"Living Wall","player_choice":"Grow","floor":13.0,"gold_loss":0.0,"damage_taken":0.0,"cards_upgraded":["TreasureHunter"]},{"damage_healed":0.0,"max_hp_gain":5.0,"max_hp_loss":0.0,"gold_gain":0.0,"event_name":"Big Fish","player_choice":"Donut","floor":14.0,"gold_loss":0.0,"damage_taken":0.0},{"damage_healed":0.0,"max_hp_gain":0.0,"max_hp_loss":0.0,"gold_gain":0.0,"event_name":"The Mausoleum","player_choice":"Opened","floor":19.0,"gold_loss":0.0,"damage_taken":0.0,"relics_obtained":["HornCleat"],"cards_obtained":["Writhe"]},{"damage_healed":0.0,"max_hp_gain":0.0,"max_hp_loss":0.0,"gold_gain":0.0,"event_name":"FaceTrader","player_choice":"Trade","floor":21.0,"gold_loss":0.0,"damage_taken":0.0,"relics_obtained":["CultistMask"]},{"cards_removed":["Defend_MRS"],"damage_healed":0.0,"max_hp_gain":0.0,"max_hp_loss":0.0,"gold_gain":0.0,"event_name":"betterThird:BetterWriting","player_choice":"Elegance","floor":28.0,"gold_loss":0.0,"damage_taken":0.0},{"damage_healed":0.0,"max_hp_gain":0.0,"max_hp_loss":0.0,"gold_gain":0.0,"event_name":"SensoryStone","player_choice":"Memory 3","floor":37.0,"gold_loss":0.0,"damage_taken":10.0},{"cards_removed":["Iron Wave"],"damage_healed":0.0,"max_hp_gain":0.0,"max_hp_loss":0.0,"gold_gain":0.0,"event_name":"Falling","player_choice":"Removed Attack","floor":39.0,"gold_loss":0.0,"damage_taken":0.0},{"damage_healed":0,"gold_gain":0,"cards_transformed":["Strike_MRS"],"player_choice":"Transformed","damage_taken":0,"max_hp_gain":0,"max_hp_loss":0,"event_name":"Transmorgrifier","floor":42,"gold_loss":0,"cards_obtained":["EnergyFlow"]},{"damage_healed":0,"gold_gain":0,"player_choice":"Ignored","damage_taken":0,"max_hp_gain":0,"max_hp_loss":0,"event_name":"Tomb of Lord Red Mask","floor":45,"gold_loss":0},{"damage_healed":0,"gold_gain":0,"player_choice":"Gave Potion","damage_taken":0,"relics_obtained":["Old Coin"],"max_hp_gain":0,"max_hp_loss":0,"event_name":"WeMeetAgain","floor":46,"gold_loss":0}],"is_beta":false,"boss_relics":[{"not_picked":["RampagingMagicTools","SacredBark"],"picked":"ExperimentalFamiliar"},{"not_picked":["Snecko Eye","Runic Dome"],"picked":"Cursed Key"}],"items_purged_floors":[3,20,31,53],"is_endless":false,"potions_floor_spawned":[4,7,11,24,25,38,44,48],"killed_by":"The Heart","ascension_level":0}}