{"host":"ktr1tislz6a097sj","time":1607785391,"event":{"mods":["BaseMod","Downfall","Marisa£®ÏF”Í°°ƒß¿Ì…≥£©","Minty Spire (QoL Compilation)","Quick Restart","Replay The Spire","StSLib","The Cursed","The Servant 0.9.4"],"gold_per_floor":[111,122,122,137,137,163,220,220,220],"floor_reached":8,"playtime":510,"items_purged":[],"score":59,"play_id":"35c10ecb-dc3d-4767-9ab3-42b289baf525","local_time":"20201212230311","is_ascension_mode":true,"campfire_choices":[],"circlet_count":0,"master_deck":["Strike_R","Strike_R","Strike_R","Strike_R","Defend_R","Defend_R","Defend_R","Defend_R","Pommel Strike","Rupture","Eruption","FollowUp","Berserk","FlyingSleeves"],"relics":["Replay:M_SmolderingBlood","King of Hearts","Orichalcum"],"acts_visited":["Exordium"],"potions_floor_usage":[],"damage_taken":[{"damage":1.0,"enemies":"2 Louse","floor":1.0,"turns":3.0},{"damage":3.0,"enemies":"Jaw Worm","floor":2.0,"turns":4.0},{"damage":0.0,"enemies":"Small Slimes","floor":4.0,"turns":3.0},{"damage":46,"enemies":"Lagavulin","floor":6,"turns":7},{"damage":16,"enemies":"Gremlin Nob","floor":7,"turns":4},{"damage":21,"enemies":"3 Sentries","floor":8,"turns":5}],"seed_played":"-830653551394774264","potions_obtained":[{"floor":7,"key":"SpeedPotion"}],"is_trial":false,"path_per_floor":["M","M","?","M","?","E","?","E"],"character_chosen":"IRONCLAD","items_purchased":[],"campfire_rested":0,"item_purchase_floors":[],"current_hp_per_floor":[88,88,88,88,81,35,19,0,0],"gold":220,"neow_bonus":"TEN_PERCENT_HP_BONUS","is_daily":false,"chose_seed":false,"campfire_upgraded":0,"win_rate":0.0,"timestamp":1607785391,"path_taken":["M","M","?","M","?","E","?","E"],"items_purchased_type":[],"build_version":"2020-11-30","purchased_purges":0,"victory":false,"max_hp_per_floor":[88,88,88,88,88,88,88,88,88],"card_choices":[{"not_picked":["Headbutt","Clothesline"],"picked":"Pommel Strike","floor":1.0},{"not_picked":["Rage","Dual Wield"],"picked":"Rupture","floor":2.0},{"not_picked":["Sword Boomerang","ReplayTheSpireMod:Strike From Hell"],"picked":"FollowUp","floor":4.0},{"not_picked":["CrushJoints","Demon Form"],"picked":"Berserk","floor":6},{"not_picked":["Anger","Heavy Blade"],"picked":"FlyingSleeves","floor":7}],"player_experience":27993,"relics_obtained":[{"floor":6,"key":"King of Hearts"},{"floor":7,"key":"Orichalcum"}],"event_choices":[{"cards_removed":["Strike_R"],"damage_healed":0.0,"max_hp_gain":0.0,"max_hp_loss":0.0,"gold_gain":0.0,"event_name":"Golden Wing","player_choice":"Card Removal","floor":5.0,"gold_loss":0.0,"damage_taken":7.0},{"damage_healed":0,"gold_gain":0,"player_choice":"Searched \u00271\u0027 times","damage_taken":0,"max_hp_gain":0,"max_hp_loss":0,"event_name":"Dead Adventurer","floor":7,"gold_loss":0}],"is_beta":false,"boss_relics":[],"items_purged_floors":[],"is_endless":false,"potions_floor_spawned":[7],"killed_by":"3 Sentries","ascension_level":1}}