{"host":"f7oa3d5f3fx74imu","time":1607738777,"event":{"mods":["AchievementEnabler","Aspiration","BaseMod","Better Altar","Better Third Choice","BetterRewards","Conspire","Downfall","Hubris","Infinite Spire","Lobotomy","Minty Spire (QoL Compilation)","Replay The Spire","Shop Mod","Spicy Shops","StSLib"],"gold_per_floor":[114,772,772,785,800,829,846,880,929,1730,1756,1770,1798,1816,1889,1994,1994,2014,2014,2024,2024,2024,2044,2078,2098,2098,2129,2129,2229,2262,2281,2281,2384,2434,2510,2526,2526,2626,2641,2675,2744,2821,2821,2071,2097,2127,2143,2143,2143,2143],"floor_reached":51,"playtime":3591,"items_purged":["Strike_B","Strike_B","Defend_B"],"score":1717,"play_id":"f0897a6b-6151-420a-b4a8-31af502beb9d","local_time":"20201211180617","is_ascension_mode":true,"campfire_choices":[{"data":"Storm","floor":28,"key":"SMITH"},{"floor":32,"key":"RECALL"},{"data":"Echo Form","floor":49,"key":"SMITH"}],"circlet_count":0,"master_deck":["Strike_B","Strike_B","Defend_B","Zap","Dualcast","Beam Cell","Doom and Gloom","Self Repair","Conserve Battery","Loop","Ball Lightning","Barrage","Compile Driver","Storm","Meteor Strike","Meteor Strike","Echo Form+1","Fusion","Seek","Reinforced Body","Defragment","Sweeping Beam","Echo Form","Barrage","Go for the Eyes","CurseOfTheBell","Coolheaded","Panic Button","Rip and Tear","Storm+1","Defragment","BootSequence+1","Gash+1","Reboot","Hologram+1","Storm","expansioncontent:YouAreMine","Panache","Master of Strategy","Coolheaded","Rebound+1","Heatsinks+1","Echo Form","Mirror Shield","Core Surge","Coolheaded+1"],"relics":["Cracked Core","RabbitCall","Runic Capacitor","infinitespire:EmpoweringShard","Iron Hammer","MerchantsRug","Replay:Lucky Slots","Matryoshka","infinitespire:CheckeredPen","Bottled Lightning","Bronze Scales","Boot","Eternal Feather","Blue Candle","hubris:ToyBattleship","infinitespire:BottledMercury","StrikeDummy","hubris:Backtick","Mummified Hand","Snecko Eye","Honey Jar","Calling Bell","Gremlin Food","hubris:MobiusCoin","Bird Faced Urn","Potion Belt","Replay:Ringing Soul","conspire:GlowingRock","Strawberry","Lizard Tail","aspiration:HummingbirdHeart","hubris:Potato","Empty Cage","HornCleat","hubris:CrystalStatue","DataDisk","aspiration:EnhancedActuators","Juzu Bracelet","ReplayTheSpireMod:TigerMarble","DollysMirror","Incense Burner"],"acts_visited":["Exordium","TheCity","TheBeyond"],"potions_floor_usage":[13,51,51,51,51],"damage_taken":[{"damage":8.0,"enemies":"2 Louse","floor":1.0,"turns":2.0},{"damage":8.0,"enemies":"Small Slimes","floor":4.0,"turns":3.0},{"damage":0.0,"enemies":"Cultist","floor":5.0,"turns":3.0},{"damage":32.0,"enemies":"3 Sentries","floor":6.0,"turns":5.0},{"damage":0.0,"enemies":"3 Louse","floor":7.0,"turns":2.0},{"damage":3.0,"enemies":"Lagavulin","floor":8.0,"turns":3.0},{"damage":15,"enemies":"3 Sentries","floor":11,"turns":2},{"damage":0,"enemies":"Exordium Wildlife","floor":12,"turns":1},{"damage":7,"enemies":"Gremlin Nob","floor":13,"turns":4},{"damage":1,"enemies":"Looter","floor":14,"turns":2},{"damage":48,"enemies":"Hexaghost","floor":16,"turns":5},{"damage":0,"enemies":"Spheric Guardian","floor":18,"turns":1},{"damage":0,"enemies":"3 Byrds","floor":20,"turns":2},{"damage":14,"enemies":"Centurion and Healer","floor":23,"turns":2},{"damage":15,"enemies":"Slavers","floor":24,"turns":2},{"damage":0,"enemies":"Snecko","floor":25,"turns":3},{"damage":0,"enemies":"Book of Stabbing","floor":27,"turns":2},{"damage":22,"enemies":"Colosseum Slavers","floor":29,"turns":2},{"damage":0,"enemies":"Colosseum Nobs","floor":29,"turns":2},{"damage":25,"enemies":"Nightmare","floor":30,"turns":4},{"damage":0,"enemies":"Chosen and Byrds","floor":31,"turns":2},{"damage":0,"enemies":"Automaton","floor":33,"turns":3},{"damage":0,"enemies":"Orb Walker","floor":35,"turns":2},{"damage":0,"enemies":"3 Shapes","floor":36,"turns":2},{"damage":1,"enemies":"Maw","floor":39,"turns":3},{"damage":0,"enemies":"R_Hoarder","floor":40,"turns":2},{"damage":0,"enemies":"Sphere and 2 Shapes","floor":41,"turns":2},{"damage":0,"enemies":"Giant Head","floor":42,"turns":2},{"damage":0,"enemies":"4 Shapes","floor":45,"turns":2},{"damage":0,"enemies":"Nemesis","floor":46,"turns":2},{"damage":0,"enemies":"Writhing Mass","floor":47,"turns":2},{"damage":0,"enemies":"infinitespire:MassOfShapes","floor":50,"turns":5},{"damage":0,"enemies":"Malkuth","floor":51,"turns":2},{"damage":0,"enemies":"Netzach","floor":51,"turns":2},{"damage":0,"enemies":"Geburah","floor":51,"turns":6},{"damage":0,"enemies":"Binah","floor":51,"turns":6},{"damage":51,"enemies":"Angela","floor":51,"turns":5}],"seed_played":"90787058209304755","potions_obtained":[{"floor":6.0,"key":"hexamod:EctoCoolerPotion"},{"floor":7.0,"key":"Block Potion"},{"floor":8.0,"key":"SteroidPotion"},{"floor":13,"key":"SkillPotion"},{"floor":20,"key":"FearPotion"},{"floor":23,"key":"AttackPotion"},{"floor":33,"key":"FearPotion"},{"floor":36,"key":"Elixir"},{"floor":40,"key":"Adrenaline Potion"}],"is_trial":false,"path_per_floor":["M","$","?","M","M","E","M","E","T","$","E","M","E","M","R","B",null,"M","?","M","AVR","?","M","E","M","T","E","R","?","NM","M","R","B",null,"M","M","?","?","M","E","M","E","T","$","M","E","M","?","R","B",null],"character_chosen":"DEFECT","items_purchased":["Runic Capacitor","infinitespire:EmpoweringShard","Iron Hammer","MerchantsRug","Replay:Lucky Slots","Matryoshka","Doom and Gloom","Self Repair","Energy Potion","Block Potion","Eternal Feather","Blue Candle","hubris:ToyBattleship","Meteor Strike","Echo Form","Fusion","DataDisk","aspiration:EnhancedActuators","Juzu Bracelet","ReplayTheSpireMod:TigerMarble","DollysMirror"],"campfire_rested":0,"item_purchase_floors":[2,2,2,2,2,2,2,2,2,2,10,10,10,10,10,10,44,44,44,44,44],"current_hp_per_floor":[60,60,60,62,69,47,47,44,44,44,29,29,36,45,60,22,62,62,62,62,62,62,65,50,60,60,84,85,74,86,94,94,97,97,100,103,96,96,109,109,112,115,115,118,121,124,127,127,127,127],"gold":2157,"neow_bonus":"","is_daily":false,"chose_seed":false,"campfire_upgraded":2,"win_rate":0.0,"timestamp":1607738777,"path_taken":["M","$","?","M","M","E","M","E","T","$","E","M","E","M","R","BOSS","M","?","M","AVR","?","?","E","M","T","E","R","?","NM","M","R","BOSS","M","M","?","?","M","E","?","E","T","$","M","E","M","?","R","BOSS"],"items_purchased_type":["Relic","Relic","Relic","Relic","Relic","Relic","Card","Card","Potion","Potion","Relic","Relic","Relic","Card","Card","Card","Relic","Relic","Relic","Relic","Relic"],"build_version":"2020-11-30","purchased_purges":3,"victory":true,"max_hp_per_floor":[75,75,75,75,75,75,75,75,75,75,75,75,75,75,75,75,75,75,75,75,75,75,75,75,75,75,85,85,88,91,94,94,97,97,100,103,106,106,109,109,112,115,115,118,121,124,127,127,127,127],"card_choices":[{"not_picked":["Coolheaded","Blizzard"],"picked":"Beam Cell","floor":1.0},{"not_picked":["Crystallizer","Hello World"],"picked":"Loop","floor":4.0},{"not_picked":["BootSequence","ReplayTheSpireMod:System Scan"],"picked":"Ball Lightning","floor":5.0},{"not_picked":["Ball Lightning","Genetic Algorithm"],"picked":"Barrage","floor":6.0},{"not_picked":["Rebound","ReplayTheSpireMod:Reroute Power"],"picked":"Compile Driver","floor":7.0},{"not_picked":["ReplaySort","Sweeping Beam"],"picked":"Storm","floor":8.0},{"not_picked":["Redo","BasicCrystalCard"],"picked":"Seek","floor":11},{"not_picked":["Conserve Battery","aspiration:Polymerization"],"picked":"Reinforced Body","floor":12},{"not_picked":["Leap","Coolheaded"],"picked":"Defragment","floor":13},{"not_picked":["Go for the Eyes","hubris:PowerSurge"],"picked":"Sweeping Beam","floor":14},{"not_picked":["hubris:DoWhile","All For One"],"picked":"Echo Form","floor":16},{"not_picked":["Doom and Gloom","Redo+1","Blizzard"],"picked":"Barrage","floor":18},{"not_picked":["Darkness+1","ReplaySort","Steam"],"picked":"Go for the Eyes","floor":20},{"not_picked":["Compile Driver+1","Cold Snap","Steam+1"],"picked":"Coolheaded","floor":23},{"not_picked":["Leap","Crystallizer","Melter"],"picked":"Panic Button","floor":24},{"not_picked":["Steam","Redo","Panic Button"],"picked":"Rip and Tear","floor":25},{"not_picked":["Meteor Strike","Force Field","Barrage"],"picked":"Storm","floor":27},{"not_picked":["Storm","Scrape","Steam"],"picked":"Defragment","floor":29},{"not_picked":["Heatsinks","Panic Button","Barrage"],"picked":"BootSequence+1","floor":30},{"not_picked":["Steam","Darkness","Leap"],"picked":"Gash+1","floor":31},{"not_picked":["hubris:Prefetch","Biased Cognition","hubris:SpecializedCircuitry"],"picked":"Reboot","floor":33},{"not_picked":["Loop+1","Stack","Conserve Battery"],"picked":"Hologram+1","floor":35},{"not_picked":["Panic Button+1","Barrage","Cold Snap"],"picked":"Storm","floor":36},{"not_picked":["Sadistic Nature","Swift Strike","expansioncontent:DefensiveMode"],"picked":"expansioncontent:YouAreMine","floor":37},{"not_picked":["ReplayTheSpireMod:Necrogeddon","expansioncontent:Corrupt","Purity"],"picked":"Panache","floor":37},{"not_picked":["Specialist","Good Instincts","Forethought"],"picked":"Master of Strategy","floor":37},{"not_picked":["Streamline+1","Barrage","Turbo+1"],"picked":"Coolheaded","floor":39},{"not_picked":["Conserve Battery","ReplaySort+1","Go for the Eyes","ReplayGash"],"picked":"SKIP","floor":40},{"not_picked":["Hologram","Steam Power","Panic Button+1"],"picked":"Rebound+1","floor":41},{"not_picked":["Gash+1","Coolheaded","Storm+1"],"picked":"Heatsinks+1","floor":42},{"not_picked":["Conserve Battery+1","Go for the Eyes+1","Sweeping Beam+1"],"picked":"Mirror Shield","floor":45},{"not_picked":["Streamline","Sweeping Beam","Redo+1"],"picked":"Core Surge","floor":46},{"not_picked":["Stack","Go for the Eyes","Redo"],"picked":"Coolheaded+1","floor":47}],"player_experience":215479,"relics_obtained":[{"floor":6.0,"key":"infinitespire:CheckeredPen"},{"floor":8.0,"key":"Bottled Lightning"},{"floor":9.0,"key":"Bronze Scales"},{"floor":9.0,"key":"Boot"},{"floor":11,"key":"infinitespire:BottledMercury"},{"floor":13,"key":"StrikeDummy"},{"floor":21,"key":"Gremlin Food"},{"floor":21,"key":"hubris:MobiusCoin"},{"floor":21,"key":"Bird Faced Urn"},{"floor":24,"key":"Potion Belt"},{"floor":26,"key":"Replay:Ringing Soul"},{"floor":26,"key":"conspire:GlowingRock"},{"floor":27,"key":"Strawberry"},{"floor":29,"key":"Lizard Tail"},{"floor":29,"key":"aspiration:HummingbirdHeart"},{"floor":30,"key":"hubris:Potato"},{"floor":40,"key":"HornCleat"},{"floor":42,"key":"hubris:CrystalStatue"},{"floor":46,"key":"Incense Burner"}],"event_choices":[{"damage_healed":0,"gold_gain":0,"player_choice":"Leave","damage_taken":0,"max_hp_gain":0,"max_hp_loss":0,"event_name":"conspire:Investor","floor":19,"gold_loss":0},{"damage_healed":0,"gold_gain":0,"player_choice":"Trade","damage_taken":0,"relics_obtained":["NlothsMask"],"max_hp_gain":0,"max_hp_loss":0,"event_name":"FaceTrader","floor":22,"gold_loss":0},{"damage_healed":0,"gold_gain":0,"player_choice":"Fight","damage_taken":0,"max_hp_gain":0,"max_hp_loss":0,"event_name":"Colosseum","floor":29,"gold_loss":0},{"damage_healed":0,"gold_gain":0,"player_choice":"Fought Nobs","damage_taken":0,"max_hp_gain":0,"max_hp_loss":0,"event_name":"Colosseum","floor":29,"gold_loss":0},{"damage_healed":0,"gold_gain":0,"player_choice":"Memory 3","damage_taken":10,"max_hp_gain":0,"max_hp_loss":0,"event_name":"SensoryStone","floor":37,"gold_loss":0},{"damage_healed":0,"gold_gain":100,"player_choice":"Pray","damage_taken":0,"max_hp_gain":0,"max_hp_loss":0,"event_name":"Golden Shrine","floor":38,"gold_loss":0}],"is_beta":false,"boss_relics":[{"not_picked":["Honey Jar","Snecko Eye"],"picked":"hubris:Backtick"},{"not_picked":["SacredBark","SlaversCollar"],"picked":"Empty Cage"}],"items_purged_floors":[2,10,44],"is_endless":false,"potions_floor_spawned":[6,7,8,13,16,20,23,29,33,36,40,42,46,47],"ascension_level":9}}