{"host":"szdtd8m2aqw3110u","time":1607812237,"event":{"mods":["Aspiration","BaseMod","Beaked The Cultist","Colored Map","Conspire","Downfall","Halation","Hubris","Infinite Spire","Minty Spire (QoL Compilation)","Replay The Spire","StSLib"],"gold_per_floor":[109,123,123,140,140,158,190,52,77,77,100,134,134,145,145,248,248,261,261,186,196,196,196,196],"floor_reached":23,"playtime":3583,"items_purged":[],"score":199,"play_id":"4ef96698-df8d-4011-a764-088f4122b46b","local_time":"20201212193037","is_ascension_mode":false,"campfire_choices":[{"data":"beaked:TuckingFeathers","floor":10,"key":"SMITH"},{"data":"beaked:CrazyRituals","floor":13,"key":"SMITH"},{"data":"beaked:Evade","floor":15,"key":"SMITH"}],"circlet_count":0,"master_deck":["beaked:Strike_Y","beaked:Strike_Y","beaked:Strike_Y","beaked:Strike_Y","beaked:Strike_Y","beaked:Strike_Y","beaked:Defend_Y","beaked:Defend_Y","beaked:Defend_Y","beaked:Defend_Y","beaked:Ceremony","beaked:Ceremony","beaked:Ceremony","beaked:WarriorEssence","beaked:TuckingFeathers+1","beaked:Daydream","beaked:Brace","beaked:Evade+1","Finesse","beaked:Insight","beaked:CrazyRituals+1","beaked:KnowThyFoe","beaked:Tweet","beaked:MimicWarrior+1"],"relics":["beaked:MendingPlumage","halation:AfternoonTea","conspire:TopHat","hubris:SphereOfDissonance","conspire:SlowCooker","Replay:Wax Seal"],"acts_visited":["Exordium","TheCity"],"potions_floor_usage":[7,14,14,16,23],"damage_taken":[{"damage":10,"enemies":"Cultist","floor":1,"turns":4},{"damage":5,"enemies":"conspire:RoseBush","floor":2,"turns":4},{"damage":13,"enemies":"Jaw Worm","floor":4,"turns":4},{"damage":33,"enemies":"Exordium Wildlife","floor":6,"turns":8},{"damage":41,"enemies":"3 Sentries","floor":7,"turns":9},{"damage":24,"enemies":"Lagavulin","floor":12,"turns":8},{"damage":7,"enemies":"Blue Slaver","floor":14,"turns":4},{"damage":30,"enemies":"Slime Boss","floor":16,"turns":10},{"damage":31,"enemies":"3 Byrds","floor":18,"turns":7},{"damage":51,"enemies":"2 Thieves","floor":21,"turns":5},{"damage":90,"enemies":"Nightmare","floor":23,"turns":7}],"seed_played":"1895163497900375494","potions_obtained":[{"floor":4,"key":"Block Potion"},{"floor":6,"key":"BlessingOfTheForge"},{"floor":7,"key":"Swift Potion"},{"floor":12,"key":"SteroidPotion"},{"floor":21,"key":"Dexterity Potion"}],"is_trial":false,"path_per_floor":["M","M","?","M","?","M","E","$","T","R","T","E","R","M","R","B",null,"M","T","?","M","?","NM"],"character_chosen":"BEAKED_THE_CULTIST","items_purchased":["Finesse","beaked:Insight"],"campfire_rested":0,"item_purchase_floors":[8,8],"current_hp_per_floor":[51,55,58,53,58,47,29,29,29,29,29,45,45,52,52,63,63,63,63,63,37,37,0,0],"gold":196,"neow_bonus":"TEN_PERCENT_HP_BONUS","is_daily":false,"chose_seed":false,"campfire_upgraded":3,"win_rate":0.0,"timestamp":1607812237,"path_taken":["M","M","?","M","?","M","E","?","T","R","?","E","R","M","R","BOSS","M","?","?","M","?","NM"],"items_purchased_type":["Card","Card"],"build_version":"2020-11-30","purchased_purges":0,"victory":false,"max_hp_per_floor":[55,55,58,58,63,63,63,63,63,63,63,63,63,63,63,63,63,63,63,63,63,63,63,63],"card_choices":[{"not_picked":["beaked:Foresight","beaked:CrazyRituals"],"picked":"beaked:WarriorEssence","floor":1},{"not_picked":["beaked:Evade","beaked:Cower"],"picked":"beaked:TuckingFeathers","floor":2},{"not_picked":["beaked:Replenish","beaked:WindBringer"],"picked":"beaked:Daydream","floor":4},{"not_picked":["beaked:SacrificialAttack","beaked:ShadowFade"],"picked":"beaked:Brace","floor":6},{"not_picked":["beaked:DarkPact","beaked:BounceBack"],"picked":"beaked:Evade","floor":7},{"not_picked":["beaked:TuckingFeathers","beaked:DigDeep"],"picked":"beaked:CrazyRituals","floor":12},{"not_picked":["beaked:DigDeep","beaked:Tradeoff"],"picked":"beaked:Poke","floor":14},{"not_picked":["ReplayTheSpireMod:Owlgaze","beaked:CheekyTricks"],"picked":"beaked:KnowThyFoe","floor":16},{"not_picked":["beaked:DigDeep","beaked:Recite+1"],"picked":"beaked:Tweet","floor":18},{"not_picked":["beaked:BarbedWire","beaked:Overpower+1"],"picked":"beaked:MimicWarrior+1","floor":21}],"player_experience":415603,"relics_obtained":[{"floor":7,"key":"halation:AfternoonTea"},{"floor":11,"key":"conspire:TopHat"},{"floor":12,"key":"hubris:SphereOfDissonance"},{"floor":19,"key":"Replay:Wax Seal"}],"event_choices":[{"damage_healed":0,"gold_gain":0,"player_choice":"Donut","damage_taken":0,"max_hp_gain":5,"max_hp_loss":0,"event_name":"Big Fish","floor":5,"gold_loss":0},{"cards_removed":["beaked:Poke"],"damage_healed":0,"gold_gain":0,"player_choice":"Gave Gold","damage_taken":0,"max_hp_gain":0,"max_hp_loss":0,"event_name":"Beggar","floor":20,"gold_loss":75}],"is_beta":false,"boss_relics":[{"not_picked":["halation:CatFaceCupcake","ChewingGum"],"picked":"conspire:SlowCooker"}],"items_purged_floors":[],"is_endless":false,"potions_floor_spawned":[4,6,7,12,21],"killed_by":"Nightmare","ascension_level":0}}