{"host":"svab9sudlrudptws","time":1607806408,"event":{"mods":["BaseMod","Colored Powertips","Minty Spire (QoL Compilation)","Robot Space Explorer","Shade Mod","StSLib","The Blackbeard","The Cursed","The Disciple","The Mystic","The Necromancer","The Poker Player","The Servant 0.9.4"],"gold_per_floor":[112,130,130,205,205,237,237,273,323,390,424,447,631,675,675,771,798,823,832,506,532,546,588,609,652,676,676,237,278,278,318,327,425,425,445,504,93,121,137,137,164,173,173,28,68,68,77,98,107,107,107,107,46,80,80,80],"floor_reached":55,"playtime":5539,"items_purged":["Shame","Shame"],"score":892,"play_id":"d0f9c2e7-8dbd-4374-850c-3bbf30f3496c","local_time":"20201212225328","is_ascension_mode":true,"campfire_choices":[{"floor":7.0,"key":"REST"},{"floor":15.0,"key":"REST"},{"data":"Shade:TouchOfTheGrave","floor":30.0,"key":"SMITH"},{"floor":32.0,"key":"REST"},{"floor":40.0,"key":"REST"},{"floor":42.0,"key":"REST"},{"floor":46.0,"key":"RECALL"},{"floor":49.0,"key":"REST"},{"data":"Shade:Putrefaction","floor":52.0,"key":"SMITH"}],"circlet_count":0,"master_deck":["Shade:Defend_Shade+1","Shade:Defend_Shade","Shade:Defend_Shade+1","Shade:AnimateDead","Shade:CarefulCut","Shade:Consume","Shade:FleshToFlesh","Shade:Bite_Shade","Shade:GraveStillness","Shade:DangerousRitual","Shade:Bonestorm","Shade:Doomsay","Shade:CallOfTheGrave","Shade:TouchOfTheGrave+1","Shade:Putrefaction+1","Shade:GraveStillness+1","Shade:AuraOfUnlife+1","Shade:AblativeArmor+1","Shade:PotionOfRestlessness","Shade:Bite_Shade","Shade:OpenGraves+1","Shade:SensePrey","Shade:Consume","Shade:UnbarTheGrave","Shade:FleshLikeOak","Shade:GreyBargain+1","Shade:Excise","Shade:FuneraryJewels","Shade:ClawBack+1","Shade:CloudOfShrapnel","Shade:FuneraryJewels","Shade:AblativeArmor+1","Shade:BoneShards","Shade:FuneraryJewels+1","Shade:Bonestorm+1","Shade:Carnophage","Shade:ExtraLimbs"],"relics":["Shade:YorickPolishedSkull","Vajra","CeramicFish","War Paint","Pear","Mercury Hourglass","Bottled Flame","Astrolabe","Dream Catcher","PreservedInsect","Tiny Chest","StoneCalendar","Bag of Preparation","Sling","Calipers","MealTicket","Ornamental Fan","TungstenRod","Torii","Akabeko","Pen Nib","Art of War","Happy Flower"],"acts_visited":["Exordium","TheCity","TheBeyond","TheEnding"],"potions_floor_usage":[],"damage_taken":[{"damage":0.0,"enemies":"Cultist","floor":1.0,"turns":2.0},{"damage":0.0,"enemies":"Small Slimes","floor":2.0,"turns":2.0},{"damage":13.0,"enemies":"Gremlin Nob","floor":6.0,"turns":4.0},{"damage":1.0,"enemies":"Lagavulin","floor":8.0,"turns":7.0},{"damage":23.0,"enemies":"Gremlin Nob","floor":10.0,"turns":5.0},{"damage":5.0,"enemies":"3 Sentries","floor":11.0,"turns":2.0},{"damage":0.0,"enemies":"2 Louse","floor":12.0,"turns":2.0},{"damage":20.0,"enemies":"Gremlin Nob","floor":14.0,"turns":4.0},{"damage":39.0,"enemies":"The Guardian","floor":16.0,"turns":12.0},{"damage":7.0,"enemies":"Chosen","floor":18.0,"turns":5.0},{"damage":6.0,"enemies":"2 Thieves","floor":21.0,"turns":3.0},{"damage":2.0,"enemies":"Chosen and Byrds","floor":22.0,"turns":5.0},{"damage":12.0,"enemies":"Slavers","floor":23.0,"turns":3.0},{"damage":4.0,"enemies":"3 Cultists","floor":24.0,"turns":4.0},{"damage":18.0,"enemies":"Book of Stabbing","floor":25.0,"turns":5.0},{"damage":0.0,"enemies":"Slavers","floor":29.0,"turns":1.0},{"damage":34.0,"enemies":"Book of Stabbing","floor":31.0,"turns":5.0},{"damage":18.0,"enemies":"Collector","floor":33.0,"turns":7.0},{"damage":1.0,"enemies":"3 Darklings","floor":35.0,"turns":3.0},{"damage":62.0,"enemies":"2 Orb Walkers","floor":36.0,"turns":5.0},{"damage":0.0,"enemies":"3 Shapes","floor":38.0,"turns":3.0},{"damage":17.0,"enemies":"Transient","floor":39.0,"turns":5.0},{"damage":20.0,"enemies":"Reptomancer","floor":41.0,"turns":5.0},{"damage":15.0,"enemies":"Giant Head","floor":45.0,"turns":7.0},{"damage":7.0,"enemies":"Writhing Mass","floor":48.0,"turns":7.0},{"damage":65.0,"enemies":"Awakened One","floor":50.0,"turns":16.0},{"damage":54.0,"enemies":"Shield and Spear","floor":54.0,"turns":6.0},{"damage":41,"enemies":"The Heart","floor":55,"turns":2}],"seed_played":"5605835441223799548","potions_obtained":[{"floor":1.0,"key":"Fire Potion"},{"floor":6.0,"key":"SpeedPotion"},{"floor":12.0,"key":"ColorlessPotion"},{"floor":21.0,"key":"Ancient Potion"},{"floor":22.0,"key":"FearPotion"},{"floor":25.0,"key":"Energy Potion"},{"floor":31.0,"key":"PowerPotion"},{"floor":33.0,"key":"Fire Potion"},{"floor":36.0,"key":"EntropicBrew"},{"floor":48.0,"key":"FearPotion"}],"is_trial":false,"path_per_floor":["M","M","$","?","?","E","R","E","T","?","E","M","?","E","R","B",null,"M","?","$","M","M","E","M","E","T","?","$","E","R","E","R","B",null,"M","?","$","M","M","R","E","R","T","$","E","R","?","M","R","B",null,"R","$","E","B"],"character_chosen":"SHADE","items_purchased":["PreservedInsect","Shade:PotionOfRestlessness","Shade:Bite_Shade","Sling","Calipers","Torii","Pen Nib","Shade:Carnophage"],"campfire_rested":6,"item_purchase_floors":[20,20,20,28,28,37,44,53],"current_hp_per_floor":[65,65,65,54,54,45,64,64,64,52,47,47,47,29,51,16,75,69,69,69,67,67,57,55,41,41,41,41,41,41,11,33,21,75,75,13,28,30,17,39,19,41,41,56,45,45,45,40,62,7,75,75,75,25,0,0],"gold":80,"neow_bonus":"TRANSFORM_CARD","is_daily":false,"chose_seed":false,"campfire_upgraded":2,"win_rate":0.0,"timestamp":1607806408,"path_taken":["M","M","?","?","?","E","R","E","T","?","E","M","?","E","R","BOSS","M","?","$","M","M","E","M","E","T","?","$","E","R","E","R","BOSS","M","?","$","M","M","R","E","R","T","$","E","R","?","M","R","BOSS","R","$","E","BOSS"],"items_purchased_type":["Relic","Card","Card","Relic","Relic","Relic","Relic","Card"],"build_version":"2020-11-30","purchased_purges":2,"victory":false,"max_hp_per_floor":[65,65,65,65,65,65,65,65,65,75,75,75,75,75,75,75,75,75,75,75,75,75,75,75,75,75,75,75,75,75,75,75,75,75,75,75,75,75,75,75,75,75,75,75,75,75,75,75,75,75,75,75,75,75,75,75],"card_choices":[{"not_picked":["Shade:RitualOffering","Shade:BoneShards"],"picked":"Shade:FleshToFlesh","floor":1.0},{"not_picked":["Shade:FingerOfDeath","Shade:Bonestorm"],"picked":"Shade:Bite_Shade","floor":2.0},{"not_picked":["Shade:FingerOfDeath","Shade:SkeletonHug"],"picked":"Shade:DangerousRitual","floor":6.0},{"not_picked":["Shade:FeralStrike","Shade:Frenzy"],"picked":"Shade:Bonestorm","floor":8.0},{"not_picked":["Shade:RavenousHorde","Shade:CommandSoldier"],"picked":"Shade:Doomsay","floor":10.0},{"not_picked":["Shade:WallOfFlesh","Shade:SpectralStrikes"],"picked":"Shade:CallOfTheGrave","floor":11.0},{"not_picked":["Shade:Bonestorm","Shade:Frenzy"],"picked":"Shade:TouchOfTheGrave","floor":12.0},{"not_picked":["Shade:FuneraryArmor","Shade:FuneraryJewels"],"picked":"Shade:Putrefaction","floor":14.0},{"not_picked":["Shade:Bonestorm","Shade:CommandSoldier"],"picked":"Shade:AblativeArmor+1","floor":18.0},{"not_picked":["Shade:ExtraLimbs","Shade:Bite_Shade"],"picked":"Shade:OpenGraves+1","floor":21.0},{"not_picked":["Shade:FreshBones","Shade:ClawBack","Shade:Premonition"],"picked":"SKIP","floor":22.0},{"not_picked":["Shade:FreshBones","Shade:FuneraryJewels+1"],"picked":"Shade:SensePrey","floor":23.0},{"not_picked":["Shade:FleshOffering","Shade:CallOfTheGrave"],"picked":"Shade:Consume","floor":24.0},{"not_picked":["Shade:Putrefaction","Shade:GraveStillness"],"picked":"Shade:UnbarTheGrave","floor":25.0},{"not_picked":["Shade:GraveStillness","Shade:Premonition"],"picked":"Shade:FleshLikeOak","floor":29.0},{"not_picked":["Shade:SkeletonHug","Shade:GraveStillness"],"picked":"Shade:GreyBargain+1","floor":31.0},{"not_picked":["Shade:SanguineRitual","Shade:CoffinDance"],"picked":"Shade:Excise","floor":32.0},{"not_picked":["Shade:Frenzy","Shade:FleshToFlesh"],"picked":"Shade:FuneraryJewels","floor":35.0},{"not_picked":["Shade:FeralStrike+1","Shade:CoffinDance+1"],"picked":"Shade:ClawBack+1","floor":36.0},{"not_picked":["Shade:Premonition","Shade:FleshToFlesh+1"],"picked":"Shade:CloudOfShrapnel","floor":38.0},{"not_picked":["Shade:FreshBones+1","Shade:WallOfFlesh+1","Shade:GoDigging+1"],"picked":"SKIP","floor":39.0},{"not_picked":["Shade:CoffinDance+1","Shade:Frenzy","Shade:SkeletonHug+1"],"picked":"SKIP","floor":41.0},{"not_picked":["Shade:FuneraryArmor","Shade:CommandSoldier+1"],"picked":"Shade:FuneraryJewels","floor":42.0},{"not_picked":["Shade:StitchTogether","Shade:Awaken"],"picked":"Shade:AblativeArmor+1","floor":45.0},{"not_picked":["Shade:PoundOfFlesh","Shade:TouchOfTheGrave+1"],"picked":"Shade:FuneraryJewels+1","floor":48.0},{"not_picked":["Shade:Brains","Shade:PotionOfRestlessness"],"picked":"Shade:Bonestorm+1","floor":49.0},{"not_picked":["Shade:ScuttlingHand","Shade:SoulPierce"],"picked":"Shade:ExtraLimbs","floor":54.0}],"player_experience":1677108,"relics_obtained":[{"floor":6.0,"key":"Vajra"},{"floor":8.0,"key":"CeramicFish"},{"floor":9.0,"key":"War Paint"},{"floor":10.0,"key":"Pear"},{"floor":11.0,"key":"Mercury Hourglass"},{"floor":14.0,"key":"Bottled Flame"},{"floor":23.0,"key":"Tiny Chest"},{"floor":25.0,"key":"StoneCalendar"},{"floor":26.0,"key":"Bag of Preparation"},{"floor":29.0,"key":"MealTicket"},{"floor":31.0,"key":"Ornamental Fan"},{"floor":36.0,"key":"TungstenRod"},{"floor":41.0,"key":"Akabeko"},{"floor":45.0,"key":"Art of War"},{"floor":54.0,"key":"Happy Flower"}],"event_choices":[{"damage_healed":0.0,"max_hp_gain":0.0,"max_hp_loss":0.0,"gold_gain":75.0,"event_name":"World of Goop","player_choice":"Gather Gold","floor":4.0,"gold_loss":0.0,"damage_taken":11.0},{"damage_healed":0.0,"max_hp_gain":0.0,"max_hp_loss":0.0,"gold_gain":0.0,"cards_transformed":["Shade:Strike_Shade"],"event_name":"Living Wall","player_choice":"Change","floor":5.0,"gold_loss":0.0,"damage_taken":0.0,"cards_obtained":["Shade:GraveStillness"]},{"damage_healed":0.0,"max_hp_gain":0.0,"max_hp_loss":0.0,"gold_gain":0.0,"event_name":"Dead Adventurer","player_choice":"Searched \u00271\u0027 times","floor":10.0,"gold_loss":0.0,"damage_taken":0.0},{"damage_healed":0.0,"max_hp_gain":0.0,"max_hp_loss":0.0,"gold_gain":175.0,"event_name":"Liars Game","player_choice":"AGREE","floor":13.0,"gold_loss":0.0,"damage_taken":0.0,"cards_obtained":["Doubt"]},{"damage_healed":0.0,"max_hp_gain":0.0,"max_hp_loss":0.0,"gold_gain":0.0,"event_name":"Addict","player_choice":"Stole Relic","floor":19.0,"gold_loss":0.0,"damage_taken":0.0,"relics_obtained":["Dream Catcher"],"cards_obtained":["Shame"]},{"damage_healed":0.0,"max_hp_gain":0.0,"max_hp_loss":0.0,"gold_gain":0.0,"event_name":"Ghosts","player_choice":"Ignored","floor":27.0,"gold_loss":0.0,"damage_taken":0.0},{"damage_healed":0.0,"max_hp_gain":0.0,"max_hp_loss":0.0,"gold_gain":0.0,"event_name":"Mysterious Sphere","player_choice":"Fight","floor":36.0,"gold_loss":0.0,"damage_taken":0.0},{"damage_healed":0.0,"max_hp_gain":0.0,"max_hp_loss":0.0,"gold_gain":0.0,"cards_transformed":["Shade:Defend_Shade"],"event_name":"Transmorgrifier","player_choice":"Transformed","floor":47.0,"gold_loss":0.0,"damage_taken":0.0,"cards_obtained":["Shade:BoneShards"]}],"is_beta":false,"boss_relics":[{"not_picked":["Velvet Choker","Coffee Dripper"],"picked":"Astrolabe"},{"not_picked":["Sozu","Cursed Key"],"picked":"Shade:YorickPolishedSkull"}],"items_purged_floors":[20,37],"is_endless":false,"potions_floor_spawned":[1,6,12,21,22,25,31,33,35,36,48],"killed_by":"The Heart","ascension_level":1}}