{"host":"i9wanet4r0ff4t9y","time":1607811976,"event":{"mods":["2.2 Compatiblity","Act Like it!","BaseMod","Better Altar","Better Match","Better Note","Better Sensory Stone","Better Skull","Better Third Choice","Better Vampires","BetterRewards","CapriCore","Downfall","Minty Spire (QoL Compilation)","READ ME - Guardian Mod","READ ME - Snecko Mod","Relic Stats","Replay The Spire","Spicy Shops","StSLib","The Disciple","Waifu the Spire"],"gold_per_floor":[113,73,87,107,107,107,107,126,149,324,338,338,338,355,355,454,454,471,485,73,91,109,134,2,2,74,74,74,106,117,128,128,229,229,249,299,348,348,368,368,386,416,440,459,459,476,476,495,495,495],"floor_reached":51,"playtime":1811,"items_purged":[],"score":986,"play_id":"c0117081-c9ac-4284-84f0-7f0fb21ee470","local_time":"20201212232616","is_ascension_mode":false,"campfire_choices":[{"floor":6,"key":"REST"},{"data":"Apotheosis","floor":12,"key":"SMITH"},{"data":"Replay:SS_forest_6","floor":15,"key":"SMITH"},{"data":"expansioncontent:HyperBeam","floor":25,"key":"SMITH"},{"data":"Noxious Fumes","floor":28,"key":"SMITH"},{"data":"Cloak And Dagger","floor":32,"key":"SMITH"},{"data":"ReplayTheSpireMod:Brewmster","floor":40,"key":"SMITH"},{"floor":45,"key":"REST"},{"data":"Blade Dance","floor":49,"key":"SMITH"}],"circlet_count":0,"master_deck":["Strike_G","Strike_G","Strike_G","Strike_G","Strike_G+1","Defend_G","Defend_G","Defend_G","Defend_G","Defend_G","Survivor","Neutralize+1","Glass Knife","Accuracy","Apotheosis+1","expansioncontent:HyperBeam+1","Replay:SS_forest_6+1","Cloak And Dagger+1","Hidden Blade","Deadly Poison","Amnesia","Finisher","Doubt","Blade Dance+1","Decay","Slice","Corpse Explosion","Backstab","Replay:Poison Smokescreen","ReplayTheSpireMod:Brewmster+1","Noxious Fumes+1","Poisoned Stab","Skewer+1","Fluid Movement+1","sneckomod:Bewildered","Dash","Heel Hook","Replay:Poison Smokescreen","Replay:Poison Smokescreen","Dagger Spray","Dagger Spray","Blade Dance+1","Burst+1","Flying Knee","Finisher","Setup+1","Riddle With Holes+1","ReplayTheSpireMod:Scrap Shanks+1","ReplayTheSpireMod:Scrap Shanks+1","Sucker Punch","Bane"],"relics":["Ring of the Snake","Ninja Scroll","ClockworkSouvenir","ReplayTheSpireMod:ShopPack","ReplayTheSpireMod:TigerMarble","betterThird:SlimedRelic","ReplayTheSpireMod:Ring of Addiction","Toy Ornithopter","Chameleon Ring","Ring of Panic","Pet Ghost","Ring of Chaos","Oddly Smooth Stone","Boot","ReplayTheSpireMod:CursedCoin","Membership Card","Toxic Egg 2","InkBottle","Honey Jar","Gambling Chip","Replay:WaspNest","Replay:Accelerometer","Happy Flower"],"acts_visited":["Exordium","TheCity","TheBeyond"],"potions_floor_usage":[14,16,18,21,22,23,30,33,33,33,36,36,39,41,42,42,46,46,46,48,50,50,50,50,50],"damage_taken":[{"damage":0,"enemies":"Small Slimes","floor":1,"turns":1},{"damage":0,"enemies":"Jaw Worm","floor":3,"turns":1},{"damage":0,"enemies":"Cultist","floor":4,"turns":3},{"damage":0,"enemies":"Looter","floor":8,"turns":2},{"damage":0,"enemies":"Large Slime","floor":11,"turns":1},{"damage":0,"enemies":"3 Louse","floor":14,"turns":2},{"damage":9,"enemies":"Slime Boss","floor":16,"turns":8},{"damage":2,"enemies":"Shell Parasite","floor":18,"turns":2},{"damage":0,"enemies":"2 Thieves","floor":19,"turns":1},{"damage":4,"enemies":"Snecko","floor":21,"turns":7},{"damage":13,"enemies":"Shelled Parasite and Fungi","floor":22,"turns":4},{"damage":5,"enemies":"Slavers","floor":23,"turns":2},{"damage":1,"enemies":"Replay:Snechameleon","floor":29,"turns":4},{"damage":0,"enemies":"3 Cultists","floor":30,"turns":2},{"damage":0,"enemies":"Snake Plant","floor":31,"turns":2},{"damage":4,"enemies":"Champ","floor":33,"turns":6},{"damage":10,"enemies":"Orb Walker","floor":35,"turns":2},{"damage":0,"enemies":"Mind Bloom Boss Battle","floor":36,"turns":5},{"damage":0,"enemies":"3 Darklings","floor":39,"turns":1},{"damage":2,"enemies":"Jaw Worm Horde","floor":41,"turns":3},{"damage":16,"enemies":"Reptomancer","floor":42,"turns":3},{"damage":13,"enemies":"Sphere and 2 Shapes","floor":44,"turns":3},{"damage":0,"enemies":"3 Darklings","floor":46,"turns":2},{"damage":13,"enemies":"Spire Growth","floor":48,"turns":3},{"damage":63,"enemies":"Awakened One","floor":50,"turns":7}],"seed_played":"5980740946135433117","potions_obtained":[{"floor":3,"key":"BlessingOfTheForge"},{"floor":5,"key":"Adrenaline Potion"},{"floor":5,"key":"Elixir"},{"floor":14,"key":"Weak Potion"},{"floor":16,"key":"Block Potion"},{"floor":21,"key":"PowerPotion"},{"floor":22,"key":"sneckomod:MuddlingPotion"},{"floor":29,"key":"LiquidBronze"},{"floor":30,"key":"Weak Potion"},{"floor":36,"key":"LiquidBronze"},{"floor":37,"key":"FearPotion"},{"floor":42,"key":"Ancient Potion"},{"floor":48,"key":"SteroidPotion"}],"is_trial":false,"path_per_floor":["M","?","M","M","?","R","?","M","T","?","M","R","?","M","R","B",null,"M","M","$","M","M","E","$","R","T","?","R","E","M","M","R","B",null,"M","?","?","?","M","R","M","E","T","M","R","M","?","M","R","B",null],"character_chosen":"THE_SILENT","items_purchased":["Ninja Scroll","ClockworkSouvenir","ReplayTheSpireMod:ShopPack","Glass Knife","Accuracy","ReplayTheSpireMod:TigerMarble","ReplayTheSpireMod:Brewmster","Oddly Smooth Stone","Noxious Fumes","ReplayTheSpireMod:CursedCoin","Membership Card","Dash","Heel Hook","Replay:Poison Smokescreen"],"campfire_rested":2,"item_purchase_floors":[0,0,0,0,0,0,20,20,20,24,24,24,24,24],"current_hp_per_floor":[39,28,28,36,36,57,43,55,55,55,55,55,55,60,60,56,66,64,64,64,65,65,61,61,61,61,61,61,60,62,62,62,58,62,52,62,47,47,52,52,55,46,46,33,51,60,60,47,47,21],"gold":495,"neow_bonus":"","is_daily":false,"chose_seed":false,"campfire_upgraded":7,"win_rate":0.0,"timestamp":1607811976,"path_taken":["M","?","M","M","?","R","?","?","T","?","M","R","?","M","R","BOSS","M","M","$","M","?","E","$","R","T","?","R","E","M","M","R","BOSS","M","?","?","?","M","R","M","E","T","M","R","M","?","M","R","BOSS"],"items_purchased_type":["Relic","Relic","Relic","Card","Card","Relic","Card","Relic","Card","Relic","Relic","Card","Card","Card"],"build_version":"2020-11-30","purchased_purges":0,"victory":true,"max_hp_per_floor":[70,70,70,70,70,70,70,70,68,68,68,66,66,66,66,66,66,66,66,66,66,66,66,66,66,66,64,64,64,62,62,62,62,62,62,62,62,62,62,62,62,62,62,62,62,60,60,60,60,60],"relic_stats":{"Happy Flower":[5],"counters":[126,437],"Gambling Chip":[4],"Boot":[121],"obtain_stats":[{"TwistedFunnel":0,"Replay:Accelerometer":42,"Whetstone":24,"Sling":0,"Boot":23,"Replay:Wanted Poster":17,"Sundial":43,"Replay:Bronze Core":17,"MealTicket":7,"Replay:Bottled Flurry":27,"HandDrill":30,"Pear":44,"ReplayTheSpireMod:Ring of Addiction":46,"Pen Nib":37,"Akabeko":13,"Bag of Preparation":6,"Replay:Multitool":27,"Ancient Tea Set":25,"Cursed Key":34,"Smiling Mask":45,"Pet Ghost":9,"BranchBurnRelic":15,"Ring of Fangs":46,"Matryoshka":27,"WristBlade":17,"Ninja Scroll":21,"Chemical X":37,"Ring of Panic":5,"InkBottle":44,"Ring of the Snake":0,"Lee\u0027s Waffle":0,"NeowsBlessing":0,"Circlet":0,"Thread and Needle":26,"betterThird:NestCultRelic":21,"The Courier":45,"Omamori":9,"Frozen Egg 2":26,"MawBank":2,"Ornamental Fan":36,"betterThird:SlimedRelic":2,"Art of War":26,"ReplayTheSpireMod:Onyx Gauntlets":17,"Toy Ornithopter":46,"Tiny House":34,"CeramicFish":8,"Vajra":22,"Centennial Puzzle":43,"Lizard Tail":47,"Strawberry":37,"Honey Jar":34,"Philosopher\u0027s Stone":17,"Prayer Wheel":0,"Toxic Egg 2":26,"Happy Flower":43,"ReplayTheSpireMod:CursedCoin":24,"Dead Branch":0,"Replay:Grab Bag":17,"Oddly Smooth Stone":20,"Ring of Chaos":34,"Replay:Kaleidoscope":0,"WarpedTongs":29,"Replay:Baseball":11,"Bottled Flame":30,"ReplayTheSpireMod:Shallot":11,"Shuriken":9,"Onion Ring":40,"Black Star":17,"ReplayTheSpireMod:TigerMarble":0,"Pocketwatch":44,"Darkstone Periapt":0,"SacredBark":46,"Snake Skull":25,"Juzu Bracelet":0,"Incense Burner":28,"ClockworkSouvenir":25,"Nunchaku":9,"Replay:Bandana":43,"Chameleon Ring":0,"Mummified Hand":37,"Pantograph":37,"Gambling Chip":36,"Tiny Chest":0,"Red Mask":19,"Gremlin Food":30,"BargainBundle":53,"ReplayTheSpireMod:Ninjato":7,"Guide Book":37,"Quantum Egg":30,"Replay:WaspNest":37,"Orichalcum":5,"Odd Mushroom":10,"Anchor":23,"CaptainsWheel":37,"Pondfish Scales":54,"Membership Card":0,"ReplayTheSpireMod:ShopPack":0},{"TwistedFunnel":76,"Replay:Accelerometer":122,"Whetstone":61,"Sling":26,"Boot":113,"Replay:Wanted Poster":84,"Sundial":70,"Replay:Bronze Core":34,"MealTicket":53,"Replay:Bottled Flurry":39,"HandDrill":41,"Pear":71,"ReplayTheSpireMod:Ring of Addiction":48,"Pen Nib":66,"Akabeko":7,"Bag of Preparation":3,"Replay:Multitool":39,"Ancient Tea Set":15,"Cursed Key":18,"Smiling Mask":97,"Pet Ghost":105,"BranchBurnRelic":33,"Ring of Fangs":48,"Matryoshka":89,"WristBlade":58,"Ninja Scroll":59,"Chemical X":66,"Ring of Panic":104,"InkBottle":71,"Ring of the Snake":0,"Lee\u0027s Waffle":49,"NeowsBlessing":0,"Circlet":0,"Thread and Needle":37,"betterThird:NestCultRelic":36,"The Courier":48,"Omamori":4,"Frozen Egg 2":88,"MawBank":1,"Ornamental Fan":93,"betterThird:SlimedRelic":102,"Art of War":15,"ReplayTheSpireMod:Onyx Gauntlets":58,"Toy Ornithopter":48,"Tiny House":43,"CeramicFish":80,"Vajra":12,"Centennial Puzzle":22,"Lizard Tail":24,"Strawberry":45,"Honey Jar":117,"Philosopher\u0027s Stone":9,"Prayer Wheel":49,"Toxic Egg 2":113,"Happy Flower":122,"ReplayTheSpireMod:CursedCoin":113,"Dead Branch":26,"Replay:Grab Bag":58,"Oddly Smooth Stone":110,"Ring of Chaos":92,"Replay:Kaleidoscope":26,"WarpedTongs":62,"Replay:Baseball":31,"Bottled Flame":90,"ReplayTheSpireMod:Shallot":31,"Shuriken":80,"Onion Ring":69,"Black Star":58,"ReplayTheSpireMod:TigerMarble":101,"Pocketwatch":23,"Darkstone Periapt":49,"SacredBark":48,"Snake Skull":37,"Juzu Bracelet":26,"Incense Burner":40,"ClockworkSouvenir":37,"Nunchaku":30,"Replay:Bandana":97,"Chameleon Ring":76,"Mummified Hand":66,"Pantograph":66,"Gambling Chip":119,"Tiny Chest":76,"Red Mask":11,"Gremlin Food":41,"BargainBundle":75,"ReplayTheSpireMod:Ninjato":80,"Guide Book":45,"Quantum Egg":63,"Replay:WaspNest":119,"Orichalcum":28,"Odd Mushroom":31,"Anchor":13,"CaptainsWheel":20,"Pondfish Scales":76,"Membership Card":26,"ReplayTheSpireMod:ShopPack":101},{"TwistedFunnel":283,"Replay:Accelerometer":422,"Whetstone":237,"Sling":101,"Boot":394,"Replay:Wanted Poster":313,"Sundial":265,"Replay:Bronze Core":127,"MealTicket":209,"Replay:Bottled Flurry":144,"HandDrill":153,"Pear":268,"ReplayTheSpireMod:Ring of Addiction":186,"Pen Nib":253,"Akabeko":19,"Bag of Preparation":3,"Replay:Multitool":144,"Ancient Tea Set":54,"Cursed Key":66,"Smiling Mask":346,"Pet Ghost":367,"BranchBurnRelic":118,"Ring of Fangs":186,"Matryoshka":324,"WristBlade":230,"Ninja Scroll":232,"Chemical X":253,"Ring of Panic":365,"InkBottle":268,"Ring of the Snake":0,"Lee\u0027s Waffle":194,"NeowsBlessing":0,"Circlet":0,"Thread and Needle":137,"betterThird:NestCultRelic":133,"The Courier":186,"Omamori":7,"Frozen Egg 2":320,"MawBank":1,"Ornamental Fan":335,"betterThird:SlimedRelic":361,"Art of War":54,"ReplayTheSpireMod:Onyx Gauntlets":230,"Toy Ornithopter":186,"Tiny House":164,"CeramicFish":298,"Vajra":42,"Centennial Puzzle":78,"Lizard Tail":88,"Strawberry":173,"Honey Jar":408,"Philosopher\u0027s Stone":30,"Prayer Wheel":194,"Toxic Egg 2":394,"Happy Flower":422,"ReplayTheSpireMod:CursedCoin":394,"Dead Branch":101,"Replay:Grab Bag":230,"Oddly Smooth Stone":381,"Ring of Chaos":332,"Replay:Kaleidoscope":101,"WarpedTongs":240,"Replay:Baseball":114,"Bottled Flame":326,"ReplayTheSpireMod:Shallot":114,"Shuriken":298,"Onion Ring":262,"Black Star":230,"ReplayTheSpireMod:TigerMarble":360,"Pocketwatch":83,"Darkstone Periapt":194,"SacredBark":186,"Snake Skull":137,"Juzu Bracelet":101,"Incense Burner":148,"ClockworkSouvenir":137,"Nunchaku":111,"Replay:Bandana":346,"Chameleon Ring":283,"Mummified Hand":253,"Pantograph":253,"Gambling Chip":415,"Tiny Chest":283,"Red Mask":38,"Gremlin Food":153,"BargainBundle":280,"ReplayTheSpireMod:Ninjato":298,"Guide Book":173,"Quantum Egg":243,"Replay:WaspNest":415,"Orichalcum":106,"Odd Mushroom":114,"Anchor":46,"CaptainsWheel":72,"Pondfish Scales":283,"Membership Card":101,"ReplayTheSpireMod:ShopPack":360}],"Toy Ornithopter":75,"InkBottle":[24],"Ring of the Snake":[250]},"card_choices":[{"not_picked":["Thinking Ahead","ReplayTheSpireMod:Brewmster"],"picked":"Apotheosis","floor":0},{"not_picked":["expansioncontent:Collect","expansioncontent:GuardianWhirl"],"picked":"expansioncontent:HyperBeam","floor":0},{"not_picked":["Good Instincts","expansioncontent:SlimeTackle"],"picked":"Replay:SS_forest_6","floor":0},{"not_picked":["PiercingWail","Outmaneuver"],"picked":"Cloak And Dagger","floor":1},{"not_picked":["Deadly Poison","Dodge and Roll"],"picked":"Hidden Blade","floor":3},{"not_picked":["Tools of the Trade","ReplayTheSpireMod:The Works"],"picked":"Deadly Poison","floor":4},{"not_picked":["ReplayTheSpireMod:The Works","Hidden Blade"],"picked":"Finisher","floor":8},{"not_picked":["Tools of the Trade","ReplayTheSpireMod:Shiv Toss"],"picked":"Blade Dance","floor":11},{"not_picked":["PiercingWail","Masterful Stab"],"picked":"Slice","floor":14},{"not_picked":["ReplayTheSpireMod:Necrosis","Glass Knife"],"picked":"Corpse Explosion","floor":16},{"not_picked":["Calculated Gamble","Bane+1"],"picked":"Backstab","floor":18},{"not_picked":["Underhanded Strike+1","Prepared+1"],"picked":"Replay:Poison Smokescreen","floor":19},{"not_picked":["Deadly Poison","Hidden Blade"],"picked":"Poisoned Stab","floor":21},{"not_picked":["PiercingWail","Dagger Spray"],"picked":"Skewer+1","floor":22},{"not_picked":["Underhanded Strike","Storm of Steel"],"picked":"Fluid Movement+1","floor":23},{"not_picked":["Sucker Punch","Acrobatics+1"],"picked":"Dagger Spray","floor":29},{"not_picked":["Sneak Up+1","PiercingWail+1"],"picked":"Dagger Spray","floor":30},{"not_picked":["Endless Agony","ReplayTheSpireMod:Tripwire+1"],"picked":"Blade Dance+1","floor":31},{"not_picked":["ReplayTheSpireMod:From All Sides","Venomology+1"],"picked":"Burst+1","floor":33},{"not_picked":["Prepared+1","Concentrate+1","Sucker Punch"],"picked":"Flying Knee","floor":35},{"not_picked":["Outmaneuver+1","ReplayTheSpireMod:Speed Training+1","ReplayTheSpireMod:Tripwire+1"],"picked":"Finisher","floor":36},{"not_picked":["Hidden Blade+1","Fluid Movement","Calculated Gamble+1"],"picked":"Setup+1","floor":37},{"not_picked":["PiercingWail+1","Choke+1","Deadly Poison+1"],"picked":"Outmaneuver+1","floor":39},{"not_picked":["Footwork+1","Draining Mist+1","Grand Finale"],"picked":"Riddle With Holes+1","floor":41},{"not_picked":["Quick Slash+1","Dagger Throw+1","Calculated Gamble+1"],"picked":"ReplayTheSpireMod:Scrap Shanks+1","floor":42},{"not_picked":["Escape Plan+1","Deadly Poison+1","Acrobatics+1"],"picked":"ReplayTheSpireMod:Scrap Shanks+1","floor":44},{"not_picked":["Acrobatics+1","Dagger Spray","Choke"],"picked":"Sucker Punch","floor":46},{"not_picked":["Poisoned Stab","Dagger Throw+1","PiercingWail+1"],"picked":"Bane","floor":48}],"player_experience":335667,"relics_obtained":[{"floor":5,"key":"ReplayTheSpireMod:Ring of Addiction"},{"floor":5,"key":"Toy Ornithopter"},{"floor":5,"key":"Chameleon Ring"},{"floor":5,"key":"Ring of Panic"},{"floor":9,"key":"Pet Ghost"},{"floor":23,"key":"Boot"},{"floor":26,"key":"Toxic Egg 2"},{"floor":29,"key":"InkBottle"},{"floor":36,"key":"Gambling Chip"},{"floor":37,"key":"Replay:WaspNest"},{"floor":42,"key":"Replay:Accelerometer"},{"floor":43,"key":"Happy Flower"}],"event_choices":[{"damage_healed":0,"gold_gain":0,"player_choice":"Slimed","damage_taken":11,"max_hp_gain":0,"max_hp_loss":0,"event_name":"betterThird:BetterGoop","floor":2,"gold_loss":40},{"damage_healed":57,"gold_gain":0,"player_choice":"Upgrade","damage_taken":14,"max_hp_gain":0,"max_hp_loss":70,"event_name":"betterThird:BetterShining","floor":7,"gold_loss":0,"cards_upgraded":["Strike_G","Neutralize"]},{"damage_healed":0,"gold_gain":175,"player_choice":"AGREE","damage_taken":149,"max_hp_gain":0,"max_hp_loss":0,"event_name":"betterThird:BetterSerpent","floor":10,"gold_loss":0},{"damage_healed":0,"gold_gain":0,"player_choice":"Cursed","damage_taken":0,"max_hp_gain":0,"max_hp_loss":0,"event_name":"Wheel of Change","floor":13,"gold_loss":0,"cards_obtained":["Decay"]},{"damage_healed":0,"gold_gain":0,"player_choice":"Bought 0 Potions","damage_taken":0,"max_hp_gain":0,"max_hp_loss":0,"event_name":"The Woman in Blue","floor":27,"gold_loss":0},{"damage_healed":0,"gold_gain":0,"player_choice":"Fight","damage_taken":0,"max_hp_gain":0,"max_hp_loss":0,"event_name":"MindBloom","floor":36,"gold_loss":0},{"damage_healed":0,"gold_gain":0,"player_choice":"Ignored","damage_taken":0,"max_hp_gain":0,"max_hp_loss":0,"event_name":"Tomb of Lord Red Mask","floor":38,"gold_loss":0},{"cards_removed":["Outmaneuver"],"damage_healed":0,"gold_gain":0,"player_choice":"Removed Skill","damage_taken":0,"max_hp_gain":0,"max_hp_loss":0,"event_name":"Falling","floor":47,"gold_loss":0}],"is_beta":false,"boss_relics":[{"not_picked":["Black Star","Coffee Dripper"],"picked":"Ring of Chaos"},{"not_picked":["Tiny House","Runic Pyramid"],"picked":"Honey Jar"}],"items_purged_floors":[],"is_endless":false,"potions_floor_spawned":[3,11,14,16,21,22,29,30,36,42,48],"ascension_level":0}}