{"host":"f6tqpspb2ou2a4h5","time":1607757559,"event":{"mods":["2.2 Compatiblity","Ascension Unlocker","BaseMod","Colored Map","DeckTracker","Hermit","Highlight Path","KOR Keyword Fix","Keyboard Shortcuts","Minty Spire (QoL Compilation)","Permanent Neow","Quick Restart","Random Character Button","StSLib","SuperFastMode","The Poker Player","everything is the same but u backflip on backflip"],"gold_per_floor":[116,127,202,215,235,254,267,267,345,345,372,372,404,404,404,404,404],"floor_reached":16,"playtime":494,"items_purged":[],"score":218,"play_id":"9968f4fb-0a6d-4b32-9525-f31c7d33a27d","local_time":"20201212161919","is_ascension_mode":true,"campfire_choices":[{"data":"1","floor":8,"key":"LIFT"},{"floor":10,"key":"REST"},{"floor":12,"key":"REST"},{"data":"2","floor":15,"key":"LIFT"}],"circlet_count":0,"master_deck":["AscendersBane","Strike_G","Strike_G","Strike_G","Strike_G","Strike_G","Defend_G","Defend_G","Defend_G","Defend_G","Defend_G","Survivor","Neutralize","Quick Slash","Backstab","Wraith Form v2","Dodge and Roll","Underhanded Strike","Crippling Poison","Dagger Throw","Leg Sweep"],"relics":["Ring of the Snake","Girya","Ninja Scroll","Paper Crane","WingedGreaves","Question Card"],"acts_visited":["Exordium"],"potions_floor_usage":[11,13],"damage_taken":[{"damage":6,"enemies":"Cultist","floor":1,"turns":5},{"damage":6,"enemies":"Jaw Worm","floor":2,"turns":5},{"damage":2,"enemies":"2 Louse","floor":4,"turns":3},{"damage":9,"enemies":"Gremlin Gang","floor":5,"turns":6},{"damage":3,"enemies":"Looter","floor":6,"turns":3},{"damage":11,"enemies":"Large Slime","floor":7,"turns":6},{"damage":19,"enemies":"Lagavulin","floor":11,"turns":6},{"damage":7,"enemies":"3 Sentries","floor":13,"turns":8},{"damage":23,"enemies":"Hexaghost","floor":16,"turns":9}],"seed_played":"2996959062707175296","potions_obtained":[{"floor":5,"key":"PowerPotion"},{"floor":7,"key":"GamblersBrew"}],"is_trial":false,"path_per_floor":["M","M","?","M","M","M","M","R","T","R","E","R","E","T","R","B"],"character_chosen":"THE_SILENT","items_purchased":[],"campfire_rested":2,"item_purchase_floors":[],"current_hp_per_floor":[53,47,36,34,25,22,11,11,11,29,10,28,21,21,21,0,0],"gold":404,"neow_bonus":"ONE_RARE_RELIC","is_daily":false,"chose_seed":false,"campfire_upgraded":0,"win_rate":0.0,"timestamp":1607757559,"path_taken":["M","M","?","M","M","M","M","R","T","R","E","R","E","?","R","BOSS"],"items_purchased_type":[],"build_version":"2020-11-30","purchased_purges":0,"victory":false,"max_hp_per_floor":[60,60,60,60,60,60,60,60,60,60,60,60,60,60,60,60,60],"card_choices":[{"not_picked":["Slice","Bouncing Flask"],"picked":"Quick Slash","floor":1},{"not_picked":["Blade Dance","Bane"],"picked":"Backstab","floor":2},{"not_picked":["Deflect","Dagger Throw"],"picked":"Wraith Form v2","floor":4},{"not_picked":["Accuracy","Acrobatics"],"picked":"Dodge and Roll","floor":5},{"not_picked":["Slice","Flying Knee"],"picked":"Underhanded Strike","floor":6},{"not_picked":["Heel Hook","Venomology"],"picked":"Crippling Poison","floor":7},{"not_picked":["Venomology","Expertise"],"picked":"Dagger Throw","floor":11},{"not_picked":["Cloak And Dagger","Prepared"],"picked":"Leg Sweep","floor":13}],"player_experience":14346,"relics_obtained":[{"floor":9,"key":"Ninja Scroll"},{"floor":11,"key":"Paper Crane"},{"floor":13,"key":"WingedGreaves"},{"floor":14,"key":"Question Card"}],"event_choices":[{"damage_healed":0,"gold_gain":75,"player_choice":"Gather Gold","damage_taken":11,"max_hp_gain":0,"max_hp_loss":0,"event_name":"World of Goop","floor":3,"gold_loss":0}],"is_beta":false,"boss_relics":[],"items_purged_floors":[],"is_endless":false,"potions_floor_spawned":[5,7],"killed_by":"Hexaghost","ascension_level":19}}