{"host":"f5gffvlv6a66yqkd","time":1607787139,"event":{"mods":["2.2 Compatiblity","BaseMod","Colored Map","DeckTracker","Keyboard Shortcuts","Minty Spire (QoL Compilation)","Permanent Neow","Quick Restart","Relic Stats","StSLib","SuperFastMode"],"gold_per_floor":[363,376,6,23,23,23,56,56,82,109,109,127,144,144,144,144,144],"floor_reached":16,"playtime":322,"items_purged":["Defend_G"],"score":220,"play_id":"d27775a4-1b91-423c-a722-4723862b395c","local_time":"20201213003219","is_ascension_mode":true,"campfire_choices":[{"data":"Footwork","floor":6.0,"key":"SMITH"},{"floor":8.0,"key":"REST"},{"data":"Deadly Poison","floor":15,"key":"SMITH"}],"circlet_count":0,"master_deck":["AscendersBane","Strike_G","Strike_G","Strike_G","Strike_G+1","Defend_G","Defend_G","Defend_G","Defend_G","Survivor","Neutralize+1","Footwork+1","Dagger Spray+1","Dodge and Roll","Burst","Dagger Spray","Predator","Deadly Poison+1"],"relics":["Ring of the Snake","Membership Card","Anchor","Boot","Dream Catcher","Whetstone","Pen Nib"],"acts_visited":["Exordium"],"potions_floor_usage":[],"damage_taken":[{"damage":1.0,"enemies":"Small Slimes","floor":1.0,"turns":5.0},{"damage":0.0,"enemies":"2 Louse","floor":2.0,"turns":3.0},{"damage":0.0,"enemies":"Cultist","floor":4.0,"turns":4.0},{"damage":38.0,"enemies":"Gremlin Nob","floor":7.0,"turns":6.0},{"damage":2.0,"enemies":"3 Sentries","floor":10.0,"turns":5.0},{"damage":0.0,"enemies":"2 Fungi Beasts","floor":12.0,"turns":3.0},{"damage":0,"enemies":"Exordium Wildlife","floor":13,"turns":3},{"damage":14,"enemies":"Hexaghost","floor":16,"turns":7}],"seed_played":"4061363456287519824","potions_obtained":[{"floor":1.0,"key":"Energy Potion"},{"floor":2.0,"key":"BlessingOfTheForge"},{"floor":10.0,"key":"LiquidBronze"}],"is_trial":false,"path_per_floor":["M","M","$","M","?","R","E","R","T","E","?","M","M","?","R","B"],"character_chosen":"THE_SILENT","items_purchased":["Membership Card","Anchor","Boot"],"campfire_rested":1,"item_purchase_floors":[3,3,3],"current_hp_per_floor":[58,58,58,58,58,58,20,38,38,36,36,36,36,29,29,15,15],"gold":144,"neow_bonus":"TWO_FIFTY_GOLD","is_daily":false,"chose_seed":false,"campfire_upgraded":2,"win_rate":0.0,"timestamp":1607787139,"path_taken":["M","M","$","M","?","R","E","R","T","E","?","M","?","?","R","BOSS"],"items_purchased_type":["Relic","Relic","Relic"],"build_version":"2020-11-30","purchased_purges":1,"victory":false,"max_hp_per_floor":[60,60,60,60,60,60,60,60,60,60,60,60,60,60,60,60,60],"relic_stats":{"Dream Catcher":1,"counters":[8,36],"Pen Nib":[2],"Whetstone":["Dagger Spray","Strike_G"],"Boot":[40],"obtain_stats":[{"Anchor":3,"Dream Catcher":7,"Pen Nib":10,"Membership Card":3,"Whetstone":9,"Boot":3,"Ring of the Snake":0},{"Anchor":2,"Dream Catcher":4,"Pen Nib":5,"Membership Card":2,"Whetstone":4,"Boot":2,"Ring of the Snake":0},{"Anchor":8,"Dream Catcher":18,"Pen Nib":23,"Membership Card":8,"Whetstone":18,"Boot":8,"Ring of the Snake":0}],"Ring of the Snake":[16]},"card_choices":[{"not_picked":["Concentrate","Slice"],"picked":"Footwork","floor":1.0},{"not_picked":["PiercingWail","Slice"],"picked":"Dagger Spray","floor":2.0},{"not_picked":["Flying Knee","Catalyst"],"picked":"Dodge and Roll","floor":4.0},{"not_picked":["All Out Attack","Terror"],"picked":"Burst","floor":7.0},{"not_picked":["Well Laid Plans","Flying Knee"],"picked":"Dagger Spray","floor":8.0},{"not_picked":["Deadly Poison","Underhanded Strike"],"picked":"Predator","floor":10.0},{"not_picked":["Dodge and Roll","Dagger Spray"],"picked":"Deadly Poison","floor":12},{"not_picked":["Leg Sweep","Quick Slash","Dagger Spray"],"picked":"SKIP","floor":13}],"player_experience":1447783,"relics_obtained":[{"floor":7.0,"key":"Dream Catcher"},{"floor":9.0,"key":"Whetstone"},{"floor":10.0,"key":"Pen Nib"}],"event_choices":[{"damage_healed":0.0,"max_hp_gain":0.0,"max_hp_loss":0.0,"gold_gain":0.0,"event_name":"Liars Game","player_choice":"Ignored","floor":5.0,"gold_loss":0.0,"damage_taken":0.0},{"damage_healed":0.0,"max_hp_gain":0.0,"max_hp_loss":0.0,"gold_gain":0.0,"event_name":"Upgrade Shrine","player_choice":"Upgraded","floor":11.0,"gold_loss":0.0,"damage_taken":0.0,"cards_upgraded":["Neutralize"]},{"cards_removed":["Strike_G"],"damage_healed":0,"gold_gain":0,"player_choice":"Card Removal","damage_taken":7,"max_hp_gain":0,"max_hp_loss":0,"event_name":"Golden Wing","floor":14,"gold_loss":0}],"is_beta":false,"boss_relics":[],"items_purged_floors":[3],"is_endless":false,"potions_floor_spawned":[1,2,7,10],"killed_by":"Hexaghost","ascension_level":20}}