{"host":"y30n8hbqlqxhztg8","time":1607759551,"event":{"mods":["A Magickal Journey","AchievementEnabler","BaseMod","BetterRewards","Block Reminder","Colored Map","Conspire","Downfall","GifTheSpireLib","Glutton Mod","Hubris","Infinite Spire","Koishi","Marisa????????","Minty Spire (QoL Compilation)","Prisma Mod","Replay The Spire","Shop Mod","Somnambulant","StSLib","Stuff the Spire","The Factory","The Jungle","[IsaacMod]????"],"gold_per_floor":[116,150,25,44,83,83,128,128,174,181,227,227,255,255,255,404,404,476,528,574,635,635,635,635,698,698],"floor_reached":25,"playtime":1039,"items_purged":[],"score":230,"play_id":"a70c37f0-8627-4bc9-a38b-4e4df6a633bc","local_time":"20201211235231","is_ascension_mode":false,"campfire_choices":[{"data":"Life Link","floor":6,"key":"SMITH"},{"floor":15,"key":"REST"},{"floor":23,"key":"REST"}],"circlet_count":0,"master_deck":["Strike_R","Strike_R","Strike_R","Strike_R","Strike_R","Defend_R","Defend_R","Defend_R","Defend_R","Bash","Guardian:TwinSlam","Guardian:Defend_Guardian","Pummel","Rampage+1","Violence+1","expansioncontent:StudyTheSpire","Enlightenment","Cleave","conspire:HitWhereItHurts","Carnage","Injury","Barricade","Twin Strike+1","Anger+1","Flex+1","Hemogenesis+1","StuffTheSpire:Innocence"],"relics":["Burning Blood","HushsDoor","SalivaCoin","ReplayTheSpireMod:ShopPack","Blood Vial","Golden Idol","Molten Egg 2","Sozu","Medical Kit"],"acts_visited":["Exordium","TheCity"],"potions_floor_usage":[13,19,20],"damage_taken":[{"damage":0,"enemies":"2 Louse","floor":1,"turns":3},{"damage":10,"enemies":"Cultist","floor":2,"turns":4},{"damage":5,"enemies":"Small Slimes","floor":4,"turns":4},{"damage":29,"enemies":"Exordium Wildlife","floor":5,"turns":5},{"damage":28,"enemies":"Gremlin Nob","floor":7,"turns":3},{"damage":24,"enemies":"Gremlin Gang","floor":11,"turns":4},{"damage":7,"enemies":"Blue Slaver","floor":13,"turns":3},{"damage":40,"enemies":"Fading Forest","floor":16,"turns":11},{"damage":25,"enemies":"3 Byrds","floor":18,"turns":5},{"damage":32,"enemies":"Shell Parasite","floor":19,"turns":9},{"damage":21,"enemies":"Centurion and Healer","floor":20,"turns":7},{"damage":43,"enemies":"3 Cultists","floor":21,"turns":5},{"damage":66,"enemies":"Slavers","floor":25,"turns":5}],"seed_played":"-2478633316145754671","potions_obtained":[{"floor":1,"key":"Block Potion"},{"floor":4,"key":"BloodPotion"},{"floor":18,"key":"LiquidBronze"}],"is_trial":false,"path_per_floor":["M","M","$","M","M","R","E","?","T","?","M","?","M","T","R","B",null,"M","M","M","M","AVR","R","?","E"],"character_chosen":"IRONCLAD","items_purchased":["ReplayTheSpireMod:ShopPack"],"campfire_rested":2,"item_purchase_floors":[3],"current_hp_per_floor":[96,92,92,93,70,70,48,96,96,77,61,61,62,62,90,68,96,77,72,59,24,24,52,52,0,0],"gold":698,"neow_bonus":"TWENTY_PERCENT_HP_BONUS","is_daily":false,"chose_seed":false,"campfire_upgraded":1,"win_rate":0.0,"timestamp":1607759551,"path_taken":["M","M","$","M","M","R","E","?","T","?","?","?","?","?","R","BOSS","M","M","M","M","AVR","R","?","E"],"items_purchased_type":["Relic"],"build_version":"2020-11-30","purchased_purges":0,"victory":false,"max_hp_per_floor":[96,96,96,96,96,96,96,96,96,96,96,96,96,96,96,96,96,96,96,96,96,96,96,96,96,96],"card_choices":[{"not_picked":["Replay:Undeath\u0027s Touch","Armaments"],"picked":"Pummel","floor":1},{"not_picked":["Heavy Blade","StuffTheSpire:Incineration"],"picked":"Rampage","floor":2},{"not_picked":["ChaosCard","Battery"],"picked":"Violence","floor":3},{"not_picked":["Mind Blast","Dark Shackles"],"picked":"expansioncontent:StudyTheSpire","floor":3},{"not_picked":["expansioncontent:ChargeUp","Replay:SS_forest_2"],"picked":"Enlightenment","floor":3},{"not_picked":["Run Through","StuffTheSpire:Slingshot"],"picked":"Life Link","floor":4},{"not_picked":["conspire:ExplosiveBarrier","Shrug It Off"],"picked":"Cleave","floor":5},{"not_picked":["Heavy Blade","Clothesline"],"picked":"conspire:HitWhereItHurts","floor":7},{"not_picked":["Defy Death","Heavy Blade"],"picked":"Carnage","floor":11},{"not_picked":["Blood for Blood","StuffTheSpire:Incineration","Replay:Undeath\u0027s Touch"],"picked":"SKIP","floor":13},{"not_picked":["Replay:Many Hands","Reaper+1"],"picked":"Barricade","floor":16},{"not_picked":["True Grit","Massacre+1"],"picked":"Twin Strike+1","floor":18},{"not_picked":["ReplayTheSpireMod:Strike From Hell+1","StuffTheSpire:Slingshot+1"],"picked":"Anger+1","floor":19},{"not_picked":["ReplayTheSpireMod:Corrosion Curse","ReplayTheSpireMod:Limb From Limb+1"],"picked":"Flex+1","floor":20},{"not_picked":["hubris:ReadiedAction","Anger+1"],"picked":"Hemogenesis+1","floor":21},{"not_picked":["StuffTheSpire:Perfection","StuffTheSpire:BrainWave"],"picked":"StuffTheSpire:Innocence","floor":24}],"player_experience":37002,"relics_obtained":[{"floor":7,"key":"Blood Vial"},{"floor":9,"key":"Red Skull"},{"floor":14,"key":"Molten Egg 2"}],"event_choices":[{"cards_removed":["Life Link"],"damage_healed":48,"gold_gain":0,"player_choice":"Offered Uncommon","damage_taken":0,"max_hp_gain":0,"max_hp_loss":0,"event_name":"Bonfire Elementals","floor":8,"gold_loss":0},{"damage_healed":0,"gold_gain":0,"player_choice":"Entered Light","damage_taken":19,"max_hp_gain":0,"max_hp_loss":0,"event_name":"Shining Light","floor":10,"gold_loss":0,"cards_upgraded":["Violence","Rampage"]},{"damage_healed":0,"gold_gain":0,"player_choice":"Take Wound","damage_taken":0,"relics_obtained":["Golden Idol"],"max_hp_gain":0,"max_hp_loss":0,"event_name":"Golden Idol","floor":12,"gold_loss":0,"cards_obtained":["Injury"]}],"is_beta":false,"boss_relics":[{"not_picked":["Replay:Drink Me","Velvet Choker","ReplayTheSpireMod:DimensionalGlitch"]}],"items_purged_floors":[],"is_endless":false,"potions_floor_spawned":[1,4,18],"killed_by":"Slavers","ascension_level":0}}