{"host":"p5axfb00mxhraew6","time":1607759538,"event":{"mods":["Abigail Mod","Act Like it!","BaseMod","CapriCore","Friendly Minions","GifTheSpireLib","Jedi Mod","KomeijiMod","MarisaÅiñ∂âJÅ@ñÇóùçπÅj","Minty Spire (QoL Compilation)","Prisma Mod","ReimuÅiîé??öÎÅj","RemiliaÅiÂQïƒ‰ª?Åj","SOSÅiézîb?îVéqÅj","StSLib","Td1madao Mod","The Alterego","The Animator","The Immortal","The Problem Sleuth","TheSwordswoman","TheWitcher","YoumuÅiç∞ÈÆódöÎÅj","Åy?ï˚ìÒéü?çÏÅzî™â]éámod"],"gold_per_floor":[117,117,117,127,27,27,61,61,85,96,96,0,28,40,40,137,137,155,173,190,27,39,39,55,55,55,84,84,119,119,131,131,226,226,237,4,21,32,32,32,66,66,147,21,21,38,48,82,82,72],"floor_reached":51,"playtime":2826,"items_purged":["Strike_Lin:ReiMu","Strike_Lin:ReiMu","Defend_Lin:ReiMu","Injury"],"score":1117,"play_id":"68af8a1c-6813-4c14-aa98-bde74b708757","local_time":"20201212165218","is_ascension_mode":true,"campfire_choices":[{"data":"Conquer:ReiMu","floor":6,"key":"SMITH"},{"data":"EmergencyTakeOff:ReiMu","floor":11,"key":"SMITH"},{"data":"OrbThrow:ReiMu","floor":15,"key":"SMITH"},{"data":"DependentForm:ReiMu","floor":23,"key":"SMITH"},{"data":"MikOfLucky:ReiMu","floor":25,"key":"SMITH"},{"data":"YinYangSange:ReiMu","floor":28,"key":"SMITH"},{"data":"Amulet:ReiMu","floor":30,"key":"SMITH"},{"floor":32,"key":"REST"},{"floor":40,"key":"REST"},{"data":"UniversalSpiritual:ReiMu","floor":42,"key":"SMITH"},{"data":"Amulet:ReiMu","floor":45,"key":"SMITH"},{"floor":49,"key":"REST"}],"circlet_count":0,"master_deck":["Strike_Lin:ReiMu","Defend_Lin:ReiMu","Defend_Lin:ReiMu","Defend_Lin:ReiMu","NB:ReiMu","Stagnation:ReiMu","SpreadBorder2:ReiMu+1","Conquer:ReiMu+1","EmergencyTakeOff:ReiMu+1","SafetyPray:ReiMu","Amulet:ReiMu+1","OrbThrow:ReiMu+1","AirManeuver:ReiMu","Amulet:ReiMu+1","DependentForm:ReiMu+1","SubAcupoint:ReiMu+1","CareerPray:ReiMu","MikOfLucky:ReiMu+1","YinYangSange:ReiMu+1","YinYangSange:ReiMu+1","Gathering:ReiMu","Authority:ReiMu","UniversalSpiritual:ReiMu+1","NineCharacters:ReiMu+1","SafetyPray:ReiMu+1","SpiritualOutbreak2:ReiMu","SpreadBorder2:ReiMu","BarrageOfMoneybags:ReiMu+1"],"relics":["FlyPower:ReiMu","Smiling Mask","ThirstyCross","Blood Vial","Boot","jedi:arcanewood","HoshigumaDish","Busted Crown","Sundial","Mummified Hand","Potion Belt","Cursed Key","Anchor","theSleuth:Tectrixcalibur","jedi:Pinwheel","Tea:ReiMu","Pantograph"],"acts_visited":["Exordium","TheCity","TheBeyond"],"potions_floor_usage":[7,13,16,22,27,29,33,48,50],"damage_taken":[{"damage":4,"enemies":"Jaw Worm","floor":1,"turns":7},{"damage":1,"enemies":"Small Slimes","floor":4,"turns":5},{"damage":30,"enemies":"Gremlin Nob","floor":7,"turns":5},{"damage":0,"enemies":"2 Louse","floor":10,"turns":1},{"damage":1,"enemies":"3 Sentries","floor":13,"turns":5},{"damage":3,"enemies":"Blue Slaver","floor":14,"turns":4},{"damage":10,"enemies":"Hexaghost","floor":16,"turns":10},{"damage":6,"enemies":"Spheric Guardian","floor":18,"turns":8},{"damage":3,"enemies":"Chosen","floor":19,"turns":8},{"damage":5,"enemies":"Shelled Parasite and Fungi","floor":20,"turns":9},{"damage":7,"enemies":"Snecko","floor":22,"turns":7},{"damage":6,"enemies":"Snake Plant","floor":24,"turns":6},{"damage":7,"enemies":"Book of Stabbing","floor":27,"turns":7},{"damage":14,"enemies":"Slavers","floor":29,"turns":4},{"damage":15,"enemies":"3 Cultists","floor":31,"turns":5},{"damage":10,"enemies":"Champ","floor":33,"turns":11},{"damage":15,"enemies":"3 Darklings","floor":35,"turns":5},{"damage":5,"enemies":"Orb Walker","floor":37,"turns":5},{"damage":3,"enemies":"Maw","floor":38,"turns":7},{"damage":7,"enemies":"Nemesis","floor":41,"turns":7},{"damage":27,"enemies":"Jaw Worm Horde","floor":46,"turns":5},{"damage":17,"enemies":"Sphere and 2 Shapes","floor":47,"turns":6},{"damage":3,"enemies":"Reptomancer","floor":48,"turns":6},{"damage":3,"enemies":"Donu and Deca","floor":50,"turns":9}],"seed_played":"8107084964838659642","potions_obtained":[{"floor":1,"key":"jedi:StrikingPotion"},{"floor":10,"key":"PinkPotion:ReiMu"},{"floor":14,"key":"Strength Potion"},{"floor":18,"key":"LiquidFlight:ReiMu"},{"floor":27,"key":"LiquidFlight:ReiMu"},{"floor":31,"key":"PowerPotion"},{"floor":35,"key":"ZuzhouPotion:ReiMu"},{"floor":41,"key":"DuplicationPotion"},{"floor":47,"key":"CultistPotion"},{"floor":48,"key":"Fire Potion"}],"is_trial":false,"path_per_floor":["M","?","?","M","$","R","E","T","T","M","R","$","E","M","R","B",null,"M","M","M","$","M","R","M","R","T","E","R","E","R","M","R","B",null,"M","$","M","M","?","R","E","R","T","$","R","M","M","E","R","B",null],"character_chosen":"REIMU","items_purchased":["EmergencyTakeOff:ReiMu","OrbThrow:ReiMu","MikOfLucky:ReiMu","Regen Potion","Anchor","UniversalSpiritual:ReiMu","SpiritualOutbreak2:ReiMu"],"campfire_rested":3,"item_purchase_floors":[5,12,21,21,36,36,44],"current_hp_per_floor":[55,50,50,49,49,49,19,19,19,21,21,21,22,21,21,13,52,48,47,44,44,53,53,49,49,49,44,44,32,32,19,38,30,56,43,43,40,39,39,58,53,53,53,53,65,38,23,22,41,62],"gold":72,"neow_bonus":"RANDOM_COMMON_RELIC","is_daily":false,"chose_seed":false,"campfire_upgraded":9,"win_rate":0.0,"timestamp":1607759538,"path_taken":["M","?","?","M","$","R","E","?","T","M","R","$","E","?","R","BOSS","M","?","M","$","M","R","M","R","T","E","R","E","R","?","R","BOSS","M","$","M","M","?","R","E","R","T","$","R","M","M","E","R","BOSS"],"items_purchased_type":["Card","Card","Card","Potion","Relic","Card","Card"],"build_version":"2020-11-30","purchased_purges":4,"victory":true,"max_hp_per_floor":[65,65,65,65,65,65,65,65,65,65,65,65,65,65,65,65,65,65,65,65,65,65,65,65,65,65,65,65,65,65,65,65,65,65,65,65,65,65,65,65,65,65,65,65,65,65,65,65,65,65],"card_choices":[{"not_picked":["YinYangSange:ReiMu","PassingAway:ReiMu"],"picked":"SpreadBorder2:ReiMu","floor":1},{"not_picked":["KamiSacrifice:ReiMu","CeremonyResonance:ReiMu"],"picked":"Conquer:ReiMu","floor":4},{"not_picked":["KamiSacrifice:ReiMu","AlertArray:ReiMu"],"picked":"SafetyPray:ReiMu","floor":7},{"not_picked":["OrbThrow:ReiMu","Meditation:ReiMu"],"picked":"Amulet:ReiMu","floor":10},{"not_picked":["Enchanting:ReiMu","RainPray2:ReiMu"],"picked":"AirManeuver:ReiMu","floor":13},{"not_picked":["UpKicking:ReiMu","Enchanting:ReiMu"],"picked":"Amulet:ReiMu","floor":14},{"not_picked":["Shading:ReiMu","YinYang:ReiMu"],"picked":"DependentForm:ReiMu","floor":16},{"not_picked":[],"picked":"SubAcupoint:ReiMu+1","floor":18},{"not_picked":["PayForSelf:ReiMu"],"picked":"SKIP","floor":19},{"not_picked":[],"picked":"CareerPray:ReiMu","floor":20},{"not_picked":["TakeOff:ReiMu"],"picked":"SKIP","floor":22},{"not_picked":[],"picked":"YinYangSange:ReiMu","floor":24},{"not_picked":[],"picked":"YinYangSange:ReiMu+1","floor":27},{"not_picked":["Meditation:ReiMu"],"picked":"SKIP","floor":29},{"not_picked":[],"picked":"Gathering:ReiMu","floor":31},{"not_picked":[],"picked":"Authority:ReiMu","floor":33},{"not_picked":["Enchanting:ReiMu"],"picked":"SKIP","floor":35},{"not_picked":["TightArray:ReiMu"],"picked":"SKIP","floor":37},{"not_picked":[],"picked":"NineCharacters:ReiMu+1","floor":38},{"not_picked":[],"picked":"SafetyPray:ReiMu+1","floor":41},{"not_picked":["ForcedLanding:ReiMu"],"picked":"SKIP","floor":46},{"not_picked":[],"picked":"SpreadBorder2:ReiMu","floor":47},{"not_picked":[],"picked":"BarrageOfMoneybags:ReiMu+1","floor":48}],"player_experience":1240384,"relics_obtained":[{"floor":7,"key":"Blood Vial"},{"floor":8,"key":"Boot"},{"floor":9,"key":"jedi:arcanewood"},{"floor":13,"key":"HoshigumaDish"},{"floor":26,"key":"Sundial"},{"floor":27,"key":"Mummified Hand"},{"floor":29,"key":"Potion Belt"},{"floor":41,"key":"jedi:Pinwheel"},{"floor":43,"key":"Tea:ReiMu"},{"floor":48,"key":"Pantograph"}],"event_choices":[],"is_beta":false,"boss_relics":[{"not_picked":["jedi:paperlyon","Fusion Hammer"],"picked":"Busted Crown"},{"not_picked":["Astrolabe","DonationBox:ReiMu"],"picked":"Cursed Key"}],"items_purged_floors":[5,12,21,44],"is_endless":false,"potions_floor_spawned":[1,10,14,18,27,31,35,41,47,48],"ascension_level":8}}