{"host":"mvlqq966zh3ccmv5","time":1607740010,"event":{"mods":["AchievementEnabler","BaseMod","DeckTracker","Minty Spire (QoL Compilation)","SuperFastMode"],"gold_per_floor":[118,118,118,193,213,257,257,281,281,41,65,143,176,201,201,321,321,334,334,334,358,283,283,327,327,327,86,86,86,86,104,104,224,224,244,262,109,109,127,127,161,109,109,124,124,124,148,162,162,162],"floor_reached":51,"playtime":804,"items_purged":[],"score":803,"play_id":"38e2c679-1b32-4d4e-b137-1b0c442014bb","local_time":"20201212112650","is_ascension_mode":false,"campfire_choices":[{"data":"Bash","floor":7,"key":"SMITH"},{"data":"Iron Wave","floor":15,"key":"SMITH"},{"data":"Flex","floor":23,"key":"SMITH"},{"data":"Cleave","floor":25,"key":"SMITH"},{"data":"Cleave","floor":30,"key":"SMITH"},{"data":"Clash","floor":32,"key":"SMITH"},{"floor":40,"key":"RECALL"},{"floor":45,"key":"DIG"},{"floor":49,"key":"DIG"}],"circlet_count":0,"master_deck":["Strike_R+1","Strike_R+1","Strike_R+1","Strike_R+1","Defend_R+1","Defend_R+1","Defend_R+1","Bash+1","Flex+1","Cleave+1","Cleave+1","Iron Wave+1","Clash+1","Shrug It Off+1","Pommel Strike+1","Thunderclap+1","Flex+1","Pommel Strike+1","Clothesline","Shrug It Off","Body Slam+1","Twin Strike+1"],"relics":["Burning Blood","Ice Cream","Golden Idol","Mango","StoneCalendar","StrikeDummy","Bottled Lightning","Matryoshka","Sozu","FossilizedHelix","Self Forming Clay","Pen Nib","Paper Frog","Bronze Scales","Runic Pyramid","Bag of Preparation","War Paint","Thread and Needle","Shovel","Pear","Bottled Flame"],"acts_visited":["Exordium","TheCity","TheBeyond"],"potions_floor_usage":[24,50],"damage_taken":[{"damage":6,"enemies":"Cultist","floor":1,"turns":3},{"damage":1,"enemies":"2 Louse","floor":5,"turns":3},{"damage":26,"enemies":"Lagavulin","floor":6,"turns":6},{"damage":0,"enemies":"Small Slimes","floor":8,"turns":2},{"damage":7,"enemies":"Blue Slaver","floor":11,"turns":2},{"damage":12,"enemies":"3 Sentries","floor":13,"turns":6},{"damage":7,"enemies":"Looter","floor":14,"turns":3},{"damage":18,"enemies":"Slime Boss","floor":16,"turns":7},{"damage":17,"enemies":"2 Thieves","floor":18,"turns":4},{"damage":0,"enemies":"Spheric Guardian","floor":21,"turns":3},{"damage":14,"enemies":"Book of Stabbing","floor":24,"turns":5},{"damage":0,"enemies":"Snecko","floor":31,"turns":3},{"damage":31,"enemies":"Champ","floor":33,"turns":7},{"damage":0,"enemies":"Orb Walker","floor":35,"turns":2},{"damage":0,"enemies":"3 Darklings","floor":36,"turns":3},{"damage":0,"enemies":"Maw","floor":39,"turns":4},{"damage":0,"enemies":"Nemesis","floor":41,"turns":5},{"damage":10,"enemies":"4 Shapes","floor":44,"turns":2},{"damage":0,"enemies":"Transient","floor":47,"turns":5},{"damage":0,"enemies":"3 Darklings","floor":48,"turns":2},{"damage":39,"enemies":"Time Eater","floor":50,"turns":8}],"seed_played":"-2984060109867504565","potions_obtained":[{"floor":1,"key":"Block Potion"},{"floor":11,"key":"ColorlessPotion"},{"floor":16,"key":"EssenceOfSteel"}],"is_trial":false,"path_per_floor":["M","?","?","?","M","E","R","M","T","$","M","T","E","M","R","B",null,"M","?","?","M","?","R","E","R","T","$","?","$","R","M","R","B",null,"M","M","$","T","M","R","E","$","T","M","R","?","M","M","R","B",null],"character_chosen":"IRONCLAD","items_purchased":["StrikeDummy","Paper Frog","Bag of Preparation","Clothesline"],"campfire_rested":0,"item_purchase_floors":[10,27,37,42],"current_hp_per_floor":[72,54,59,48,53,47,47,53,53,53,52,52,46,45,45,33,91,80,80,80,86,86,86,78,78,78,78,78,78,78,84,84,59,91,91,91,91,91,91,91,91,91,91,87,97,97,101,101,101,68],"gold":162,"neow_bonus":"ONE_RARE_RELIC","is_daily":false,"chose_seed":false,"campfire_upgraded":6,"win_rate":0.0,"timestamp":1607740010,"path_taken":["M","?","?","?","M","E","R","M","T","?","M","?","E","M","R","BOSS","M","?","?","?","?","R","E","R","T","$","?","$","R","?","R","BOSS","M","M","$","?","M","R","E","$","T","M","R","?","M","M","R","BOSS"],"items_purchased_type":["Relic","Relic","Relic","Card"],"build_version":"2020-11-30","purchased_purges":0,"victory":true,"max_hp_per_floor":[72,72,77,77,77,91,91,91,91,91,91,91,91,91,91,91,91,91,91,91,91,91,91,91,91,91,91,91,91,91,91,91,91,91,91,91,91,91,91,91,91,91,91,91,101,101,101,101,101,101],"card_choices":[{"not_picked":["Feel No Pain","Fire Breathing"],"picked":"Flex","floor":1},{"not_picked":["Havoc","True Grit"],"picked":"Cleave","floor":5},{"not_picked":["Dark Embrace","Battle Trance"],"picked":"Cleave","floor":6},{"not_picked":["True Grit","Metallicize"],"picked":"Iron Wave","floor":8},{"not_picked":["Rupture","Carnage"],"picked":"Clash","floor":11},{"not_picked":["Shockwave","Ghostly Armor"],"picked":"Shrug It Off","floor":13},{"not_picked":["Sever Soul","Fiend Fire","Dual Wield"],"picked":"SKIP","floor":14},{"not_picked":["True Grit","Rage"],"picked":"Pommel Strike","floor":18},{"not_picked":["Spot Weakness","Pummel","Heavy Blade"],"picked":"SKIP","floor":21},{"not_picked":["True Grit","Immolate"],"picked":"Thunderclap+1","floor":24},{"not_picked":["Spot Weakness","Dual Wield","Iron Wave"],"picked":"SKIP","floor":31},{"not_picked":["Ghostly Armor","Wild Strike+1","Thunderclap"],"picked":"SKIP","floor":35},{"not_picked":["Clothesline+1","Thunderclap"],"picked":"Flex","floor":36},{"not_picked":["Shrug It Off","Cleave"],"picked":"Pommel Strike+1","floor":39},{"not_picked":["Wild Strike","Havoc","Intimidate"],"picked":"SKIP","floor":41},{"not_picked":["Seeing Red","Offering"],"picked":"Shrug It Off","floor":44},{"not_picked":["Twin Strike","Perfected Strike"],"picked":"Body Slam+1","floor":47},{"not_picked":["Infernal Blade+1","Clash+1"],"picked":"Twin Strike+1","floor":48}],"player_experience":196893,"relics_obtained":[{"floor":6,"key":"Mango"},{"floor":9,"key":"StoneCalendar"},{"floor":12,"key":"Bottled Lightning"},{"floor":13,"key":"Matryoshka"},{"floor":24,"key":"FossilizedHelix"},{"floor":26,"key":"Self Forming Clay"},{"floor":26,"key":"Pen Nib"},{"floor":38,"key":"War Paint"},{"floor":41,"key":"Thread and Needle"},{"floor":43,"key":"Shovel"},{"floor":45,"key":"Pear"},{"floor":49,"key":"Bottled Flame"}],"event_choices":[{"damage_healed":0,"gold_gain":0,"player_choice":"Take Damage","damage_taken":18,"relics_obtained":["Golden Idol"],"max_hp_gain":0,"max_hp_loss":0,"event_name":"Golden Idol","floor":2,"gold_loss":0},{"damage_healed":0,"gold_gain":0,"player_choice":"Donut","damage_taken":0,"max_hp_gain":5,"max_hp_loss":0,"event_name":"Big Fish","floor":3,"gold_loss":0},{"damage_healed":0,"gold_gain":75,"player_choice":"Gather Gold","damage_taken":11,"max_hp_gain":0,"max_hp_loss":0,"event_name":"World of Goop","floor":4,"gold_loss":0},{"damage_healed":0,"gold_gain":0,"player_choice":"Simplicity","damage_taken":0,"max_hp_gain":0,"max_hp_loss":0,"event_name":"Back to Basics","floor":19,"gold_loss":0,"cards_upgraded":["Strike_R","Strike_R","Strike_R","Strike_R","Strike_R","Defend_R","Defend_R","Defend_R","Defend_R"]},{"damage_healed":0,"gold_gain":0,"player_choice":"Upgraded","damage_taken":0,"max_hp_gain":0,"max_hp_loss":0,"event_name":"Upgrade Shrine","floor":20,"gold_loss":0,"cards_upgraded":["Pommel Strike"]},{"cards_removed":["Strike_R"],"damage_healed":0,"gold_gain":0,"player_choice":"Gave Gold","damage_taken":0,"max_hp_gain":0,"max_hp_loss":0,"event_name":"Beggar","floor":22,"gold_loss":75},{"damage_healed":0,"gold_gain":0,"player_choice":"Gave Potion","damage_taken":0,"relics_obtained":["Bronze Scales"],"max_hp_gain":0,"max_hp_loss":0,"event_name":"WeMeetAgain","floor":28,"gold_loss":0},{"cards_removed":["Defend_R"],"damage_healed":0,"gold_gain":0,"player_choice":"Removed Skill","damage_taken":0,"max_hp_gain":0,"max_hp_loss":0,"event_name":"Falling","floor":46,"gold_loss":0}],"is_beta":false,"boss_relics":[{"not_picked":["Mark of Pain","Cursed Key"],"picked":"Sozu"},{"not_picked":["Empty Cage","Astrolabe"],"picked":"Runic Pyramid"}],"items_purged_floors":[],"is_endless":false,"potions_floor_spawned":[1,11,16,24,31,35,39,48],"ascension_level":0}}