{"host":"a5lz0e76zb3fcwkm","time":1607762304,"event":{"mods":["AchievementEnabler","BaseMod","Colored Map","Colored Powertips","Minty Spire (QoL Compilation)","StSLib","SuperFastMode"],"gold_per_floor":[116,116,129,54,67,67,80,80,103,131,131,152,191,191,191,286,286,307,307,577,423,423,423,423],"floor_reached":23,"playtime":498,"items_purged":["Regret","Strike_R"],"score":374,"play_id":"411f4686-072b-4eca-b12b-d06097ecad60","local_time":"20201212173824","is_ascension_mode":true,"campfire_choices":[{"data":"1","floor":6.0,"key":"LIFT"},{"data":"2","floor":11.0,"key":"LIFT"},{"data":"3","floor":15,"key":"LIFT"}],"circlet_count":0,"master_deck":["AscendersBane","Strike_R","Strike_R","Defend_R","Defend_R","Defend_R","Defend_R","Bash","Hemokinesis","Sword Boomerang","Pummel","Reaper","Flame Barrier","Battle Trance","Pummel","Fiend Fire"],"relics":["Burning Blood","Girya","Golden Idol","Red Skull","Odd Mushroom","Omamori","Calling Bell","Juzu Bracelet","HornCleat","StoneCalendar"],"acts_visited":["Exordium","TheCity"],"potions_floor_usage":[18,23],"damage_taken":[{"damage":14.0,"enemies":"Small Slimes","floor":1.0,"turns":5.0},{"damage":15.0,"enemies":"2 Louse","floor":3.0,"turns":3.0},{"damage":8.0,"enemies":"Cultist","floor":5.0,"turns":3.0},{"damage":18.0,"enemies":"Lots of Slimes","floor":7.0,"turns":4.0},{"damage":19.0,"enemies":"The Mushroom Lair","floor":10.0,"turns":4.0},{"damage":3.0,"enemies":"2 Fungi Beasts","floor":12.0,"turns":2.0},{"damage":10.0,"enemies":"Gremlin Nob","floor":13.0,"turns":3.0},{"damage":34,"enemies":"The Guardian","floor":16,"turns":8},{"damage":1,"enemies":"3 Byrds","floor":18,"turns":2},{"damage":76,"enemies":"Gremlin Leader","floor":23,"turns":4}],"seed_played":"8939363258168233076","potions_obtained":[{"floor":7.0,"key":"PowerPotion"},{"floor":10.0,"key":"Swift Potion"}],"is_trial":false,"path_per_floor":["M","?","M","$","M","R","M","?","T","?","R","M","E","?","R","B",null,"M","?","?","$","?","E"],"character_chosen":"IRONCLAD","items_purchased":["SteroidPotion"],"campfire_rested":0,"item_purchase_floors":[21],"current_hp_per_floor":[60,60,51,51,49,49,37,37,37,48,48,63,59,59,59,31,59,68,68,41,41,41,0,0],"gold":423,"neow_bonus":"ONE_RARE_RELIC","is_daily":false,"chose_seed":false,"campfire_upgraded":0,"win_rate":0.0,"timestamp":1607762304,"path_taken":["M","?","M","$","M","R","M","?","T","?","R","M","E","?","R","BOSS","M","?","?","$","?","E"],"items_purchased_type":["Potion"],"build_version":"2020-11-30","purchased_purges":2,"victory":false,"max_hp_per_floor":[75,75,75,75,75,75,75,68,68,68,68,68,68,68,68,68,68,68,68,68,68,68,68,68],"card_choices":[{"not_picked":["Warcry","Iron Wave"],"picked":"Hemokinesis","floor":1.0},{"not_picked":["Dark Embrace","Uppercut"],"picked":"Sword Boomerang","floor":3.0},{"not_picked":["Body Slam","Twin Strike"],"picked":"Pummel","floor":5.0},{"not_picked":["Headbutt","Cleave","Reaper"],"picked":"SKIP","floor":7.0},{"not_picked":["Headbutt","Cleave"],"picked":"Reaper","floor":7.0},{"not_picked":["Pummel","Inflame"],"picked":"Flame Barrier","floor":10.0},{"not_picked":["Warcry","Intimidate"],"picked":"Battle Trance","floor":12.0},{"not_picked":["Entrench","Spot Weakness","Feel No Pain"],"picked":"SKIP","floor":13.0},{"not_picked":["Exhume","Juggernaut"],"picked":"Fiend Fire","floor":16},{"not_picked":["Cleave","Blood for Blood","Armaments"],"picked":"SKIP","floor":18}],"player_experience":1605566,"relics_obtained":[{"floor":9.0,"key":"Red Skull"},{"floor":10.0,"key":"Odd Mushroom"},{"floor":13.0,"key":"Omamori"},{"floor":17,"key":"Juzu Bracelet"},{"floor":17,"key":"HornCleat"},{"floor":17,"key":"StoneCalendar"}],"event_choices":[{"damage_healed":0.0,"max_hp_gain":0.0,"max_hp_loss":0.0,"gold_gain":0.0,"event_name":"Liars Game","player_choice":"Ignored","floor":2.0,"gold_loss":0.0,"damage_taken":0.0},{"damage_healed":0.0,"max_hp_gain":0.0,"max_hp_loss":7.0,"gold_gain":0.0,"event_name":"Golden Idol","player_choice":"Lose Max HP","floor":8.0,"gold_loss":0.0,"damage_taken":0.0,"relics_obtained":["Golden Idol"]},{"damage_healed":0.0,"max_hp_gain":0.0,"max_hp_loss":0.0,"gold_gain":0.0,"event_name":"Mushrooms","player_choice":"Fought Mushrooms","floor":10.0,"gold_loss":0.0,"damage_taken":0.0},{"damage_healed":0,"gold_gain":0,"cards_transformed":["Strike_R"],"player_choice":"Change","damage_taken":0,"max_hp_gain":0,"max_hp_loss":0,"event_name":"Living Wall","floor":14,"gold_loss":0,"cards_obtained":["Pummel"]},{"cards_removed":["Strike_R"],"damage_healed":0,"gold_gain":0,"player_choice":"Offered Basic","damage_taken":0,"max_hp_gain":0,"max_hp_loss":0,"event_name":"Bonfire Elementals","floor":19,"gold_loss":0},{"damage_healed":0,"gold_gain":270,"player_choice":"GOLD GOLD GOLD ","damage_taken":27,"max_hp_gain":0,"max_hp_loss":0,"event_name":"Knowing Skull","floor":20,"potions_obtained":[],"gold_loss":0,"cards_obtained":[]},{"damage_healed":0,"gold_gain":0,"player_choice":"Ignored","damage_taken":0,"max_hp_gain":0,"max_hp_loss":0,"event_name":"Vampires","floor":22,"gold_loss":0}],"is_beta":false,"boss_relics":[{"not_picked":["SlaversCollar","Black Blood"],"picked":"Calling Bell"}],"items_purged_floors":[4,21],"is_endless":false,"potions_floor_spawned":[7,10,13,16],"killed_by":"Gremlin Leader","ascension_level":20}}