{"host":"ocll6kdfqxraqtza","time":1607757135,"event":{"mods":["2.2 Compatiblity","Act Like it!","Aspiration","BaseMod","Better Third Choice","Gensokyo","Hallownest","Hermit","Hubris","Jorbs\u0027s Wanderer Trilogy","Luminous","Marisa（霧雨　魔理沙）","Minty Spire (QoL Compilation)","Reimu（博??梦）","Replay The Spire","Shade Mod","StSLib","The Alterego","The Bug Knight","The Cursed","The Hierophant","The Runesmith","TheBandit","Wandering Minibosses","vexMod"],"gold_per_floor":[113,128,128,228,244,279,279,279,279,296,321,335,370,381,381,381,381],"floor_reached":16,"playtime":658,"items_purged":[],"score":153,"play_id":"c28b7a0e-4277-4f6b-8bdd-2bbfe4260490","local_time":"20201212151215","is_ascension_mode":true,"campfire_choices":[{"data":"hermit:FlashPowder","floor":7,"key":"SMITH"},{"data":"hermit:Manifest","floor":15,"key":"SMITH"}],"circlet_count":0,"master_deck":["hermit:Strike_Hermit","hermit:Strike_Hermit","hermit:Strike_Hermit","hermit:Strike_Hermit","hermit:Defend_Hermit","hermit:Defend_Hermit","hermit:Defend_Hermit","hermit:Defend_Hermit","hermit:Snapshot","hermit:Covet","hermit:FlashPowder+1","hermit:Showdown+1","hermit:Roulette","hermit:Enervate","hermit:Vantage+1","hermit:Manifest+1","hermit:Spite","hermit:Malice","hermit:CalledShot"],"relics":["hermit:Momento","aspiration:Nostalgia","hierophant:PropheticMaskRelic","Blood Vial","Gensokyo:Justice","Replay:Bottled Eggs","Vajra"],"acts_visited":["Gensokyo:Gensokyo"],"potions_floor_usage":[16],"damage_taken":[{"damage":0.0,"enemies":"Gensokyo:2_Kodama","floor":1.0,"turns":3.0},{"damage":10.0,"enemies":"Gensokyo:Gryphon","floor":2.0,"turns":3.0},{"damage":0.0,"enemies":"Gensokyo:Python","floor":5.0,"turns":3.0},{"damage":18.0,"enemies":"Gensokyo:Mamizou","floor":6.0,"turns":6.0},{"damage":0,"enemies":"Gensokyo:5_Fairies","floor":10,"turns":4},{"damage":6,"enemies":"Gensokyo:Aya","floor":11,"turns":5},{"damage":12,"enemies":"Gensokyo:CorruptedTreant","floor":12,"turns":2},{"damage":0,"enemies":"Gensokyo:Cirno","floor":13,"turns":4},{"damage":0,"enemies":"Gensokyo:Kitsune","floor":14,"turns":2},{"damage":45,"enemies":"Gensokyo:Reimu","floor":16,"turns":8}],"seed_played":"7948897878881006587","potions_obtained":[{"floor":2.0,"key":"Adrenaline Potion"},{"floor":6.0,"key":"Ancient Potion"},{"floor":11,"key":"Energy Potion"},{"floor":14,"key":"FearPotion"}],"is_trial":false,"path_per_floor":["M","M","?","?","M","E","R","?","T","M","E","M","E","M","R","B"],"character_chosen":"HERMIT","items_purchased":[],"campfire_rested":0,"item_purchase_floors":[],"current_hp_per_floor":[75,65,65,65,65,47,47,47,47,49,45,35,37,39,39,0,0],"gold":381,"neow_bonus":"NOSTALGIA","is_daily":false,"chose_seed":false,"campfire_upgraded":2,"win_rate":0.0,"timestamp":1607757135,"path_taken":["M","M","?","?","M","E","R","?","T","M","E","?","E","M","R","BOSS"],"items_purchased_type":[],"build_version":"2020-11-30","purchased_purges":0,"victory":false,"max_hp_per_floor":[75,75,75,75,75,75,75,75,75,75,75,75,75,75,75,75,75],"card_choices":[{"not_picked":["hermit:Misfire","hermit:HighCaliber"],"picked":"hermit:Snipe","floor":1.0},{"not_picked":["hermit:FromBeyond","hermit:CalledShot"],"picked":"hermit:FlashPowder","floor":2.0},{"not_picked":["hermit:LuckOfTheDraw","hermit:Gestalt"],"picked":"hermit:Roulette","floor":5.0},{"not_picked":["hermit:Desperado","hermit:CursedWeapon"],"picked":"hermit:Enervate","floor":6.0},{"not_picked":["hermit:Quickdraw","hermit:TakeAim"],"picked":"hermit:Vantage","floor":10},{"not_picked":["hermit:Desperado","hermit:LowProfile"],"picked":"hermit:Manifest","floor":11},{"not_picked":["hermit:GhostlyPresence","hermit:NoHoldsBarred"],"picked":"hermit:Spite","floor":12},{"not_picked":["hermit:LoneWolf","hermit:HoleUp"],"picked":"hermit:Malice","floor":13},{"not_picked":["hermit:BodyArmor","hermit:Coalescence"],"picked":"hermit:CalledShot","floor":14}],"player_experience":445242,"relics_obtained":[{"floor":6.0,"key":"Blood Vial"},{"floor":11,"key":"Replay:Bottled Eggs"},{"floor":13,"key":"Vajra"}],"event_choices":[],"is_beta":false,"boss_relics":[],"items_purged_floors":[],"is_endless":false,"potions_floor_spawned":[2,6,11,14],"killed_by":"Gensokyo:Reimu","ascension_level":1}}