{"host":"ve9aztkoyqeblvav","time":1607774115,"event":{"mods":["Act Like it!","BaseMod","Colored Map","Colored Powertips","Highlight Path","Minty Spire (QoL Compilation)","Quick Restart","StSLib","The Hierophant","Waifu the Spire"],"gold_per_floor":[109,109,125,142,67,67,80,114,168,168,243,243,78,96,96,173,173,189,209,209,51,68,68,78,78,78,78,78,93,93,110,110,181,181,196,28,48,48,48,80,80,0,0,11,11,23,23,34,34,34,34,34,34,10,43,43],"floor_reached":57,"playtime":2804,"items_purged":["Strike_B"],"score":2714,"play_id":"b9cf47e7-7aa1-448f-bbe9-eda307e0825f","local_time":"20201212195515","is_ascension_mode":true,"campfire_choices":[{"data":"Dualcast","floor":6.0,"key":"SMITH"},{"floor":12.0,"key":"REST"},{"floor":15.0,"key":"REST"},{"floor":23.0,"key":"REST"},{"data":"Recycle","floor":25.0,"key":"SMITH"},{"data":"Defragment","floor":27.0,"key":"SMITH"},{"data":"Heatsinks","floor":32.0,"key":"SMITH"},{"data":"Fission","floor":41.0,"key":"SMITH"},{"data":"Coolheaded","floor":45.0,"key":"SMITH"},{"data":"Heatsinks","floor":47.0,"key":"SMITH"},{"floor":49.0,"key":"RECALL"},{"data":"Turbo","floor":53,"key":"SMITH"}],"circlet_count":0,"master_deck":["AscendersBane","Defend_B","Defend_B","Defend_B","Defend_B","Zap","Dualcast+1","Undo","Sweeping Beam","Ball Lightning","Meteor Strike","Recycle+1","Buffer","Defragment+1","Core Surge","White Noise+1","Coolheaded+1","Meteor Strike+1","Heatsinks+1","Coolheaded+1","Turbo+1","Fission+1","Biased Cognition","Heatsinks+1","Cold Snap","White Noise","Ghostly","Ghostly","Ghostly","Static Discharge+1","Echo Form","Coolheaded","BootSequence","Aggregate+1","Hologram","Defragment"],"relics":["Runic Dome","Pear","Lantern","Astrolabe","Enchiridion","Orrery","Mercury Hourglass","Sozu","Runic Capacitor","Bronze Scales","Red Mask","StrikeDummy","Turnip"],"acts_visited":["Exordium","TheCity","TheBeyond","TheEnding"],"potions_floor_usage":[],"damage_taken":[{"damage":0.0,"enemies":"Small Slimes","floor":1.0,"turns":4.0},{"damage":2.0,"enemies":"Jaw Worm","floor":3.0,"turns":5.0},{"damage":0.0,"enemies":"2 Louse","floor":4.0,"turns":5.0},{"damage":3.0,"enemies":"Blue Slaver","floor":7.0,"turns":3.0},{"damage":46.0,"enemies":"Gremlin Nob","floor":8.0,"turns":4.0},{"damage":11.0,"enemies":"Lots of Slimes","floor":14.0,"turns":3.0},{"damage":0.0,"enemies":"Slime Boss","floor":16.0,"turns":7.0},{"damage":16.0,"enemies":"3 Byrds","floor":18.0,"turns":5.0},{"damage":21.0,"enemies":"Chosen","floor":19.0,"turns":6.0},{"damage":1.0,"enemies":"Centurion and Healer","floor":22.0,"turns":6.0},{"damage":5.0,"enemies":"Snecko","floor":24.0,"turns":3.0},{"damage":5.0,"enemies":"Chosen and Byrds","floor":29.0,"turns":4.0},{"damage":0.0,"enemies":"Snake Plant","floor":31.0,"turns":4.0},{"damage":13.0,"enemies":"Champ","floor":33.0,"turns":9.0},{"damage":0.0,"enemies":"Orb Walker","floor":35.0,"turns":5.0},{"damage":7.0,"enemies":"3 Shapes","floor":37.0,"turns":4.0},{"damage":7.0,"enemies":"Reptomancer","floor":40.0,"turns":4.0},{"damage":0.0,"enemies":"3 Darklings","floor":44.0,"turns":5.0},{"damage":0.0,"enemies":"Sphere and 2 Shapes","floor":46.0,"turns":4.0},{"damage":0.0,"enemies":"4 Shapes","floor":48.0,"turns":5.0},{"damage":4.0,"enemies":"Time Eater","floor":50.0,"turns":13.0},{"damage":4,"enemies":"Awakened One","floor":51,"turns":10},{"damage":0,"enemies":"Shield and Spear","floor":55,"turns":6},{"damage":25,"enemies":"The Heart","floor":56,"turns":10}],"seed_played":"8532983324470998973","potions_obtained":[{"floor":1.0,"key":"DistilledChaos"},{"floor":3.0,"key":"Strength Potion"},{"floor":14.0,"key":"PowerPotion"},{"floor":19.0,"key":"EssenceOfSteel"},{"floor":22.0,"key":"Explosive Potion"},{"floor":29.0,"key":"Fire Potion"},{"floor":33.0,"key":"Energy Potion"}],"is_trial":false,"path_per_floor":["M","?","M","M","$","R","M","E","T","?","?","R","$","M","R","B",null,"M","M","?","$","M","R","M","R","T","R","?","M","?","M","R","B",null,"M","$","M","$","?","E","R","?","T","M","R","M","R","M","R","B","B",null,"R","$","E","B",null],"character_chosen":"DEFECT","items_purchased":["Recycle","Buffer","Orrery","Runic Capacitor","Hologram"],"campfire_rested":3,"item_purchase_floors":[13,13,21,36,54],"current_hp_per_floor":[64,63,61,61,61,61,58,12,12,12,1,25,25,14,38,38,70,54,33,12,12,11,35,30,30,30,30,30,25,25,25,25,12,33,33,33,26,26,26,19,19,19,19,19,19,19,19,19,19,15,11,31,31,31,31,6],"gold":43,"neow_bonus":"BOSS_RELIC","is_daily":false,"chose_seed":false,"campfire_upgraded":8,"win_rate":0.0,"timestamp":1607774115,"path_taken":["M","?","M","M","$","R","M","E","T","?","?","R","?","?","R","BOSS","M","M","?","$","M","R","M","R","T","R","?","M","?","?","R","BOSS","M","$","?","$","?","E","R","?","T","M","R","M","R","M","R","BOSS","BOSS","R","$","E","BOSS"],"items_purchased_type":["Card","Card","Relic","Relic","Card"],"build_version":"2020-11-30","purchased_purges":1,"victory":true,"max_hp_per_floor":[71,81,81,81,81,81,81,81,81,81,81,81,81,81,81,81,81,81,81,81,81,81,81,81,81,81,81,81,81,40,40,40,40,40,40,40,40,40,38,38,38,38,38,38,38,38,38,38,38,38,38,38,38,38,38,38],"card_choices":[{"not_picked":["Steam","Chaos"],"picked":"Undo","floor":1.0},{"not_picked":["Leap","Steam"],"picked":"Sweeping Beam","floor":3.0},{"not_picked":["Sweeping Beam","Gash"],"picked":"Ball Lightning","floor":4.0},{"not_picked":["Rebound","Steam","Conserve Battery"],"picked":"SKIP","floor":7.0},{"not_picked":["Leap","Rebound"],"picked":"Meteor Strike","floor":8.0},{"not_picked":["Ball Lightning","Redo"],"picked":"Defragment","floor":14.0},{"not_picked":["Rainbow","Echo Form"],"picked":"Core Surge","floor":16.0},{"not_picked":["Fusion","Hologram"],"picked":"Heatsinks","floor":18.0},{"not_picked":["Stack","Turbo"],"picked":"Coolheaded","floor":19.0},{"not_picked":["Scrape","Steam"],"picked":"Turbo","floor":21.0},{"not_picked":["Storm","Leap"],"picked":"Fission","floor":21.0},{"not_picked":["Consume","Beam Cell"],"picked":"Biased Cognition","floor":21.0},{"not_picked":["Recycle","Redo+1"],"picked":"Heatsinks","floor":21.0},{"not_picked":["Beam Cell","Capacitor"],"picked":"Cold Snap","floor":22.0},{"not_picked":["Leap+1","Cold Snap"],"picked":"White Noise","floor":24.0},{"not_picked":["Barrage","Conserve Battery","Gash"],"picked":"SKIP","floor":29.0},{"not_picked":["Cold Snap","Barrage"],"picked":"Static Discharge+1","floor":31.0},{"not_picked":["All For One","Rainbow"],"picked":"Echo Form","floor":33.0},{"not_picked":["Streamline","Darkness"],"picked":"Coolheaded","floor":35.0},{"not_picked":["Melter","Barrage","Gash"],"picked":"SKIP","floor":37.0},{"not_picked":["Consume","Tempest+1","Leap"],"picked":"SKIP","floor":40.0},{"not_picked":["Steam+1","Coolheaded"],"picked":"BootSequence","floor":44.0},{"not_picked":["Leap","Reinforced Body"],"picked":"Aggregate+1","floor":46.0},{"not_picked":["Amplify","Melter+1","Redo"],"picked":"SKIP","floor":48.0},{"not_picked":["Doom and Gloom+1","Hello World+1"],"picked":"Defragment","floor":55}],"player_experience":1618362,"relics_obtained":[{"floor":8.0,"key":"Lantern"},{"floor":20.0,"key":"Enchiridion"},{"floor":26.0,"key":"Mercury Hourglass"},{"floor":40.0,"key":"Bronze Scales"},{"floor":43.0,"key":"StrikeDummy"},{"floor":55,"key":"Turnip"}],"event_choices":[{"damage_healed":0.0,"max_hp_gain":0.0,"max_hp_loss":0.0,"gold_gain":0.0,"event_name":"Scrap Ooze","player_choice":"Success","floor":2.0,"gold_loss":0.0,"damage_taken":11.0,"relics_obtained":["Pear"]},{"damage_healed":0.0,"max_hp_gain":0.0,"max_hp_loss":0.0,"gold_gain":0.0,"event_name":"Shining Light","player_choice":"Ignored","floor":10.0,"gold_loss":0.0,"damage_taken":0.0},{"damage_healed":0.0,"max_hp_gain":0.0,"max_hp_loss":0.0,"gold_gain":75.0,"event_name":"World of Goop","player_choice":"Gather Gold","floor":11.0,"gold_loss":0.0,"damage_taken":11.0},{"damage_healed":0.0,"max_hp_gain":0.0,"max_hp_loss":0.0,"gold_gain":0.0,"event_name":"Cursed Tome","player_choice":"Obtained Book","floor":20.0,"gold_loss":0.0,"damage_taken":21.0},{"damage_healed":0.0,"max_hp_gain":0.0,"max_hp_loss":0.0,"gold_gain":0.0,"event_name":"The Mausoleum","player_choice":"Ignored","floor":28.0,"gold_loss":0.0,"damage_taken":0.0},{"damage_healed":0.0,"max_hp_gain":0.0,"max_hp_loss":41.0,"gold_gain":0.0,"event_name":"Ghosts","player_choice":"Became a Ghost","floor":30.0,"gold_loss":0.0,"damage_taken":0.0,"cards_obtained":["Ghostly","Ghostly","Ghostly"]},{"damage_healed":0.0,"max_hp_gain":0.0,"max_hp_loss":2.0,"gold_gain":0.0,"event_name":"Winding Halls","player_choice":"Max HP","floor":39.0,"gold_loss":0.0,"damage_taken":0.0},{"damage_healed":0.0,"max_hp_gain":0.0,"max_hp_loss":0.0,"gold_gain":0.0,"event_name":"Tomb of Lord Red Mask","player_choice":"Paid","floor":42.0,"gold_loss":80.0,"damage_taken":0.0,"relics_obtained":["Red Mask"]}],"is_beta":false,"boss_relics":[{"not_picked":["Calling Bell","Fusion Hammer"],"picked":"Astrolabe"},{"not_picked":["Busted Crown","Inserter"],"picked":"Sozu"}],"items_purged_floors":[5],"is_endless":false,"potions_floor_spawned":[1,3,14,19,22,29,33,40,44],"ascension_level":20}}