{"host":"aeidq2c3auzxo1yh","time":1607802875,"event":{"mods":["AchievementEnabler","BaseMod","Colored Map","Colored Powertips","Minty Spire (QoL Compilation)","Relic Stats","StSLib"],"gold_per_floor":[11,21,21,34,34,34,68,68,121,138,149,184,184,209,209,286,286,297,316,22,37,50,50,64,91,115,147,147,173,173,204,204,277,277,291,1290,1290,1300,1310,1337,1337,1368,1448,1448,1448,1448,621,653,653,653,653,653,653,34,69,69],"floor_reached":57,"playtime":4256,"items_purged":["Bash","Strike_R+1","Defend_R"],"score":3172,"play_id":"15094abf-62c5-452c-af35-0722e9de2956","local_time":"20201213005435","is_ascension_mode":true,"campfire_choices":[{"data":"Cleave","floor":6.0,"key":"SMITH"},{"data":"Twin Strike","floor":8.0,"key":"SMITH"},{"data":"Shockwave","floor":13.0,"key":"SMITH"},{"data":"Spot Weakness","floor":15.0,"key":"SMITH"},{"floor":23.0,"key":"REST"},{"floor":28.0,"key":"REST"},{"data":"Whirlwind","floor":30.0,"key":"SMITH"},{"data":"Limit Break","floor":32.0,"key":"SMITH"},{"floor":41.0,"key":"RECALL"},{"floor":44.0,"key":"REST"},{"data":"Heavy Blade","floor":49.0,"key":"SMITH"},{"data":"Shrug It Off","floor":53,"key":"SMITH"}],"circlet_count":0,"master_deck":["AscendersBane","Strike_R+1","Defend_R","Defend_R","Shockwave+1","Cleave+1","Twin Strike+1","Feed","Shrug It Off+1","Spot Weakness+1","Battle Trance+1","Offering","Offering","Whirlwind+1","Warcry","Feel No Pain+1","Metallicize","Iron Wave+1","Seeing Red+1","Limit Break+1","Offering","Blood for Blood","Heavy Blade+1","Offering","Heavy Blade+1","Shockwave","Sword Boomerang"],"relics":["Burning Blood","Omamori","Strawberry","Smiling Mask","Whetstone","Empty Cage","Happy Flower","MealTicket","Vajra","Bag of Preparation","Gremlin Horn","Ornamental Fan","Runic Cube","Akabeko","Juzu Bracelet","Oddly Smooth Stone","Question Card","PreservedInsect","Self Forming Clay","Strange Spoon","Blood Vial"],"acts_visited":["Exordium","TheCity","TheBeyond","TheEnding"],"potions_floor_usage":[56],"damage_taken":[{"damage":13.0,"enemies":"Jaw Worm","floor":1.0,"turns":5.0},{"damage":3.0,"enemies":"Cultist","floor":2.0,"turns":4.0},{"damage":2.0,"enemies":"2 Louse","floor":4.0,"turns":2.0},{"damage":44.0,"enemies":"Lagavulin","floor":7.0,"turns":8.0},{"damage":0.0,"enemies":"Lots of Slimes","floor":10.0,"turns":2.0},{"damage":8.0,"enemies":"2 Fungi Beasts","floor":11.0,"turns":3.0},{"damage":12.0,"enemies":"Gremlin Nob","floor":12.0,"turns":4.0},{"damage":27.0,"enemies":"Lagavulin","floor":14.0,"turns":5.0},{"damage":25.0,"enemies":"Hexaghost","floor":16.0,"turns":7.0},{"damage":23.0,"enemies":"Shell Parasite","floor":18.0,"turns":3.0},{"damage":6.0,"enemies":"3 Byrds","floor":19.0,"turns":3.0},{"damage":42.0,"enemies":"Sentry and Sphere","floor":21.0,"turns":5.0},{"damage":12.0,"enemies":"Chosen and Byrds","floor":22.0,"turns":2.0},{"damage":12.0,"enemies":"Cultist and Chosen","floor":24.0,"turns":4.0},{"damage":25.0,"enemies":"Book of Stabbing","floor":25.0,"turns":5.0},{"damage":16.0,"enemies":"Gremlin Leader","floor":27.0,"turns":4.0},{"damage":12.0,"enemies":"Book of Stabbing","floor":29.0,"turns":4.0},{"damage":6.0,"enemies":"Gremlin Leader","floor":31.0,"turns":3.0},{"damage":14.0,"enemies":"Automaton","floor":33.0,"turns":6.0},{"damage":18.0,"enemies":"Orb Walker","floor":35.0,"turns":3.0},{"damage":14.0,"enemies":"3 Shapes","floor":38.0,"turns":6.0},{"damage":18.0,"enemies":"Writhing Mass","floor":39.0,"turns":4.0},{"damage":22.0,"enemies":"Reptomancer","floor":40.0,"turns":2.0},{"damage":53.0,"enemies":"Giant Head","floor":42.0,"turns":6.0},{"damage":24.0,"enemies":"Reptomancer","floor":48.0,"turns":3.0},{"damage":72.0,"enemies":"Time Eater","floor":50.0,"turns":8.0},{"damage":24,"enemies":"Donu and Deca","floor":51,"turns":3},{"damage":26,"enemies":"Shield and Spear","floor":55,"turns":2},{"damage":77,"enemies":"The Heart","floor":56,"turns":6}],"seed_played":"-7838816037119198431","potions_obtained":[{"floor":4.0,"key":"Weak Potion"},{"floor":7.0,"key":"SteroidPotion"},{"floor":10.0,"key":"Block Potion"},{"floor":16.0,"key":"GamblersBrew"},{"floor":19.0,"key":"Energy Potion"},{"floor":21.0,"key":"Swift Potion"},{"floor":29.0,"key":"Ancient Potion"},{"floor":31.0,"key":"Energy Potion"},{"floor":33.0,"key":"ColorlessPotion"},{"floor":48.0,"key":"DuplicationPotion"}],"is_trial":false,"path_per_floor":["M","M","?","M","?","R","E","R","T","M","M","E","R","E","R","B",null,"M","M","$","M","M","R","M","E","T","E","R","E","R","E","R","B",null,"M","?","?","M","M","E","R","E","T","R","?","?","$","E","R","B","B",null,"R","$","E","B",null],"character_chosen":"IRONCLAD","items_purchased":["Happy Flower","DuplicationPotion","Oddly Smooth Stone","Heavy Blade","FairyPotion","Offering","Question Card","Self Forming Clay","Shockwave","Strange Spoon","LiquidMemories"],"campfire_rested":3,"item_purchase_floors":[20,20,47,47,47,47,47,54,54,54,54],"current_hp_per_floor":[61,64,64,68,68,68,33,33,40,49,50,47,47,29,29,13,78,64,67,67,34,31,64,61,45,45,38,74,71,71,74,74,66,112,103,103,103,98,89,73,73,26,26,66,66,146,146,128,128,62,47,124,124,139,122,56],"gold":69,"neow_bonus":"RANDOM_COLORLESS_2","is_daily":false,"chose_seed":false,"campfire_upgraded":8,"win_rate":0.0,"timestamp":1607802875,"path_taken":["M","M","?","?","?","R","E","R","T","M","M","E","R","E","R","BOSS","M","?","$","M","M","R","M","E","T","E","R","E","R","E","R","BOSS","M","?","?","M","M","E","R","E","T","R","?","?","$","E","R","BOSS","BOSS","R","$","E","BOSS"],"items_purchased_type":["Relic","Potion","Relic","Card","Potion","Card","Relic","Relic","Card","Relic","Potion"],"build_version":"2020-11-30","purchased_purges":3,"victory":true,"max_hp_per_floor":[75,75,75,75,75,75,78,78,85,88,91,94,94,97,97,100,100,103,106,106,109,112,112,115,118,118,121,121,124,124,127,127,127,127,130,130,130,133,136,136,136,136,136,136,136,146,146,146,146,146,149,149,149,149,152,155],"relic_stats":{"Happy Flower":[25],"Gremlin Horn":[11,14],"counters":[29,122],"Self Forming Clay":[72],"PreservedInsect":77,"Bag of Preparation":[26],"Juzu Bracelet":1,"Whetstone":["Strike_R","Strike_R"],"Smiling Mask":150,"Question Card":2,"Burning Blood":174,"Blood Vial":2,"Strange Spoon":[7],"Ornamental Fan":[60],"MealTicket":15,"obtain_stats":[{"Happy Flower":20,"Gremlin Horn":29,"Self Forming Clay":54,"Vajra":26,"Oddly Smooth Stone":47,"PreservedInsect":48,"Omamori":7,"Bag of Preparation":27,"Juzu Bracelet":42,"Whetstone":14,"Smiling Mask":12,"Empty Cage":17,"Question Card":47,"Burning Blood":0,"Akabeko":40,"Blood Vial":55,"Strange Spoon":54,"Ornamental Fan":31,"Strawberry":9,"MealTicket":25,"Runic Cube":34},{"Happy Flower":11,"Gremlin Horn":17,"Self Forming Clay":27,"Vajra":15,"Oddly Smooth Stone":24,"PreservedInsect":25,"Omamori":4,"Bag of Preparation":16,"Juzu Bracelet":24,"Whetstone":8,"Smiling Mask":7,"Empty Cage":9,"Question Card":24,"Burning Blood":0,"Akabeko":23,"Blood Vial":28,"Strange Spoon":27,"Ornamental Fan":18,"Strawberry":4,"MealTicket":15,"Runic Cube":19},{"Happy Flower":46,"Gremlin Horn":70,"Self Forming Clay":114,"Vajra":62,"Oddly Smooth Stone":100,"PreservedInsect":103,"Omamori":19,"Bag of Preparation":66,"Juzu Bracelet":100,"Whetstone":33,"Smiling Mask":28,"Empty Cage":40,"Question Card":100,"Burning Blood":0,"Akabeko":94,"Blood Vial":116,"Strange Spoon":114,"Ornamental Fan":73,"Strawberry":19,"MealTicket":62,"Runic Cube":79}],"Runic Cube":[57]},"card_choices":[{"not_picked":["Secret Technique","Master of Strategy"],"picked":"Secret Weapon","floor":0.0},{"not_picked":["Hemokinesis","Intimidate"],"picked":"Shockwave","floor":1.0},{"not_picked":["Infernal Blade","Dual Wield"],"picked":"Cleave","floor":2.0},{"not_picked":["Perfected Strike","True Grit"],"picked":"Twin Strike","floor":4.0},{"not_picked":["Entrench","Feel No Pain"],"picked":"Shrug It Off","floor":7.0},{"not_picked":["Twin Strike","Warcry"],"picked":"Spot Weakness","floor":10.0},{"not_picked":["Evolve","Body Slam"],"picked":"Battle Trance","floor":11.0},{"not_picked":["Havoc","Spot Weakness","Anger"],"picked":"SKIP","floor":12.0},{"not_picked":["Iron Wave","Anger"],"picked":"Offering","floor":14.0},{"not_picked":["Bludgeon","Corruption"],"picked":"Offering","floor":16.0},{"not_picked":["Disarm+1","Shockwave"],"picked":"Whirlwind","floor":18.0},{"not_picked":["Entrench","Seeing Red"],"picked":"Warcry","floor":19.0},{"not_picked":["Dual Wield","Clash","Fire Breathing"],"picked":"SKIP","floor":21.0},{"not_picked":["Shrug It Off","Havoc"],"picked":"Feel No Pain+1","floor":22.0},{"not_picked":["Perfected Strike","Headbutt"],"picked":"Metallicize","floor":24.0},{"not_picked":["Havoc","Feel No Pain","Anger"],"picked":"SKIP","floor":25.0},{"not_picked":["Anger","Havoc"],"picked":"Iron Wave+1","floor":27.0},{"not_picked":["Intimidate","Feel No Pain"],"picked":"Seeing Red+1","floor":29.0},{"not_picked":["Perfected Strike+1","Power Through"],"picked":"Limit Break","floor":31.0},{"not_picked":["Brutality","Feed"],"picked":"Offering","floor":33.0},{"not_picked":["Cleave","Wild Strike"],"picked":"Pommel Strike","floor":35.0},{"not_picked":["Anger","Wild Strike","Flex"],"picked":"SKIP","floor":38.0},{"not_picked":["Anger","Rage"],"picked":"Blood for Blood","floor":39.0},{"not_picked":["Clash+1","Rampage","Hemokinesis"],"picked":"SKIP","floor":40.0},{"not_picked":["Sever Soul+1","Searing Blow","Dark Embrace"],"picked":"SKIP","floor":42.0},{"not_picked":["Perfected Strike","Thunderclap","Bludgeon"],"picked":"Heavy Blade+1","floor":48.0},{"not_picked":["Clash+1","Inflame+1","Blood for Blood"],"picked":"Sword Boomerang","floor":55}],"player_experience":849381,"relics_obtained":[{"floor":7.0,"key":"Omamori"},{"floor":9.0,"key":"Strawberry"},{"floor":12.0,"key":"Smiling Mask"},{"floor":14.0,"key":"Whetstone"},{"floor":25.0,"key":"MealTicket"},{"floor":26.0,"key":"Vajra"},{"floor":27.0,"key":"Bag of Preparation"},{"floor":29.0,"key":"Gremlin Horn"},{"floor":31.0,"key":"Ornamental Fan"},{"floor":40.0,"key":"Akabeko"},{"floor":42.0,"key":"Juzu Bracelet"},{"floor":48.0,"key":"PreservedInsect"},{"floor":55,"key":"Blood Vial"}],"event_choices":[{"cards_removed":["Strike_R"],"damage_healed":0.0,"max_hp_gain":0.0,"max_hp_loss":0.0,"gold_gain":0.0,"event_name":"Purifier","player_choice":"Purged","floor":3.0,"gold_loss":0.0,"damage_taken":0.0},{"damage_healed":0.0,"max_hp_gain":0.0,"max_hp_loss":0.0,"gold_gain":0.0,"cards_transformed":["Strike_R"],"event_name":"Transmorgrifier","player_choice":"Transformed","floor":5.0,"gold_loss":0.0,"damage_taken":0.0,"cards_obtained":["Feed"]},{"damage_healed":0.0,"max_hp_gain":0.0,"max_hp_loss":0.0,"gold_gain":999.0,"event_name":"MindBloom","player_choice":"Gold","floor":36.0,"gold_loss":0.0,"damage_taken":0.0,"cards_obtained":["Normality","Normality"]},{"cards_removed":["Pommel Strike"],"damage_healed":0.0,"max_hp_gain":0.0,"max_hp_loss":0.0,"gold_gain":0.0,"event_name":"Falling","player_choice":"Removed Attack","floor":37.0,"gold_loss":0.0,"damage_taken":0.0},{"damage_healed":0.0,"max_hp_gain":0.0,"max_hp_loss":0.0,"gold_gain":0.0,"event_name":"Upgrade Shrine","player_choice":"Upgraded","floor":45.0,"gold_loss":0.0,"damage_taken":0.0,"cards_upgraded":["Battle Trance"]},{"cards_removed":["Secret Weapon"],"damage_healed":70.0,"max_hp_gain":10.0,"max_hp_loss":0.0,"gold_gain":0.0,"event_name":"Bonfire Elementals","player_choice":"Offered Rare","floor":46.0,"gold_loss":0.0,"damage_taken":0.0}],"is_beta":false,"boss_relics":[{"not_picked":["SacredBark","Runic Dome"],"picked":"Empty Cage"},{"not_picked":["Coffee Dripper","Astrolabe"],"picked":"Runic Cube"}],"items_purged_floors":[20,47,54],"is_endless":false,"potions_floor_spawned":[4,7,10,16,19,21,29,31,33,35,48],"ascension_level":20}}