{"host":"aeidq2c3auzxo1yh","time":1607746370,"event":{"mods":["AchievementEnabler","BaseMod","Colored Map","Colored Powertips","Minty Spire (QoL Compilation)","Relic Stats","StSLib"],"gold_per_floor":[11,26,42,42,42,42,75,75,100,100,100,100],"floor_reached":11,"playtime":333,"items_purged":[],"score":142,"play_id":"764dbd15-c7f5-4fef-a802-b56bf3137b93","local_time":"20201212091250","is_ascension_mode":true,"campfire_choices":[{"floor":6.0,"key":"REST"},{"data":"Combust","floor":8.0,"key":"SMITH"},{"floor":10.0,"key":"REST"}],"circlet_count":0,"master_deck":["AscendersBane","Strike_R","Strike_R","Strike_R","Defend_R","Defend_R","Defend_R","Defend_R","Bash","Brutality","Combust+1","Body Slam+1","Clothesline","Ghostly Armor"],"relics":["Burning Blood","Anchor","Orichalcum"],"acts_visited":["Exordium"],"potions_floor_usage":[11],"damage_taken":[{"damage":30.0,"enemies":"Jaw Worm","floor":1.0,"turns":5.0},{"damage":23.0,"enemies":"Small Slimes","floor":2.0,"turns":4.0},{"damage":5.0,"enemies":"2 Louse","floor":3.0,"turns":4.0},{"damage":49.0,"enemies":"Gremlin Nob","floor":7.0,"turns":5.0},{"damage":36,"enemies":"Lagavulin","floor":11,"turns":5}],"seed_played":"4556832095474877763","potions_obtained":[{"floor":3.0,"key":"Fruit Juice"}],"is_trial":false,"path_per_floor":["M","M","M","?","?","R","E","R","T","R","E"],"character_chosen":"IRONCLAD","items_purchased":[],"campfire_rested":2,"item_purchase_floors":[],"current_hp_per_floor":[44,27,28,28,28,50,7,7,7,29,0,0],"gold":100,"neow_bonus":"TRANSFORM_TWO_CARDS","is_daily":false,"chose_seed":false,"campfire_upgraded":1,"win_rate":0.0,"timestamp":1607746370,"path_taken":["M","M","M","?","?","R","E","R","T","R","E"],"items_purchased_type":[],"build_version":"2020-11-30","purchased_purges":0,"victory":false,"max_hp_per_floor":[75,75,75,75,75,75,75,75,75,75,80,80],"relic_stats":{"counters":[5,23],"Orichalcum":[6],"obtain_stats":[{"Anchor":7,"Orichalcum":9,"Burning Blood":0},{"Anchor":4,"Orichalcum":4,"Burning Blood":0},{"Anchor":18,"Orichalcum":18,"Burning Blood":0}],"Burning Blood":24},"card_choices":[{"not_picked":["Havoc","Twin Strike"],"picked":"Body Slam","floor":1.0},{"not_picked":["Twin Strike","Body Slam"],"picked":"Clothesline","floor":2.0},{"not_picked":["Infernal Blade","Sword Boomerang"],"picked":"Ghostly Armor","floor":3.0},{"not_picked":["Warcry","Exhume","Clothesline"],"picked":"SKIP","floor":7.0}],"player_experience":847255,"relics_obtained":[{"floor":7.0,"key":"Anchor"},{"floor":9.0,"key":"Orichalcum"}],"event_choices":[{"damage_healed":0.0,"max_hp_gain":0.0,"max_hp_loss":0.0,"gold_gain":0.0,"event_name":"Living Wall","player_choice":"Grow","floor":4.0,"gold_loss":0.0,"damage_taken":0.0,"cards_upgraded":["Body Slam"]},{"damage_healed":0.0,"max_hp_gain":0.0,"max_hp_loss":0.0,"gold_gain":0.0,"event_name":"Scrap Ooze","player_choice":"Fled","floor":5.0,"gold_loss":0.0,"damage_taken":0.0}],"is_beta":false,"boss_relics":[],"items_purged_floors":[],"is_endless":false,"potions_floor_spawned":[3],"killed_by":"Lagavulin","ascension_level":20}}