{"host":"x0ovlu53kkkog8rv","time":1607799474,"event":{"mods":["BaseMod","Colored Map","Minty Spire (QoL Compilation)","Quick Restart","SuperFastMode"],"gold_per_floor":[110,33,33,43,62,62,80,80,80,91,91,105,118,23,23,124,124,142,161,7,0,0,0,0,31,31,31,43,43,57,77,77,77,77],"floor_reached":33,"playtime":1002,"items_purged":[],"score":272,"play_id":"e8cac195-da09-4244-b9d2-bd6b26a23745","local_time":"20201213035754","is_ascension_mode":true,"campfire_choices":[{"data":"Sword Boomerang","floor":6,"key":"SMITH"},{"data":"Sword Boomerang","floor":8,"key":"SMITH"},{"floor":15,"key":"REST"},{"floor":24,"key":"REST"},{"floor":29,"key":"REST"},{"floor":32,"key":"REST"}],"circlet_count":0,"master_deck":["Strike_R","Strike_R","Strike_R","Strike_R","Strike_R","Defend_R","Defend_R","Defend_R","Defend_R","Bash","Sword Boomerang+1","Rupture","Sword Boomerang+1","Thunderclap","Dropkick","Flex","Bloodletting","Intimidate","Flex","Brutality","Disarm","Sword Boomerang","Flex+1","Headbutt+1","Blood for Blood","Heavy Blade+1"],"relics":["Burning Blood","Strawberry","CultistMask","InkBottle","SacredBark","Sling","Bag of Marbles","Nilry\u0027s Codex","Lantern","Mercury Hourglass"],"acts_visited":["Exordium","TheCity"],"potions_floor_usage":[16,16,25,28,33,33,33],"damage_taken":[{"damage":5,"enemies":"Cultist","floor":1,"turns":4},{"damage":8,"enemies":"Small Slimes","floor":4,"turns":3},{"damage":1,"enemies":"Jaw Worm","floor":5,"turns":3},{"damage":16,"enemies":"Large Slime","floor":7,"turns":4},{"damage":12,"enemies":"3 Louse","floor":10,"turns":3},{"damage":15,"enemies":"Exordium Wildlife","floor":12,"turns":3},{"damage":37,"enemies":"Gremlin Gang","floor":13,"turns":5},{"damage":14,"enemies":"Slime Boss","floor":16,"turns":5},{"damage":9,"enemies":"3 Byrds","floor":18,"turns":5},{"damage":34,"enemies":"Spheric Guardian","floor":19,"turns":5},{"damage":79,"enemies":"Slavers","floor":25,"turns":4},{"damage":7,"enemies":"3 Cultists","floor":28,"turns":3},{"damage":11,"enemies":"Chosen and Byrds","floor":30,"turns":3},{"damage":29,"enemies":"Centurion and Healer","floor":31,"turns":5},{"damage":85,"enemies":"Automaton","floor":33,"turns":6}],"seed_played":"2827257263018818239","potions_obtained":[{"floor":4,"key":"SpeedPotion"},{"floor":10,"key":"DistilledChaos"},{"floor":12,"key":"CultistPotion"},{"floor":16,"key":"BlessingOfTheForge"},{"floor":19,"key":"BlessingOfTheForge"},{"floor":30,"key":"SpeedPotion"},{"floor":31,"key":"FearPotion"}],"is_trial":false,"path_per_floor":["M","$","?","M","M","R","M","R","T","M","$","M","M","$","R","B",null,"M","M","$","?","?","?","R","E","T","?","M","R","M","M","R","B"],"character_chosen":"IRONCLAD","items_purchased":["Rupture","Flex","BloodPotion","Sling"],"campfire_rested":4,"item_purchase_floors":[2,14,14,20],"current_hp_per_floor":[87,87,87,85,87,87,77,77,77,71,71,62,31,31,57,49,87,84,56,56,56,56,40,66,27,27,27,26,52,47,24,50,0,0],"gold":77,"neow_bonus":"RANDOM_COMMON_RELIC","is_daily":false,"chose_seed":false,"campfire_upgraded":2,"win_rate":0.0,"timestamp":1607799474,"path_taken":["M","?","?","M","M","R","M","R","T","M","$","M","M","$","R","BOSS","M","M","?","?","?","?","R","E","T","?","M","R","M","M","R","BOSS"],"items_purchased_type":["Card","Card","Potion","Relic"],"build_version":"2020-11-30","purchased_purges":0,"victory":false,"max_hp_per_floor":[87,87,87,87,87,87,87,87,87,87,87,87,87,87,87,87,87,87,87,87,87,87,87,87,87,87,87,87,87,87,87,87,87,87],"card_choices":[{"not_picked":["Twin Strike","Body Slam"],"picked":"Sword Boomerang","floor":1},{"not_picked":["Cleave","Heavy Blade"],"picked":"Sword Boomerang","floor":4},{"not_picked":["Entrench","Shrug It Off"],"picked":"Thunderclap","floor":5},{"not_picked":["True Grit","Wild Strike"],"picked":"Dropkick","floor":7},{"not_picked":["Headbutt","Sever Soul"],"picked":"Flex","floor":10},{"not_picked":["Wild Strike","Sever Soul"],"picked":"Bloodletting","floor":12},{"not_picked":["Headbutt","Shrug It Off"],"picked":"Intimidate","floor":13},{"not_picked":["Offering","Fiend Fire"],"picked":"Brutality","floor":16},{"not_picked":["Burning Pact","Pommel Strike+1"],"picked":"Disarm","floor":18},{"not_picked":["Power Through+1","Sentinel+1"],"picked":"Sword Boomerang","floor":19},{"not_picked":["Clothesline","Anger+1"],"picked":"Flex+1","floor":25},{"not_picked":["Disarm","Clash"],"picked":"Headbutt+1","floor":28},{"not_picked":["Perfected Strike","Second Wind"],"picked":"Blood for Blood","floor":30},{"not_picked":["Feel No Pain","Thunderclap"],"picked":"Heavy Blade+1","floor":31}],"player_experience":179410,"relics_obtained":[{"floor":9,"key":"InkBottle"},{"floor":23,"key":"Nilry\u0027s Codex"},{"floor":25,"key":"Lantern"},{"floor":26,"key":"Mercury Hourglass"}],"event_choices":[{"damage_healed":0,"gold_gain":0,"player_choice":"Trade","damage_taken":0,"relics_obtained":["CultistMask"],"max_hp_gain":0,"max_hp_loss":0,"event_name":"FaceTrader","floor":3,"gold_loss":0},{"damage_healed":0,"gold_gain":0,"player_choice":"Paid Fearfully","damage_taken":0,"max_hp_gain":0,"max_hp_loss":0,"event_name":"Masked Bandits","floor":21,"gold_loss":7},{"damage_healed":0,"gold_gain":0,"player_choice":"Stole Relic","damage_taken":0,"relics_obtained":["Bag of Marbles"],"max_hp_gain":0,"max_hp_loss":0,"event_name":"Addict","floor":22,"gold_loss":0,"cards_obtained":["Shame"]},{"damage_healed":0,"gold_gain":0,"player_choice":"Obtained Book","damage_taken":16,"max_hp_gain":0,"max_hp_loss":0,"event_name":"Cursed Tome","floor":23,"gold_loss":0},{"cards_removed":["Shame"],"damage_healed":0,"gold_gain":0,"player_choice":"Elegance","damage_taken":0,"max_hp_gain":0,"max_hp_loss":0,"event_name":"Back to Basics","floor":27,"gold_loss":0}],"is_beta":false,"boss_relics":[{"not_picked":["Velvet Choker","Black Blood"],"picked":"SacredBark"}],"items_purged_floors":[],"is_endless":false,"potions_floor_spawned":[4,10,12,16,19,30,31],"killed_by":"Automaton","ascension_level":1}}