{"host":"x0ovlu53kkkog8rv","time":1607796823,"event":{"mods":["BaseMod","Colored Map","Minty Spire (QoL Compilation)","Quick Restart","SuperFastMode"],"gold_per_floor":[115,130,147,222,233,233,248,279,302,315,2,2,14,25,25,127,127,145,70,80,80,100,100,100,114,114,29,39,39,39,52,52,148,148,167,183,183,197,212,212,227,242,242,242,242],"floor_reached":44,"playtime":1140,"items_purged":["Bash"],"score":466,"play_id":"0b49ca6b-719c-41fe-a64c-c7119a311c2f","local_time":"20201213031343","is_ascension_mode":true,"campfire_choices":[{"data":"Twin Strike","floor":6,"key":"SMITH"},{"data":"Perfected Strike","floor":12,"key":"SMITH"},{"floor":15,"key":"REST"},{"floor":23,"key":"REST"},{"floor":30,"key":"REST"},{"floor":32,"key":"REST"},{"floor":40,"key":"REST"}],"circlet_count":0,"master_deck":["Strike_R","Strike_R","Strike_R","Strike_R","Strike_R","Defend_R","Defend_R","Twin Strike+1","Perfected Strike+1","Twin Strike","Offering","Perfected Strike","Disarm","Inflame","Headbutt+1","Battle Trance","Headbutt+1","Clash","Twin Strike","Decay","Twin Strike","Offering","Intimidate","Inflame"],"relics":["Burning Blood","Bag of Marbles","Nunchaku","Toy Ornithopter","DollysMirror","Empty Cage","Question Card","Centennial Puzzle","SacredBark","Bottled Tornado"],"acts_visited":["Exordium","TheCity","TheBeyond"],"potions_floor_usage":[8,16,16,25,33,33,38,39,42,42,44],"damage_taken":[{"damage":6,"enemies":"Cultist","floor":1,"turns":3},{"damage":0,"enemies":"2 Louse","floor":2,"turns":1},{"damage":0,"enemies":"Small Slimes","floor":3,"turns":2},{"damage":13,"enemies":"2 Fungi Beasts","floor":5,"turns":3},{"damage":18,"enemies":"Lots of Slimes","floor":7,"turns":3},{"damage":14,"enemies":"Gremlin Nob","floor":8,"turns":3},{"damage":5,"enemies":"Looter","floor":10,"turns":2},{"damage":9,"enemies":"2 Fungi Beasts","floor":13,"turns":2},{"damage":0,"enemies":"Red Slaver","floor":14,"turns":1},{"damage":47,"enemies":"The Guardian","floor":16,"turns":6},{"damage":30,"enemies":"Shell Parasite","floor":18,"turns":3},{"damage":27,"enemies":"2 Thieves","floor":20,"turns":3},{"damage":26,"enemies":"Centurion and Healer","floor":22,"turns":3},{"damage":17,"enemies":"Cultist and Chosen","floor":25,"turns":3},{"damage":21,"enemies":"Shelled Parasite and Fungi","floor":28,"turns":2},{"damage":23,"enemies":"3 Cultists","floor":31,"turns":4},{"damage":48,"enemies":"Automaton","floor":33,"turns":6},{"damage":12,"enemies":"3 Shapes","floor":35,"turns":1},{"damage":8,"enemies":"Orb Walker","floor":36,"turns":2},{"damage":62,"enemies":"3 Darklings","floor":38,"turns":3},{"damage":42,"enemies":"Sphere and 2 Shapes","floor":39,"turns":4},{"damage":24,"enemies":"Spire Growth","floor":41,"turns":3},{"damage":21,"enemies":"3 Darklings","floor":42,"turns":3},{"damage":25,"enemies":"Maw","floor":44,"turns":2}],"seed_played":"4541319582621806507","potions_obtained":[{"floor":1,"key":"SteroidPotion"},{"floor":2,"key":"SpeedPotion"},{"floor":8,"key":"BloodPotion"},{"floor":10,"key":"Swift Potion"},{"floor":13,"key":"LiquidMemories"},{"floor":22,"key":"Fire Potion"},{"floor":28,"key":"CultistPotion"},{"floor":31,"key":"BloodPotion"},{"floor":33,"key":"ElixirPotion"},{"floor":35,"key":"Swift Potion"},{"floor":36,"key":"Regen Potion"},{"floor":38,"key":"Fire Potion"},{"floor":42,"key":"FearPotion"}],"is_trial":false,"path_per_floor":["M","M","M","?","M","R","M","E","T","M","$","R","M","M","R","B",null,"M","$","M","?","M","R","?","M","T","?","M","?","R","M","R","B",null,"M","M","?","M","M","R","M","M","T","M"],"character_chosen":"IRONCLAD","items_purchased":["Offering","DollysMirror"],"campfire_rested":5,"item_purchase_floors":[11,11],"current_hp_per_floor":[80,80,80,69,62,62,50,42,42,43,43,43,40,46,70,55,80,56,56,35,35,15,39,39,33,33,33,18,18,42,25,49,33,80,74,72,72,40,9,33,15,10,10,0,0],"gold":242,"neow_bonus":"RANDOM_COMMON_RELIC","is_daily":false,"chose_seed":false,"campfire_upgraded":2,"win_rate":0.0,"timestamp":1607796823,"path_taken":["M","?","?","?","M","R","M","E","T","M","$","R","M","M","R","BOSS","M","$","M","?","M","R","?","?","T","?","M","?","R","M","R","BOSS","M","M","?","M","M","R","M","M","T","M"],"items_purchased_type":["Card","Relic"],"build_version":"2020-11-30","purchased_purges":1,"victory":false,"max_hp_per_floor":[80,80,80,80,80,80,80,80,80,80,80,80,80,80,80,80,80,80,80,80,80,80,80,80,80,80,80,80,80,80,80,80,80,80,80,80,80,80,80,80,80,80,80,80,80],"card_choices":[{"not_picked":["Feel No Pain","Thunderclap"],"picked":"Twin Strike","floor":1},{"not_picked":["Havoc","Blood for Blood","Shrug It Off"],"picked":"SKIP","floor":2},{"not_picked":["Entrench","Burning Pact"],"picked":"Warcry","floor":3},{"not_picked":["Cleave","Reckless Charge","Armaments"],"picked":"SKIP","floor":5},{"not_picked":["Ghostly Armor","Metallicize"],"picked":"Perfected Strike","floor":7},{"not_picked":["Dropkick","Offering"],"picked":"Twin Strike","floor":8},{"not_picked":["Sever Soul","Infernal Blade","Armaments"],"picked":"SKIP","floor":10},{"not_picked":["Anger","Sword Boomerang"],"picked":"Disarm","floor":13},{"not_picked":["Sword Boomerang","Barricade"],"picked":"Inflame","floor":14},{"not_picked":["Shrug It Off+1","Thunderclap+1"],"picked":"Headbutt+1","floor":18},{"not_picked":["Thunderclap","Flex"],"picked":"Battle Trance","floor":20},{"not_picked":["Cleave+1","Entrench"],"picked":"Headbutt+1","floor":22},{"not_picked":["Body Slam","Iron Wave"],"picked":"Clash","floor":25},{"not_picked":["Cleave+1","Whirlwind","Clothesline"],"picked":"Twin Strike","floor":28},{"not_picked":["True Grit","Shockwave","Hemokinesis+1"],"picked":"Twin Strike","floor":31},{"not_picked":["Brutality","Barricade","Feed"],"picked":"Offering","floor":33},{"not_picked":["Headbutt+1","Armaments","Whirlwind","Shockwave"],"picked":"SKIP","floor":35},{"not_picked":["Sword Boomerang+1","Entrench","Infernal Blade+1","Blood for Blood+1"],"picked":"SKIP","floor":36},{"not_picked":["Heavy Blade","True Grit","Cleave+1","Headbutt"],"picked":"SKIP","floor":38},{"not_picked":["Fire Breathing","Second Wind","Thunderclap+1","Berserk"],"picked":"SKIP","floor":39},{"not_picked":["Shrug It Off","Iron Wave","Uppercut"],"picked":"Intimidate","floor":41},{"not_picked":["Flex+1","Clothesline+1","Shockwave+1"],"picked":"Inflame","floor":42}],"player_experience":179410,"relics_obtained":[{"floor":8,"key":"Nunchaku"},{"floor":9,"key":"Toy Ornithopter"},{"floor":26,"key":"Question Card"},{"floor":43,"key":"Bottled Tornado"}],"event_choices":[{"damage_healed":0,"gold_gain":75,"player_choice":"Gather Gold","damage_taken":11,"max_hp_gain":0,"max_hp_loss":0,"event_name":"World of Goop","floor":4,"gold_loss":0},{"damage_healed":0,"gold_gain":0,"player_choice":"Smashed Altar","damage_taken":0,"max_hp_gain":0,"max_hp_loss":0,"event_name":"Forgotten Altar","floor":21,"gold_loss":0,"cards_obtained":["Decay"]},{"cards_removed":["Decay"],"damage_healed":0,"gold_gain":0,"player_choice":"Purged","damage_taken":0,"max_hp_gain":0,"max_hp_loss":0,"event_name":"Purifier","floor":24,"gold_loss":0},{"damage_healed":0,"gold_gain":0,"player_choice":"Obtained Relic","damage_taken":0,"relics_obtained":["Centennial Puzzle"],"max_hp_gain":0,"max_hp_loss":0,"event_name":"Addict","floor":27,"gold_loss":85},{"damage_healed":0,"gold_gain":0,"player_choice":"Cursed","damage_taken":0,"max_hp_gain":0,"max_hp_loss":0,"event_name":"Wheel of Change","floor":29,"gold_loss":0,"cards_obtained":["Decay"]},{"cards_removed":["Warcry"],"damage_healed":0,"gold_gain":0,"player_choice":"Removed Skill","damage_taken":0,"max_hp_gain":0,"max_hp_loss":0,"event_name":"Falling","floor":37,"gold_loss":0}],"is_beta":false,"boss_relics":[{"not_picked":["Black Star","Astrolabe"],"picked":"Empty Cage"},{"not_picked":["Pandora\u0027s Box","Mark of Pain"],"picked":"SacredBark"}],"items_purged_floors":[19],"is_endless":false,"potions_floor_spawned":[1,2,8,10,13,22,28,31,33,35,36,38,42],"killed_by":"Maw","ascension_level":1}}