{"host":"hjw1ay65n7jm40lc","time":1607785344,"event":{"mods":["AchievementEnabler","BaseMod","Colored Map","Colored Powertips","Googly Eyes","Highlight Path","Minty Spire (QoL Compilation)","Quick Restart","Relic Stats"],"gold_per_floor":[114,124,1,20,86,119,119,119,144,144,185,24,24,24],"floor_reached":13,"playtime":617,"items_purged":["Regret"],"score":105,"play_id":"3d466b47-9209-49a5-9a85-370b717ab6ad","local_time":"20201212100224","is_ascension_mode":true,"campfire_choices":[{"data":"Loop","floor":7.0,"key":"SMITH"},{"floor":10.0,"key":"REST"}],"circlet_count":0,"master_deck":["Strike_B","Strike_B","Strike_B","Strike_B","Defend_B","Defend_B","Defend_B","Defend_B","Zap","Dualcast","Loop+1","Streamline","Rebound","Loop","Core Surge","Hologram","Reinforced Body","Self Repair"],"relics":["Cracked Core","Calipers","Tiny Chest","Golden Idol","Pen Nib","Boot"],"acts_visited":["Exordium"],"potions_floor_usage":[13],"damage_taken":[{"damage":8.0,"enemies":"Cultist","floor":1.0,"turns":3.0},{"damage":11.0,"enemies":"Jaw Worm","floor":2.0,"turns":3.0},{"damage":3.0,"enemies":"2 Louse","floor":4.0,"turns":2.0},{"damage":25.0,"enemies":"Lagavulin","floor":6.0,"turns":5.0},{"damage":40,"enemies":"3 Sentries","floor":11,"turns":6},{"damage":9,"enemies":"Lagavulin","floor":13,"turns":5}],"seed_played":"1908659314846245704","potions_obtained":[{"floor":4.0,"key":"DuplicationPotion"}],"is_trial":false,"path_per_floor":["M","M","$","M","?","E","R","?","T","R","E","$","E"],"character_chosen":"DEFECT","items_purchased":["Rebound","Reinforced Body","Self Repair"],"campfire_rested":1,"item_purchase_floors":[3,12,12],"current_hp_per_floor":[67,56,56,53,53,28,28,28,28,48,8,8,0,0],"gold":24,"neow_bonus":"ONE_RARE_RELIC","is_daily":false,"chose_seed":false,"campfire_upgraded":1,"win_rate":0.0,"timestamp":1607785344,"path_taken":["M","M","$","M","?","E","R","?","T","R","E","$","E"],"items_purchased_type":["Card","Card","Card"],"build_version":"2020-11-30","purchased_purges":1,"victory":false,"max_hp_per_floor":[75,75,75,75,75,75,75,69,69,69,69,69,69,69],"relic_stats":{"counters":[6,24],"Golden Idol":8,"Tiny Chest":0,"Pen Nib":[0],"Boot":[1],"obtain_stats":[{"Calipers":0,"Golden Idol":8,"Tiny Chest":6,"Pen Nib":9,"Cracked Core":0,"Boot":11},{"Calipers":0,"Golden Idol":4,"Tiny Chest":4,"Pen Nib":4,"Cracked Core":0,"Boot":5},{"Calipers":0,"Golden Idol":13,"Tiny Chest":13,"Pen Nib":13,"Cracked Core":0,"Boot":19}]},"card_choices":[{"not_picked":["Gash","Streamline"],"picked":"Loop","floor":1.0},{"not_picked":["Leap","Go for the Eyes"],"picked":"Streamline","floor":2.0},{"not_picked":["Melter","Gash"],"picked":"Loop","floor":4.0},{"not_picked":["BootSequence","Beam Cell"],"picked":"Core Surge","floor":6.0},{"not_picked":["Beam Cell","Turbo"],"picked":"Hologram","floor":11}],"player_experience":158405,"relics_obtained":[{"floor":6.0,"key":"Tiny Chest"},{"floor":9.0,"key":"Pen Nib"},{"floor":11,"key":"Boot"}],"event_choices":[{"damage_healed":0.0,"max_hp_gain":0.0,"max_hp_loss":0.0,"gold_gain":66.0,"event_name":"Golden Wing","player_choice":"Gained Gold","floor":5.0,"gold_loss":0.0,"damage_taken":0.0},{"damage_healed":0.0,"max_hp_gain":0.0,"max_hp_loss":6.0,"gold_gain":0.0,"event_name":"Golden Idol","player_choice":"Lose Max HP","floor":8.0,"gold_loss":0.0,"damage_taken":0.0,"relics_obtained":["Golden Idol"]}],"is_beta":false,"boss_relics":[],"items_purged_floors":[3],"is_endless":false,"potions_floor_spawned":[4],"killed_by":"Lagavulin","ascension_level":3}}