{"host":"z6c1sol8rulx2ubz","time":1607782543,"event":{"mods":["AchievementEnabler","Act Like it!","BaseMod","Better Note","Better Third Choice","Downfall","Elementarium","Gold Saver","Hallownest","Hermit","Hubris","Infinite Spire","Jorbs\u0027s Wanderer Trilogy","Minty Spire (QoL Compilation)","Potionbrewer","Quick Restart","Rare Cards Sparkle","Reorder Act Four","StSLib","The Animator","The Bug Knight","The Cursed","The Necromancer","Wandering Minibosses"],"gold_per_floor":[414,414,414,70,96,96,125,125,125,125,257,272,228,243,243,346,346,360,377,377,377,26,26,26,26,26,80,80,80,100,136,136,136,136],"floor_reached":33,"playtime":1630,"items_purged":["Regret","Burn"],"score":282,"play_id":"caeb3e87-2a3f-4ca0-9dbc-101504c335cb","local_time":"20201212141543","is_ascension_mode":true,"campfire_choices":[{"data":"Metamorphosis","floor":6,"key":"SMITH"},{"data":"expansioncontent:DonusPower","floor":8,"key":"SMITH"},{"data":"potionbrewer:ChainReaction","floor":15,"key":"SMITH"},{"floor":23,"key":"REST"},{"floor":25,"key":"REST"},{"floor":28,"key":"REST"},{"floor":32,"key":"REST"}],"circlet_count":0,"master_deck":["potionbrewer:PotionbrewerStrike","potionbrewer:PotionbrewerStrike","potionbrewer:PotionbrewerStrike","potionbrewer:PotionbrewerStrike","potionbrewer:PotionbrewerDefend","potionbrewer:PotionbrewerDefend","potionbrewer:PotionbrewerDefend","potionbrewer:PotionbrewerDefend","potionbrewer:Collect","potionbrewer:ChemicalSpill","potionbrewer:BrokenBeakers","potionbrewer:Toxicity","Metamorphosis+1","expansioncontent:DonusPower+1","potionbrewer:Shovel","potionbrewer:AnotherRound","potionbrewer:ChainReaction+1","potionbrewer:Smack+1","potionbrewer:Transmute+1","potionbrewer:Prototype","potionbrewer:DigDeep","potionbrewer:TestFormula","HandOfGreed+1","potionbrewer:PrivateReserves","potionbrewer:PrivateReserves","potionbrewer:LeftoverSpecimen","hubris:NaturalOne","potionbrewer:Prototype","potionbrewer:Prototype"],"relics":["potionbrewer:PotionKit","PreservedInsect","infinitespire:Beetle Shell","White Beast Statue","hubris:Icosahedron","Molten Egg 2","betterThird:SlimedRelic","Runic Pyramid","Membership Card","Tiny Chest","Chemical X","hubris:BottledRain","hubris:SlimyHat"],"acts_visited":["Exordium","TheCity"],"potions_floor_usage":[7,7,11,11,14,16,16,18,18,18,19,19,27,27,27,30,30,30,30,30,31,31,33],"damage_taken":[{"damage":1,"enemies":"Jaw Worm","floor":1,"turns":5},{"damage":2,"enemies":"HollowMod:MossKnight","floor":7,"turns":4},{"damage":2,"enemies":"Lagavulin","floor":11,"turns":5},{"damage":0,"enemies":"2 Louse","floor":12,"turns":2},{"damage":0,"enemies":"Small Slimes","floor":14,"turns":3},{"damage":30,"enemies":"Slime Boss","floor":16,"turns":7},{"damage":34,"enemies":"2 Thieves","floor":18,"turns":4},{"damage":7,"enemies":"Spheric Guardian","floor":19,"turns":5},{"damage":26,"enemies":"Slavers","floor":27,"turns":5},{"damage":35,"enemies":"Snake Plant","floor":30,"turns":7},{"damage":25,"enemies":"Shelled Parasite and Fungi","floor":31,"turns":5},{"damage":36,"enemies":"Champ","floor":33,"turns":2}],"seed_played":"-3461149769885939703","potions_obtained":[{"floor":11,"key":"Dexterity Potion"},{"floor":12,"key":"potionbrewer:ToxicPotion"},{"floor":14,"key":"Dexterity Potion"},{"floor":16,"key":"FearPotion"},{"floor":18,"key":"potionbrewer:BarricadePotion"},{"floor":19,"key":"potionbrewer:QuicksilverPotion"},{"floor":27,"key":"ColorlessPotion"},{"floor":30,"key":"GamblersBrew"},{"floor":31,"key":"Fire Potion"}],"is_trial":false,"path_per_floor":["M","?","?","$","T","R","E","R","T","?","E","M","?","M","R","B",null,"M","M","AVR","?","$","R","?","R","T","E","R","?","M","M","R","B"],"character_chosen":"POTIONBREWER","items_purchased":["Metamorphosis","expansioncontent:DonusPower","potionbrewer:TestFormula","HandOfGreed+1","Tiny Chest","potionbrewer:PrivateReserves","Chemical X"],"campfire_rested":4,"item_purchase_floors":[4,4,22,22,22,22,22],"current_hp_per_floor":[74,74,74,74,74,74,72,72,72,72,70,70,59,59,59,29,75,41,34,34,20,20,44,44,68,68,42,66,66,31,6,30,0,0],"gold":136,"neow_bonus":"ONE_RANDOM_RARE_CARD","is_daily":false,"chose_seed":false,"campfire_upgraded":3,"win_rate":0.0,"timestamp":1607782543,"path_taken":["M","?","?","$","?","R","E","R","T","?","E","M","?","M","R","BOSS","M","M","AVR","?","$","R","?","R","T","E","R","?","M","M","R","BOSS"],"items_purchased_type":["Card","Card","Card","Card","Relic","Card","Relic"],"build_version":"2020-11-30","purchased_purges":2,"victory":false,"max_hp_per_floor":[75,75,75,75,75,75,75,75,75,75,75,75,75,75,75,75,75,75,75,75,80,80,80,80,80,80,80,80,80,80,80,80,80,80],"card_choices":[{"not_picked":["potionbrewer:FlashPowder","potionbrewer:Biohazard"],"picked":"potionbrewer:Toxicity","floor":1},{"not_picked":["potionbrewer:Biohazard","potionbrewer:Brandish"],"picked":"potionbrewer:Shovel","floor":7},{"not_picked":["potionbrewer:Brandish","potionbrewer:FortifiedSerum"],"picked":"potionbrewer:AnotherRound","floor":11},{"not_picked":["potionbrewer:TimeBomb+1","potionbrewer:TestFormula"],"picked":"potionbrewer:ChainReaction","floor":12},{"not_picked":["potionbrewer:Smokescreen","potionbrewer:FortifiedSerum"],"picked":"potionbrewer:Smack+1","floor":14},{"not_picked":["potionbrewer:RefinedProcess+1","potionbrewer:ResearchResults","potionbrewer:Prototype"],"picked":"potionbrewer:Transmute+1","floor":16},{"not_picked":["potionbrewer:TestFormula+1","potionbrewer:UnstableFormula+1","potionbrewer:OneTwoPunch+1"],"picked":"potionbrewer:Prototype","floor":18},{"not_picked":["potionbrewer:Spark+1","potionbrewer:Biohazard"],"picked":"potionbrewer:DigDeep","floor":19},{"not_picked":["potionbrewer:BlindingSpray+1","potionbrewer:FortifiedSerum"],"picked":"potionbrewer:PrivateReserves","floor":27},{"not_picked":["potionbrewer:MicrobeSpray","potionbrewer:Shovel+1","potionbrewer:HazardousWaste"],"picked":"potionbrewer:Prototype","floor":30},{"not_picked":["potionbrewer:Toxicity","potionbrewer:TimeBomb+1","potionbrewer:Shovel+1"],"picked":"potionbrewer:Prototype","floor":31}],"player_experience":220581,"relics_obtained":[{"floor":7,"key":"infinitespire:Beetle Shell"},{"floor":9,"key":"White Beast Statue"},{"floor":11,"key":"Molten Egg 2"},{"floor":26,"key":"hubris:BottledRain"},{"floor":27,"key":"hubris:SlimyHat"}],"event_choices":[{"damage_healed":74,"gold_gain":0,"player_choice":"Embrace Burn","damage_taken":0,"max_hp_gain":0,"max_hp_loss":75,"event_name":"betterThird:BetterShining","floor":2,"gold_loss":0},{"damage_healed":0,"gold_gain":0,"player_choice":"Box","damage_taken":0,"relics_obtained":["PreservedInsect"],"max_hp_gain":0,"max_hp_loss":0,"event_name":"Big Fish","floor":3,"gold_loss":0,"cards_obtained":["Regret"]},{"damage_healed":0,"gold_gain":0,"player_choice":"Slimed","damage_taken":11,"max_hp_gain":0,"max_hp_loss":0,"event_name":"betterThird:BetterGoop","floor":13,"gold_loss":44},{"damage_healed":0,"gold_gain":0,"player_choice":"Shed Blood","damage_taken":19,"max_hp_gain":5,"max_hp_loss":0,"event_name":"Forgotten Altar","floor":21,"gold_loss":0},{"damage_healed":0,"gold_gain":0,"player_choice":"Ignored","damage_taken":0,"max_hp_gain":0,"max_hp_loss":0,"event_name":"Ghosts","floor":24,"gold_loss":0},{"damage_healed":0,"gold_gain":0,"player_choice":"Read","damage_taken":0,"max_hp_gain":0,"max_hp_loss":0,"event_name":"The Library","floor":29,"gold_loss":0,"cards_obtained":["potionbrewer:LeftoverSpecimen"]}],"is_beta":false,"boss_relics":[{"not_picked":["SlaversCollar","Coffee Dripper"],"picked":"Runic Pyramid"}],"items_purged_floors":[4,22],"is_endless":false,"potions_floor_spawned":[11,12,14,16,18,19,27,30,31],"killed_by":"Champ","ascension_level":1}}