{"host":"w4b7hmige5bnqipq","time":1607735965,"event":{"mods":["BaseMod","Minty Spire (QoL Compilation)","Rare Cards Sparkle","SuperFastMode","everything is the same but u backflip on backflip","slay the spire mod where everything is the same but ironclad has a cowboy hat"],"gold_per_floor":[112,131,131,147,167,198,198,232,232,232,157,157,185,0,0,0,0],"floor_reached":16,"playtime":434,"items_purged":["Strike_G"],"score":236,"play_id":"4a066bd2-f585-4ee8-9f9e-6992880002bd","local_time":"20201212101925","is_ascension_mode":true,"campfire_choices":[{"data":"Wraith Form v2","floor":7,"key":"SMITH"},{"floor":12,"key":"REST"},{"data":"Adrenaline","floor":15,"key":"SMITH"}],"circlet_count":0,"master_deck":["AscendersBane","Strike_G","Strike_G","Defend_G","Defend_G","Defend_G","Defend_G","Survivor","Neutralize","Riddle With Holes","PiercingWail","Dagger Spray","Escape Plan","Wraith Form v2+1","Adrenaline+1","Terror","Well Laid Plans"],"relics":["Ring of the Snake","CaptainsWheel","Ninja Scroll","HornCleat","Question Card","Membership Card"],"acts_visited":["Exordium"],"potions_floor_usage":[6,8,16],"damage_taken":[{"damage":3.0,"enemies":"2 Louse","floor":1.0,"turns":2.0},{"damage":0.0,"enemies":"Jaw Worm","floor":2.0,"turns":5.0},{"damage":0.0,"enemies":"Cultist","floor":4.0,"turns":4.0},{"damage":0.0,"enemies":"3 Louse","floor":5.0,"turns":2.0},{"damage":21,"enemies":"Lagavulin","floor":6,"turns":5},{"damage":28,"enemies":"3 Sentries","floor":8,"turns":10},{"damage":1,"enemies":"Gremlin Nob","floor":13,"turns":6},{"damage":30,"enemies":"Hexaghost","floor":16,"turns":8}],"seed_played":"4623212282619325973","potions_obtained":[{"floor":4.0,"key":"PowerPotion"},{"floor":5.0,"key":"Swift Potion"},{"floor":13,"key":"AttackPotion"}],"is_trial":false,"path_per_floor":["M","M","?","M","M","E","R","E","T","?","$","R","E","$","R","B"],"character_chosen":"THE_SILENT","items_purchased":["Membership Card","Well Laid Plans"],"campfire_rested":1,"item_purchase_floors":[14,14],"current_hp_per_floor":[56,56,61,61,61,40,40,12,12,5,5,24,23,23,23,0,0],"gold":0,"neow_bonus":"TRANSFORM_TWO_CARDS","is_daily":false,"chose_seed":false,"campfire_upgraded":2,"win_rate":0.0,"timestamp":1607735965,"path_taken":["M","M","?","M","M","E","R","E","T","?","$","R","E","$","R","BOSS"],"items_purchased_type":["Relic","Card"],"build_version":"2020-11-30","purchased_purges":1,"victory":false,"max_hp_per_floor":[60,60,65,65,65,65,65,65,65,65,65,65,65,65,65,65,65],"card_choices":[{"not_picked":["Bane","Flying Knee"],"picked":"Dagger Spray","floor":1.0},{"not_picked":["Choke","PiercingWail","Dagger Spray"],"picked":"SKIP","floor":2.0},{"not_picked":["Choke","Flying Knee"],"picked":"Escape Plan","floor":4.0},{"not_picked":["Deflect","All Out Attack","Dodge and Roll"],"picked":"SKIP","floor":5.0},{"not_picked":["Outmaneuver","Bane"],"picked":"Wraith Form v2","floor":6},{"not_picked":["PiercingWail","Slice"],"picked":"Adrenaline","floor":8},{"not_picked":["Quick Slash","All Out Attack"],"picked":"Terror","floor":13}],"player_experience":380350,"relics_obtained":[{"floor":6,"key":"CaptainsWheel"},{"floor":8,"key":"Ninja Scroll"},{"floor":9,"key":"HornCleat"},{"floor":13,"key":"Question Card"}],"event_choices":[{"damage_healed":0.0,"max_hp_gain":5.0,"max_hp_loss":0.0,"gold_gain":0.0,"event_name":"Big Fish","player_choice":"Donut","floor":3.0,"gold_loss":0.0,"damage_taken":0.0},{"cards_removed":["Strike_G"],"damage_healed":0,"gold_gain":0,"player_choice":"Card Removal","damage_taken":7,"max_hp_gain":0,"max_hp_loss":0,"event_name":"Golden Wing","floor":10,"gold_loss":0}],"is_beta":false,"boss_relics":[],"items_purged_floors":[11],"is_endless":false,"potions_floor_spawned":[4,5,13],"killed_by":"Hexaghost","ascension_level":20}}