{"host":"8xp52u5o8fcssvzz","time":1607737108,"event":{"mods":["2.2 Compatiblity","AchievementEnabler","Act Like it!","Aspiration","BaseMod","Better Altar","Better Match","Better Note","Better Sensory Stone","Better Skull","Better Third Choice","BetterRewards","Colored Map","Conspire","Downfall","GifTheSpireLib","Googly Eyes","Halation","Hallownest","Highlight Path","Hubris","Infinite Spire","Jorbs\u0027s Wanderer Trilogy","Marisa????????","Mimic Mod","Minty Spire (QoL Compilation)","Replay The Spire","Spicy Shops","StSLib","Stuff the Spire","The Blackbeard","The Gatherer","The Necromancer","The Runesmith","The Servant 0.9.4","Unceasing Turn Reminder","everything is the same but u backflip on backflip"],"gold_per_floor":[114,141,141,29,48,48,58,74,100,119,137,137,87,87,87,122,122,237,237,262,296,296,331,365,405,405,455,455,455,486,486,546,347,347,493,493,514,568,601,601,601,601,635,635,669,669,669,742,754,804,816,828,840,852,864,876,42,101,101],"floor_reached":60,"playtime":4313,"items_purged":["Strike_MRS","Defend_MRS","Strike_MRS","Defend_MRS","Normality"],"score":1547,"play_id":"13ac4464-df37-4824-ab9e-446b1aff66eb","local_time":"20201211173828","is_ascension_mode":false,"campfire_choices":[{"data":"StuffTheSpire:BrainWave","floor":17,"key":"SMITH"},{"data":"MillisecondPulsars","floor":26,"key":"SMITH"},{"data":"BinaryStars","floor":31,"key":"SMITH"},{"data":"Acceleration","floor":34,"key":"SMITH"},{"data":"Acceleration","floor":44,"key":"SMITH"},{"floor":53,"key":"RECALL"},{"data":"UltimateShortwave","floor":56,"key":"SMITH"}],"circlet_count":0,"master_deck":["Defend_MRS","MasterSpark","UpSweep","StarBarrage","GalacticHalo","StuffTheSpire:BrainWave+1","EnergyFlow","6A","Acceleration+1","MillisecondPulsars+1","UnstableBomb","DC","WitchOfGreed","BinaryStars+1","CurseOfTheBell","Acceleration+1","PowerUp","GravityBeat","ShootingEcho","EarthLightRay","EarthLightRay+1","StuffTheSpire:BrainWave+1","conspire:Blindness","UltimateShortwave+1","sneckomod:Bewildered","Acceleration+1","MilkyWay","Singularity+1","AsteroidBelt","Madness+1","Parasite","Acceleration+1","Doubt"],"relics":["MiniHakkero","Hallownest:DreamNailRelic","AmplifyWand","Replay:Grab Bag","Sozu","RampagingMagicTools","Calling Bell","conspire:RunicOctahedron","Gremlin Food","infinitespire:WardingShard","hubris:FunFungus","Blood Vial","Ring of Peace","Ring of Greed","Golden Idol","The Courier","Sundial","Tiny Chest","StuffTheSpire:Gunfinga","PreservedInsect","DollysMirror","conspire:RoyalGoblet","conspire:TopHat","StuffTheSpire:GreaterSneckoEye","Replay:Drink Me","MawBank","hubris:SlimyHat","hubris:ToyBattleship","Anchor","hubris:BundleOfHerbs","StuffTheSpire:GrapeVine","Lee\u0027s Waffle","Vajra","StuffTheSpire:OldFever"],"acts_visited":["Exordium","Hallownest:Greenpath","TheBeyond","TheEnding"],"potions_floor_usage":[11,21,32,54],"damage_taken":[{"damage":0,"enemies":"Hallownest:monsterHuskGuard","floor":1,"turns":4},{"damage":11,"enemies":"Hallownest:eliteVengeflyKing","floor":2,"turns":7},{"damage":0,"enemies":"Hallownest:2_Baldur","floor":5,"turns":2},{"damage":0,"enemies":"Hallownest:2_MossCreeps","floor":7,"turns":4},{"damage":11,"enemies":"Hallownest:Guard_and_Warrior","floor":8,"turns":4},{"damage":12,"enemies":"Hallownest:1_Baldur_1_Crawlid_1_Warrior","floor":10,"turns":4},{"damage":4,"enemies":"Hallownest:1_Ooma_and_2_Uuma","floor":11,"turns":4},{"damage":3,"enemies":"Hallownest:eliteVengeflyKing","floor":16,"turns":6},{"damage":16,"enemies":"Hallownest:BossBrokenVessel","floor":18,"turns":10},{"damage":1,"enemies":"Hallownest:Guard_and_Sentry","floor":20,"turns":4},{"damage":0,"enemies":"Hallownest:Flukemon_and_Top","floor":21,"turns":3},{"damage":8,"enemies":"Hallownest:monsterShrumalOgre","floor":23,"turns":4},{"damage":6,"enemies":"Hallownest:Warrior_and_Youth","floor":24,"turns":4},{"damage":6,"enemies":"Hallownest:eliteWatcherKnight","floor":25,"turns":10},{"damage":0,"enemies":"Hallownest:2_Flukemon","floor":30,"turns":4},{"damage":0,"enemies":"Hallownest:Nosk","floor":32,"turns":4},{"damage":0,"enemies":"Hallownest:BossSoulMaster","floor":35,"turns":4},{"damage":0,"enemies":"Orb Walker","floor":37,"turns":2},{"damage":29,"enemies":"3 Shapes","floor":39,"turns":4},{"damage":3,"enemies":"Sphere and 2 Shapes","floor":43,"turns":4},{"damage":0,"enemies":"Spire Growth","floor":45,"turns":3},{"damage":61,"enemies":"Nemesis","floor":48,"turns":7},{"damage":4,"enemies":"Writhing Mass","floor":50,"turns":5},{"damage":39,"enemies":"Time Eater","floor":54,"turns":8},{"damage":0,"enemies":"Shield and Spear","floor":58,"turns":3},{"damage":12,"enemies":"The Heart","floor":59,"turns":6}],"seed_played":"-327756509593356346","potions_obtained":[{"floor":2,"key":"SteroidPotion"},{"floor":8,"key":"Adrenaline Potion"},{"floor":11,"key":"FearPotion"},{"floor":18,"key":"Slimebound:ThreeZeroPotion"}],"is_trial":false,"path_per_floor":["M","?","?","$","M","?","M","M","T","M","M","?","$","PTL","PTL","E","R","B",null,"M","M","AVR","M","M","E","R","?","T","?","M","R","E","$","R","B",null,"M","T","M","?","PTL","PTL","M","R","M","AVR","T","E","?","M","T","?","R","B",null,"R","$","E","B",null],"character_chosen":"MARISA","items_purchased":["EnergyFlow","DC","DollysMirror","Anchor","hubris:BundleOfHerbs","StuffTheSpire:GrapeVine","Lee\u0027s Waffle","Vajra"],"campfire_rested":0,"item_purchase_floors":[4,13,33,57,57,57,57,57],"current_hp_per_floor":[82,71,71,71,71,71,71,60,60,48,44,52,52,52,52,49,49,33,82,81,82,82,74,68,71,71,71,71,32,38,38,50,50,50,65,82,82,82,62,42,42,42,53,53,66,62,62,22,10,34,34,34,34,29,59,59,66,66,66],"gold":101,"neow_bonus":"TEN_PERCENT_HP_BONUS","is_daily":false,"chose_seed":false,"campfire_upgraded":6,"win_rate":0.0,"timestamp":1607737108,"path_taken":["M","?","?","?","?","?","M","M","T","M","?","?","?","PTL","PTL","E","R","BOSS","M","M","AVR","?","M","E","R","?","T","?","M","R","E","$","R","BOSS","M","?","M","?","PTL","PTL","M","R","M","AVR","T","E","?","M","?","?","R","BOSS","R","$","E","BOSS"],"items_purchased_type":["Card","Card","Relic","Relic","Relic","Relic","Relic","Relic"],"build_version":"2020-11-30","purchased_purges":5,"victory":true,"max_hp_per_floor":[82,82,82,82,82,82,82,82,82,82,82,82,82,82,82,82,82,82,82,82,82,82,82,82,82,82,82,82,82,82,82,82,82,82,82,82,82,82,82,82,82,82,82,82,82,62,62,62,62,62,62,59,59,59,59,59,66,66,66],"card_choices":[{"not_picked":["GalacticHalo","IllusionStar"],"picked":"StarBarrage","floor":1},{"not_picked":["StarlightTyphoon","AsteroidBelt"],"picked":"GalacticHalo","floor":2},{"not_picked":["StuffTheSpire:Innocence","StuffTheSpire:Rapture"],"picked":"StuffTheSpire:BrainWave","floor":3},{"not_picked":["IllusionStar","GalacticHalo"],"picked":"6A","floor":5},{"not_picked":["EnergyRecoil","IllusionStar"],"picked":"Acceleration","floor":7},{"not_picked":["StarBarrage","Occultation","FairyDestructionRay"],"picked":"SKIP","floor":8},{"not_picked":["DarkSpark","MagicChant"],"picked":"MillisecondPulsars","floor":10},{"not_picked":["BlazeAway","AsteroidBelt"],"picked":"UnstableBomb","floor":11},{"not_picked":["GasGiant","GalacticHalo"],"picked":"WitchOfGreed","floor":16},{"not_picked":["ManaRampage","MaximisePower"],"picked":"BinaryStars","floor":18},{"not_picked":["GalacticHalo","BlazeAway"],"picked":"Acceleration","floor":20},{"not_picked":["DragonMeteor","StarBarrage"],"picked":"PowerUp","floor":21},{"not_picked":["DragonMeteor+1","SprinkleStarSeal+1"],"picked":"GravityBeat","floor":23},{"not_picked":["DoubleSpark","StarBarrage"],"picked":"ShootingEcho","floor":24},{"not_picked":["UnstableBomb","LuminesStrike"],"picked":"EarthLightRay","floor":25},{"not_picked":["OneTimeOff+1","PowerUp"],"picked":"EarthLightRay+1","floor":30},{"not_picked":["DoubleSpark","EscapeVelocity","DC"],"picked":"SKIP","floor":32},{"not_picked":["ManaRampage","AbsoluteMagnitude"],"picked":"UltimateShortwave","floor":35},{"not_picked":["EnergyFlow+1","OpenUniverse+1"],"picked":"Acceleration+1","floor":37},{"not_picked":["PulseMagic","Acceleration"],"picked":"MilkyWay","floor":39},{"not_picked":["WitchLeyline","DarkSpark"],"picked":"Singularity+1","floor":43},{"not_picked":["ShootingEcho","DarkSpark+1","GrandCross+1"],"picked":"SKIP","floor":45},{"not_picked":["DC+1","PowerUp+1"],"picked":"AsteroidBelt","floor":48},{"not_picked":["EnergyFlow+1","ChargeUpSpray+1"],"picked":"Acceleration+1","floor":50},{"not_picked":["NonDirectionalLaser+1","GrandCross+1","Singularity"],"picked":"SKIP","floor":58}],"player_experience":396885,"relics_obtained":[{"floor":2,"key":"infinitespire:Satchel"},{"floor":16,"key":"AmplifyWand"},{"floor":19,"key":"Gremlin Food"},{"floor":19,"key":"infinitespire:WardingShard"},{"floor":19,"key":"hubris:FunFungus"},{"floor":25,"key":"Blood Vial"},{"floor":27,"key":"Ring of Peace"},{"floor":27,"key":"Ring of Greed"},{"floor":27,"key":"Golden Idol"},{"floor":27,"key":"The Courier"},{"floor":28,"key":"Sundial"},{"floor":32,"key":"PreservedInsect"},{"floor":38,"key":"conspire:TopHat"},{"floor":40,"key":"StuffTheSpire:GreaterSneckoEye"},{"floor":47,"key":"MawBank"},{"floor":48,"key":"hubris:SlimyHat"},{"floor":51,"key":"hubris:ToyBattleship"},{"floor":58,"key":"StuffTheSpire:OldFever"}],"event_choices":[{"damage_healed":0,"gold_gain":0,"player_choice":"RE RE ","damage_taken":43,"relics_obtained":["Tiny Chest","StuffTheSpire:Gunfinga"],"max_hp_gain":0,"max_hp_loss":0,"event_name":"betterSkull:BetterSkull","floor":29,"gold_loss":0,"cards_upgraded":[]},{"damage_healed":0,"gold_gain":3,"player_choice":"2","damage_taken":0,"max_hp_gain":0,"max_hp_loss":12,"event_name":"betterStone:BetterStone","floor":49,"gold_loss":0},{"damage_healed":0,"gold_gain":0,"player_choice":"Max HP","damage_taken":0,"max_hp_gain":0,"max_hp_loss":3,"event_name":"Winding Halls","floor":52,"gold_loss":0}],"is_beta":false,"boss_relics":[{"not_picked":["Velvet Choker","Replay:Bronze Core"],"picked":"Replay:Grab Bag"},{"not_picked":["Replay:Wanted Poster","Runic Dome"],"picked":"Sozu"},{"not_picked":["Runesmith:UraniumAnvil","ReplayTheSpireMod:Onyx Gauntlets"],"picked":"RampagingMagicTools"},{"not_picked":["conspire:SpecialSausage","ReplayTheSpireMod:SealedPack"],"picked":"Calling Bell"},{"not_picked":["halation:Risk","halation:PlatinumPhoenix"],"picked":"conspire:RunicOctahedron"},{"not_picked":["hubris:GrandSneckoEye","halation:CatFaceCupcake"],"picked":"conspire:RoyalGoblet"}],"items_purged_floors":[4,22,33,46,57],"is_endless":false,"potions_floor_spawned":[2,8,11,18,23,24],"ascension_level":0}}