{"host":"4np54w3ai1r5lqo1","time":1607779076,"event":{"mods":["BaseMod","Colored Map","Minty Spire (QoL Compilation)"],"gold_per_floor":[118,129,94,13,88,123,139,172,221,252,330,330,87,102,102,102,102],"floor_reached":16,"playtime":593,"items_purged":[],"score":159,"play_id":"37e2c554-ac98-4ce4-afed-47601ddee749","local_time":"20201212111756","is_ascension_mode":true,"campfire_choices":[{"floor":15,"key":"REST"}],"circlet_count":0,"master_deck":["Strike_G","Strike_G","Strike_G","Strike_G","Strike_G","Defend_G","Defend_G","Defend_G","Defend_G","Defend_G","Survivor","Neutralize","Prepared","Backflip","Footwork","All Out Attack","Poisoned Stab","All Out Attack","Good Instincts","Reflex"],"relics":["Fusion Hammer","Pantograph","Blood Vial","MealTicket","Tough Bandages","Golden Idol","Medical Kit"],"acts_visited":["Exordium"],"potions_floor_usage":[8,10,16],"damage_taken":[{"damage":8,"enemies":"2 Louse","floor":1,"turns":3},{"damage":4,"enemies":"Jaw Worm","floor":2,"turns":4},{"damage":31,"enemies":"3 Sentries","floor":6,"turns":16},{"damage":0,"enemies":"Small Slimes","floor":7,"turns":4},{"damage":6,"enemies":"Lagavulin","floor":8,"turns":6},{"damage":21,"enemies":"Gremlin Nob","floor":10,"turns":4},{"damage":9,"enemies":"3 Louse","floor":14,"turns":2},{"damage":56,"enemies":"Slime Boss","floor":16,"turns":10}],"seed_played":"-4357907869419667405","potions_obtained":[{"floor":2,"key":"DuplicationPotion"},{"floor":7,"key":"Strength Potion"},{"floor":10,"key":"Weak Potion"},{"floor":14,"key":"SkillPotion"}],"is_trial":false,"path_per_floor":["M","M","?","$","?","E","M","E","T","E","?","?","$","M","R","B"],"character_chosen":"THE_SILENT","items_purchased":["Footwork","Medical Kit","Good Instincts"],"campfire_rested":1,"item_purchase_floors":[4,13,13],"current_hp_per_floor":[55,51,68,68,57,26,26,20,20,1,1,1,16,9,28,0,0],"gold":102,"neow_bonus":"BOSS_RELIC","is_daily":false,"chose_seed":false,"campfire_upgraded":0,"win_rate":0.0,"timestamp":1607779076,"path_taken":["M","M","?","$","?","E","M","E","T","E","?","?","$","M","R","BOSS"],"items_purchased_type":["Card","Relic","Card"],"build_version":"2020-11-30","purchased_purges":0,"victory":false,"max_hp_per_floor":[70,70,70,70,70,70,70,70,70,70,70,65,65,65,65,65,65],"card_choices":[{"not_picked":["Backflip","Underhanded Strike"],"picked":"Prepared","floor":1},{"not_picked":["Blade Dance","Bane"],"picked":"Backflip","floor":2},{"not_picked":["Deflect","Storm of Steel"],"picked":"All Out Attack","floor":6},{"not_picked":["Dodge and Roll","Deflect"],"picked":"Poisoned Stab","floor":7},{"not_picked":["Heel Hook","Deflect","PiercingWail"],"picked":"SKIP","floor":8},{"not_picked":["Finisher","Footwork"],"picked":"All Out Attack","floor":10},{"not_picked":["Calculated Gamble","Outmaneuver"],"picked":"Reflex","floor":14}],"player_experience":450320,"relics_obtained":[{"floor":6,"key":"Pantograph"},{"floor":8,"key":"Blood Vial"},{"floor":9,"key":"MealTicket"},{"floor":10,"key":"Tough Bandages"}],"event_choices":[{"damage_healed":17,"gold_gain":0,"player_choice":"Healed","damage_taken":0,"max_hp_gain":0,"max_hp_loss":0,"event_name":"The Cleric","floor":3,"gold_loss":35},{"damage_healed":0,"gold_gain":75,"player_choice":"Gather Gold","damage_taken":11,"max_hp_gain":0,"max_hp_loss":0,"event_name":"World of Goop","floor":5,"gold_loss":0},{"damage_healed":0,"gold_gain":78,"player_choice":"Gained Gold","damage_taken":0,"max_hp_gain":0,"max_hp_loss":0,"event_name":"Golden Wing","floor":11,"gold_loss":0},{"damage_healed":0,"gold_gain":0,"player_choice":"Lose Max HP","damage_taken":0,"relics_obtained":["Golden Idol"],"max_hp_gain":0,"max_hp_loss":5,"event_name":"Golden Idol","floor":12,"gold_loss":0}],"is_beta":false,"boss_relics":[],"items_purged_floors":[],"is_endless":false,"potions_floor_spawned":[2,7,10,14],"killed_by":"Slime Boss","ascension_level":7}}