{"host":"fbqvzfq8f1yzoo4u","time":1607761191,"event":{"mods":["BaseMod","Minty Spire (QoL Compilation)","Replay The Spire","StSLib"],"gold_per_floor":[111,81,95,115,133,133,58,88,163,19,19,19,29,29,29,101,101,113,123,26,26,37,67,67,86,111,111,121,121],"floor_reached":28,"playtime":922,"items_purged":["Defend_B"],"score":476,"play_id":"41a17ccf-8ec1-4654-b005-99e0b3c7187e","local_time":"20201212161951","is_ascension_mode":true,"campfire_choices":[{"floor":6.0,"key":"REST"},{"floor":12.0,"key":"REST"},{"floor":15.0,"key":"REST"},{"data":"ReplayTheSpireMod:Calculation Training","floor":24.0,"key":"SMITH"}],"circlet_count":0,"master_deck":["AscendersBane","Defend_B","Defend_B","Zap","Dualcast","Gash","Leap","Double Energy","Ball Lightning","Self Repair","Lockon+1","Core Surge","Echo Form","Gash","Reinforced Body+1","Purity","ReplayTheSpireMod:Calculation Training+1","Gash","Writhe"],"relics":["Cracked Core","Du-Vu Doll","Pantograph","Unceasing Top","Empty Cage","Replay:Wax Seal","Replay:Bandana","Bag of Marbles"],"acts_visited":["Exordium","TheCity"],"potions_floor_usage":[28],"damage_taken":[{"damage":7.0,"enemies":"Jaw Worm","floor":1.0,"turns":3.0},{"damage":2.0,"enemies":"Cultist","floor":3.0,"turns":4.0},{"damage":0.0,"enemies":"2 Louse","floor":4.0,"turns":2.0},{"damage":7.0,"enemies":"Looter","floor":5.0,"turns":4.0},{"damage":35.0,"enemies":"Lagavulin","floor":8.0,"turns":7.0},{"damage":8.0,"enemies":"3 Louse","floor":13.0,"turns":2.0},{"damage":35.0,"enemies":"The Guardian","floor":16.0,"turns":9.0},{"damage":47.0,"enemies":"Shell Parasite","floor":18.0,"turns":5.0},{"damage":6.0,"enemies":"Spheric Guardian","floor":19.0,"turns":3.0},{"damage":7.0,"enemies":"Centurion and Healer","floor":22.0,"turns":6.0},{"damage":15.0,"enemies":"Gremlin Leader","floor":23.0,"turns":6.0},{"damage":31.0,"enemies":"Shelled Parasite and Fungi","floor":25.0,"turns":4.0},{"damage":27,"enemies":"Book of Stabbing","floor":28,"turns":4}],"seed_played":"5017899022413099963","potions_obtained":[{"floor":2.0,"key":"Ancient Potion"},{"floor":2.0,"key":"Ancient Potion"},{"floor":3.0,"key":"FocusPotion"},{"floor":8.0,"key":"EssenceOfSteel"},{"floor":22.0,"key":"SkillPotion"},{"floor":23.0,"key":"PowerPotion"},{"floor":25.0,"key":"Dexterity Potion"}],"is_trial":false,"path_per_floor":["M","?","M","M","M","R","$","E","T","$","?","R","M","T","R","B",null,"M","M","$","?","M","E","R","M","T","?","E"],"character_chosen":"DEFECT","items_purchased":["Ball Lightning","Self Repair","Purity"],"campfire_rested":3,"item_purchase_floors":[10,10,20],"current_hp_per_floor":[57,57,55,55,48,64,64,29,29,29,29,48,40,40,59,36,57,24,25,25,64,64,56,56,25,25,25,0,0],"gold":121,"neow_bonus":"REMOVE_TWO","is_daily":false,"chose_seed":false,"campfire_upgraded":1,"win_rate":0.0,"timestamp":1607761191,"path_taken":["M","?","M","M","M","R","?","E","T","$","?","R","M","?","R","BOSS","M","M","$","?","M","E","R","?","T","?","E"],"items_purchased_type":["Card","Card","Card"],"build_version":"2020-11-30","purchased_purges":1,"victory":false,"max_hp_per_floor":[64,64,64,64,64,64,64,64,64,64,64,64,64,64,64,64,64,64,64,64,64,64,64,64,64,64,64,64,64],"card_choices":[{"not_picked":["Coolheaded","Compile Driver","BasicCrystalCard"],"picked":"SKIP","floor":1.0},{"not_picked":["Compile Driver","Heatsinks"],"picked":"Gash","floor":3.0},{"not_picked":["Beam Cell","Steam Power"],"picked":"Leap","floor":4.0},{"not_picked":["Hello World","Steam"],"picked":"Double Energy","floor":5.0},{"not_picked":["Loop","ReplaySort"],"picked":"Sunder","floor":8.0},{"not_picked":["Beam Cell","Storm"],"picked":"Core Surge","floor":13.0},{"not_picked":["Thunder Strike","Machine Learning"],"picked":"Echo Form","floor":16.0},{"not_picked":["Tempest","Compile Driver+1"],"picked":"Gash","floor":18.0},{"not_picked":["Coolheaded","Time Bomb"],"picked":"Reinforced Body+1","floor":19.0},{"not_picked":["Hologram","BasicCrystalCard"],"picked":"ReplayTheSpireMod:Calculation Training","floor":22.0},{"not_picked":["Amplify","FIFO Queue"],"picked":"Gash","floor":23.0},{"not_picked":["Streamline+1","Barrage+1","Doom and Gloom"],"picked":"SKIP","floor":25.0}],"player_experience":565056,"relics_obtained":[{"floor":8.0,"key":"Du-Vu Doll"},{"floor":9.0,"key":"Pantograph"},{"floor":14.0,"key":"Unceasing Top"},{"floor":23.0,"key":"Replay:Wax Seal"},{"floor":26.0,"key":"Replay:Bandana"}],"event_choices":[{"damage_healed":0.0,"max_hp_gain":0.0,"max_hp_loss":0.0,"gold_gain":0.0,"event_name":"The Woman in Blue","player_choice":"Bought 2 Potions","floor":2.0,"gold_loss":0.0,"damage_taken":0.0},{"cards_removed":["Sunder"],"damage_healed":39.0,"max_hp_gain":0.0,"max_hp_loss":0.0,"gold_gain":0.0,"event_name":"Bonfire Elementals","player_choice":"Offered Uncommon","floor":21.0,"gold_loss":0.0,"damage_taken":0.0},{"damage_healed":0.0,"max_hp_gain":0.0,"max_hp_loss":0.0,"gold_gain":0.0,"event_name":"The Mausoleum","player_choice":"Opened","floor":27.0,"gold_loss":0.0,"damage_taken":0.0,"relics_obtained":["Bag of Marbles"],"cards_obtained":["Writhe"]}],"is_beta":false,"boss_relics":[{"not_picked":["Honey Jar","Cursed Key"],"picked":"Empty Cage"}],"items_purged_floors":[7],"is_endless":false,"potions_floor_spawned":[3,8,13,22,23,25],"killed_by":"Book of Stabbing","ascension_level":20}}