{"host":"3pyrf848gr42tovh","time":1607793015,"event":{"mods":["Aspiration","BaseMod","Better Altar","Better Match","Better Note","Better Sensory Stone","Better Skull","Better Third Choice","BetterRewards","Colored Map","Conspire","Displayed Cursed Tome","Hubris","Infinite Spire","Marisa????????","Minty Spire (QoL Compilation)","Quick Restart","Relic Sorter","Relic Stats","Remilia??????","Replay The Spire","StSLib","Td1madao Mod","The Administrix","The Animator","The Cursed","The Hierophant","The Jungle","The Necromancer","The Servant 0.9.4","vexMod"],"gold_per_floor":[109,119,119,130,140,171,189,64,88,88,102,132,132,152,152,255,355,374,394,493,493,503,503,428,428,455,483,503,503,503,503,503,604,604,615,628,628,628,628,663,681,711,711,743,754,609,609,642,642,642],"floor_reached":51,"playtime":1950,"items_purged":["Strike_G","Strike_G","Defend_G","Defend_G"],"score":1224,"play_id":"4efae4a9-86e9-4909-b8e5-cb3e8388162a","local_time":"20201212191015","is_ascension_mode":true,"campfire_choices":[{"data":"ReplayTheSpireMod:Shiv Toss","floor":10.0,"key":"SMITH"},{"floor":15.0,"key":"DIG"},{"data":"ReplayTheSpireMod:Scrap Shanks","floor":23,"key":"SMITH"},{"data":"Infinite Blades","floor":25,"key":"SMITH"},{"floor":30,"key":"RECALL"},{"data":"ReplayTheSpireMod:Chaos Vortex","floor":47,"key":"SMITH"},{"data":"Defend_G","floor":49,"key":"SMITH"}],"circlet_count":0,"master_deck":["Strike_G","Strike_G","Defend_G","Defend_G+1","Defend_G","Survivor+1","Neutralize+1","Blade Dance+1","Blade Dance+1","Dramatic Entrance+1","ReplayTheSpireMod:Shiv Toss+1","Toxin Wave+1","Corpse Explosion+1","ReplayTheSpireMod:Scrap Shanks+1","Infinite Blades+1","Blade Dance+1","ReplayTheSpireMod:Chaos Vortex+1","Toxin Wave+1"],"relics":["Ring of the Snake","Mango","DollysMirror","BargainBundle","Vampiric Spirits","Strawberry","Replay:Wax Seal","Pen Nib","Onion Ring","Replay:Wanted Poster","Pet Ghost","Replay:Rubber Ducky","vexMod:ImprovementManual","Blood Vial","conspire:RunicOctahedron","hubris:Towel","infinitespire:PuzzleCube","MealTicket","infinitespire:Golems Mask","Replay:Accelerometer","vexMod:FocusSash","hubris:ToyBattleship"],"acts_visited":["Exordium","TheCity","TheBeyond"],"potions_floor_usage":[40,42,50,50],"damage_taken":[{"damage":0.0,"enemies":"Cultist","floor":1.0,"turns":2.0},{"damage":0.0,"enemies":"2 Louse","floor":2.0,"turns":2.0},{"damage":0.0,"enemies":"Jaw Worm","floor":4.0,"turns":1.0},{"damage":4.0,"enemies":"Gremlin Gang","floor":5.0,"turns":2.0},{"damage":5.0,"enemies":"Lagavulin","floor":6.0,"turns":6.0},{"damage":9.0,"enemies":"Looter","floor":7.0,"turns":4.0},{"damage":0.0,"enemies":"Exordium Wildlife","floor":11.0,"turns":3.0},{"damage":10.0,"enemies":"3 Sentries","floor":12.0,"turns":9.0},{"damage":2.0,"enemies":"Large Slime","floor":14.0,"turns":3.0},{"damage":61.0,"enemies":"The Guardian","floor":16.0,"turns":8.0},{"damage":7,"enemies":"Spheric Guardian","floor":18,"turns":1},{"damage":6,"enemies":"Chosen","floor":19,"turns":3},{"damage":8,"enemies":"Centurion and Healer","floor":22,"turns":2},{"damage":16,"enemies":"Replay:Snechameleon","floor":27,"turns":7},{"damage":5,"enemies":"Snecko","floor":28,"turns":4},{"damage":11,"enemies":"Collector","floor":33,"turns":6},{"damage":13,"enemies":"3 Shapes","floor":35,"turns":2},{"damage":4,"enemies":"Orb Walker","floor":36,"turns":2},{"damage":0,"enemies":"Nemesis","floor":40,"turns":3},{"damage":0,"enemies":"Jaw Worm Horde","floor":41,"turns":1},{"damage":0,"enemies":"R_Hoarder","floor":42,"turns":5},{"damage":0,"enemies":"Reptomancer","floor":44,"turns":2},{"damage":10,"enemies":"Sphere and 2 Shapes","floor":45,"turns":2},{"damage":0,"enemies":"Giant Head","floor":48,"turns":3},{"damage":16,"enemies":"Donu and Deca","floor":50,"turns":3}],"seed_played":"4840729045305308172","potions_obtained":[{"floor":7.0,"key":"Languid Potion"},{"floor":12.0,"key":"AttackPotion"},{"floor":18,"key":"Ancient Potion"},{"floor":19,"key":"Poison Potion"},{"floor":33,"key":"PowerPotion"},{"floor":40,"key":"Languid Potion"},{"floor":41,"key":"Weak Potion"},{"floor":44,"key":"Block Potion"}],"is_trial":false,"path_per_floor":["M","M","?","M","M","E","M","$","T","R","M","E","T","M","R_BF","B",null,"M","M","?","?","M","R","$","R","T","E","M","AVR","R","?","R_BF","B",null,"M","M","?","?","?","E","M","E","T","E","M","$","R","E","R","B",null],"character_chosen":"THE_SILENT","items_purchased":["Blade Dance+1","DollysMirror","BargainBundle","Energy Potion","Block Potion","Dramatic Entrance","EntropicBrew","Infinite Blades","vexMod:FocusSash"],"campfire_rested":0,"item_purchase_floors":[0,0,0,0,0,0,0,24,46],"current_hp_per_floor":[84,84,84,84,80,86,80,80,80,80,90,81,81,89,89,30,91,89,85,85,77,77,77,77,77,77,66,70,70,70,75,91,80,91,78,87,87,87,65,78,91,91,91,91,87,91,91,91,91,75],"gold":642,"neow_bonus":"","is_daily":false,"chose_seed":false,"campfire_upgraded":5,"win_rate":0.0,"timestamp":1607793015,"path_taken":["M","?","?","?","M","E","M","$","T","R","?","E","?","?","R_BF","BOSS","M","M","?","?","M","R","?","R","T","E","M","AVR","R","?","R_BF","BOSS","M","?","?","?","?","E","M","E","T","E","M","?","R","E","R","BOSS"],"items_purchased_type":["Card","Relic","Relic","Potion","Potion","Card","Potion","Card","Relic"],"build_version":"2020-11-30","purchased_purges":4,"victory":true,"max_hp_per_floor":[84,84,84,84,84,91,91,91,91,91,91,91,91,91,91,91,91,91,91,91,91,91,91,91,91,91,91,91,91,91,91,91,91,91,91,91,91,91,91,91,91,91,91,91,91,91,91,91,91,91],"relic_stats":{"Blood Vial":6,"counters":[84,373],"MealTicket":4,"Pen Nib":[29],"obtain_stats":[{"Replay:Accelerometer":11,"Vampiric Spirits":0,"Painkiller Herb":17,"Mango":0,"Bag of Preparation":9,"theJungle:Creamberry":25,"Whetstone":53,"hubris:RunicObelisk":34,"Pet Ghost":26,"Replay:Rubber Ducky":21,"Replay:Wanted Poster":17,"Blood Vial":29,"Replay:Ringing Soul":8,"infinitespire:ShieldingShard":9,"hubris:AstralHammer":9,"DollysMirror":0,"Strawberry":6,"MealTicket":42,"infinitespire:Golems Mask":43,"Kunai":24,"Replay:Wax Seal":46,"Ring of the Snake":0,"conspire:Dentures":23,"BargainBundle":0,"Pear":43,"NeowsBlessing":0,"Golden Idol":2,"vexMod:BerryBomb":14,"conspire:RunicOctahedron":34,"Replay:WaspNest":54,"Pen Nib":12,"infinitespire:Lucky Rock":3,"infinitespire:CheckeredPen":19,"vexMod:FocusSash":46,"hubris:Towel":13,"hubris:Zylophone":21,"vexMod:Dragonfruit":13,"Replay:Baseball":6,"Busted Crown":0,"Onion Ring":15,"Garlic":6,"hubris:ToyBattleship":48,"CatCart":47,"ReplayTheSpireMod:Lightbulb":12,"hubris:OldNail":14,"vexMod:ImprovementManual":29,"infinitespire:PuzzleCube":40,"vexMod:BigBerry":17},{"Replay:Accelerometer":38,"Vampiric Spirits":59,"Painkiller Herb":8,"Mango":59,"Bag of Preparation":36,"theJungle:Creamberry":44,"Whetstone":57,"hubris:RunicObelisk":48,"Pet Ghost":72,"Replay:Rubber Ducky":43,"Replay:Wanted Poster":69,"Blood Vial":74,"Replay:Ringing Soul":36,"infinitespire:ShieldingShard":5,"hubris:AstralHammer":24,"DollysMirror":59,"Strawberry":64,"MealTicket":80,"infinitespire:Golems Mask":80,"Kunai":44,"Replay:Wax Seal":54,"Ring of the Snake":0,"conspire:Dentures":13,"BargainBundle":59,"Pear":53,"NeowsBlessing":32,"Golden Idol":20,"vexMod:BerryBomb":7,"conspire:RunicOctahedron":75,"Replay:WaspNest":58,"Pen Nib":67,"infinitespire:Lucky Rock":2,"infinitespire:CheckeredPen":42,"vexMod:FocusSash":82,"hubris:Towel":25,"hubris:Zylophone":11,"vexMod:Dragonfruit":39,"Replay:Baseball":23,"Busted Crown":27,"Onion Ring":68,"Garlic":4,"hubris:ToyBattleship":83,"CatCart":55,"ReplayTheSpireMod:Lightbulb":6,"hubris:OldNail":26,"vexMod:ImprovementManual":74,"infinitespire:PuzzleCube":78,"vexMod:BigBerry":41},{"Replay:Accelerometer":175,"Vampiric Spirits":287,"Painkiller Herb":50,"Mango":287,"Bag of Preparation":165,"theJungle:Creamberry":215,"Whetstone":276,"hubris:RunicObelisk":234,"Pet Ghost":333,"Replay:Rubber Ducky":208,"Replay:Wanted Poster":327,"Blood Vial":344,"Replay:Ringing Soul":165,"infinitespire:ShieldingShard":24,"hubris:AstralHammer":120,"DollysMirror":287,"Strawberry":300,"MealTicket":363,"infinitespire:Golems Mask":363,"Kunai":215,"Replay:Wax Seal":259,"Ring of the Snake":0,"conspire:Dentures":80,"BargainBundle":287,"Pear":254,"NeowsBlessing":158,"Golden Idol":100,"vexMod:BerryBomb":40,"conspire:RunicOctahedron":350,"Replay:WaspNest":281,"Pen Nib":316,"infinitespire:Lucky Rock":11,"infinitespire:CheckeredPen":200,"vexMod:FocusSash":367,"hubris:Towel":121,"hubris:Zylophone":72,"vexMod:Dragonfruit":180,"Replay:Baseball":114,"Busted Crown":134,"Onion Ring":319,"Garlic":21,"hubris:ToyBattleship":370,"CatCart":267,"ReplayTheSpireMod:Lightbulb":30,"hubris:OldNail":126,"vexMod:ImprovementManual":344,"infinitespire:PuzzleCube":357,"vexMod:BigBerry":193}],"Ring of the Snake":[104]},"card_choices":[{"not_picked":["Endless Agony","Dagger Spray","Dodge and Roll"],"picked":"SKIP","floor":1.0},{"not_picked":["Draining Mist","Underhanded Strike","Backflip"],"picked":"SKIP","floor":2.0},{"not_picked":["Dagger Throw","Footwork","Outmaneuver"],"picked":"SKIP","floor":4.0},{"not_picked":["Endless Agony","hubris:SlightOfHand"],"picked":"ReplayTheSpireMod:Shiv Toss","floor":5.0},{"not_picked":["Acrobatics","Dagger Spray","Deadly Poison"],"picked":"SKIP","floor":6.0},{"not_picked":["Quick Slash","Burst","Dagger Throw"],"picked":"SKIP","floor":7.0},{"not_picked":["Deflect","Outmaneuver","Slice"],"picked":"SKIP","floor":11.0},{"not_picked":["ReplayTheSpireMod:The Works","Masterful Stab","Underhanded Strike"],"picked":"SKIP","floor":12.0},{"not_picked":["ReplayTheSpireMod:Shiv Toss","hubris:SlightOfHand"],"picked":"Toxin Wave","floor":14.0},{"not_picked":["Replay:Bag of Tricks","Malaise"],"picked":"Corpse Explosion","floor":16.0},{"not_picked":["PiercingWail+1","Outmaneuver+1"],"picked":"ReplayTheSpireMod:Scrap Shanks","floor":18},{"not_picked":["Eviscerate","Flechettes+1","Quick Slash"],"picked":"SKIP","floor":19},{"not_picked":["Backflip","Slice","Blade Dance"],"picked":"SKIP","floor":22},{"not_picked":["Deadly Poison","Blade Dance+1","Sneak Up"],"picked":"SKIP","floor":27},{"not_picked":["Acrobatics","Predator+1","Deflect"],"picked":"SKIP","floor":28},{"not_picked":["Hidden Blade+1","Dagger Spray"],"picked":"Blade Dance+1","floor":35},{"not_picked":["conspire:DoublingDagger","Underhanded Strike","Terror"],"picked":"SKIP","floor":36},{"not_picked":["infinitespire:FutureSight","infinitespire:Starlight"],"picked":"ReplayTheSpireMod:Chaos Vortex","floor":39},{"not_picked":["Quick Slash+1","Well Laid Plans"],"picked":"Toxin Wave+1","floor":40},{"not_picked":["Bane+1","Acrobatics+1","PiercingWail"],"picked":"SKIP","floor":41},{"not_picked":["Burst","Flying Knee","Deflect+1"],"picked":"SKIP","floor":42},{"not_picked":["Doppelganger","Hidden Blade+1","Riddle With Holes"],"picked":"SKIP","floor":44},{"not_picked":["Blade Dance","ReplayTheSpireMod:Scrap Shanks+1","Predator+1"],"picked":"SKIP","floor":45},{"not_picked":["hubris:Counter","Quick Slash","Dodge and Roll+1"],"picked":"SKIP","floor":48}],"player_experience":101916,"relics_obtained":[{"floor":6.0,"key":"Strawberry"},{"floor":9.0,"key":"Replay:Wax Seal"},{"floor":12.0,"key":"Pen Nib"},{"floor":15.0,"key":"Onion Ring"},{"floor":26,"key":"Pet Ghost"},{"floor":27,"key":"Replay:Rubber Ducky"},{"floor":40,"key":"infinitespire:PuzzleCube"},{"floor":42,"key":"MealTicket"},{"floor":43,"key":"infinitespire:Golems Mask"},{"floor":44,"key":"Replay:Accelerometer"},{"floor":48,"key":"hubris:ToyBattleship"}],"event_choices":[{"damage_healed":0.0,"max_hp_gain":0.0,"max_hp_loss":0.0,"gold_gain":0.0,"event_name":"Transmorgrifier","player_choice":"Ignored","floor":3.0,"gold_loss":0.0,"damage_taken":0.0},{"damage_healed":0,"gold_gain":99,"player_choice":"Steal","damage_taken":0,"max_hp_gain":0,"max_hp_loss":0,"event_name":"betterThird:BetterNest","floor":20,"gold_loss":0},{"damage_healed":5,"gold_gain":0,"player_choice":"LEAVE ","damage_taken":0,"relics_obtained":[],"max_hp_gain":0,"max_hp_loss":0,"event_name":"betterSkull:BetterSkull","floor":31,"gold_loss":0,"cards_upgraded":[]},{"cards_removed":["Strike_G"],"damage_healed":0,"gold_gain":0,"player_choice":"Removed Attack","damage_taken":0,"max_hp_gain":0,"max_hp_loss":0,"event_name":"Falling","floor":37,"gold_loss":0}],"is_beta":false,"boss_relics":[{"not_picked":["vexMod:RockOfEvil","hubris:HollowSoul"],"picked":"Replay:Wanted Poster"},{"not_picked":["ChewingGum","vexMod:MysteryBossChallenge"],"picked":"conspire:RunicOctahedron"}],"items_purged_floors":[0,0,8,29],"is_endless":false,"potions_floor_spawned":[1,7,12,14,18,19,33,40,41,44,45],"ascension_level":1}}