{"host":"1lcvmslm5dvu1wk7","time":1607745823,"event":{"mods":["BaseMod","Colored Powertips","Minty Spire (QoL Compilation)","Remilia£®¿Ÿ√◊¿Ú—«£©","Replay The Spire","Shop Mod","StSLib"],"gold_per_floor":[114,114,126,137,137,167,167,185,211,211,236,236,236,236,269,186,186,288,288,307,13,113,11,11,42,57,75,75,402,418,59,92,109,109,212,262,277,1,14,14,26,53,53,88,143,3,13,30,57,68,68,68],"floor_reached":53,"playtime":3257,"items_purged":["Defend_RM","Defend_RM","Defend_RM","Defend_RM","Strike_RM","Strike_RM"],"score":1088,"play_id":"52a74d20-7557-4cff-b882-e4cbab2db747","local_time":"20201212120343","is_ascension_mode":true,"campfire_choices":[{"data":"ScarletShoot","floor":7.0,"key":"SMITH"},{"data":"EndlessAdversity","floor":10.0,"key":"SMITH"},{"data":"DiffusionOfMisfortune","floor":17.0,"key":"SMITH"},{"floor":43.0,"key":"DIG"}],"circlet_count":0,"master_deck":["AscendersBane","RedMoon","ScarletShoot+1","DiffusionOfMisfortune+1","EndlessAdversity+1","EndlessAdversity+1","DiffusionOfMisfortune+1","MastersStateliness+1","MastersStateliness","AbeCurse","Stigmanizer+1","MastersStateliness","ScarletImprint","ScarletSymphony","BombardNight","BombardNight+1","MastersStateliness","HunterOfTheNight+1","BloodySeventeenLaser","BloodyCatastrophe","GlobalNightmare+1","MastersStateliness","NightLord+1","ScarletSymphony+1","HunterOfTheNight","ScarletImprint+1","DiffusionOfMisfortune+1","TransientEternity","TransientEternity"],"relics":["ScarletHat","Orichalcum","Ancient Tea Set","InkBottle","Abe\u0027s Treasure","MerchantsRug","Eternal Feather","White Beast Statue","Replay:Multitool","Lizard Tail","Mummified Hand","Du-Vu Doll","Iron Hammer","Bottled Flame"],"acts_visited":["Exordium","TheCity","TheBeyond"],"potions_floor_usage":[52,52,52,52],"damage_taken":[{"damage":0.0,"enemies":"2 Louse","floor":1.0,"turns":3.0},{"damage":0.0,"enemies":"Cultist","floor":3.0,"turns":3.0},{"damage":0.0,"enemies":"Small Slimes","floor":4.0,"turns":3.0},{"damage":15.0,"enemies":"Gremlin Nob","floor":6.0,"turns":4.0},{"damage":0.0,"enemies":"Exordium Wildlife","floor":8.0,"turns":1.0},{"damage":11.0,"enemies":"3 Sentries","floor":11.0,"turns":9.0},{"damage":1.0,"enemies":"Gremlin Nob","floor":15.0,"turns":2.0},{"damage":14.0,"enemies":"Fading Forest","floor":18.0,"turns":11.0},{"damage":0.0,"enemies":"Spheric Guardian","floor":20.0,"turns":3.0},{"damage":0.0,"enemies":"Replay:Snechameleon","floor":25.0,"turns":2.0},{"damage":0.0,"enemies":"Chosen","floor":26.0,"turns":2.0},{"damage":0.0,"enemies":"Sentry and Sphere","floor":27.0,"turns":3.0},{"damage":16.0,"enemies":"Gremlin Leader","floor":29.0,"turns":5.0},{"damage":2.0,"enemies":"Snake Plant","floor":30.0,"turns":2.0},{"damage":11.0,"enemies":"Slavers","floor":32.0,"turns":2.0},{"damage":0.0,"enemies":"Snecko","floor":33.0,"turns":3.0},{"damage":4.0,"enemies":"Collector","floor":35.0,"turns":3.0},{"damage":0.0,"enemies":"3 Shapes","floor":37.0,"turns":2.0},{"damage":0.0,"enemies":"3 Darklings","floor":39.0,"turns":2.0},{"damage":12.0,"enemies":"Writhing Mass","floor":41.0,"turns":3.0},{"damage":49.0,"enemies":"Reptomancer","floor":42.0,"turns":4.0},{"damage":0.0,"enemies":"R_Hoarder","floor":44.0,"turns":3.0},{"damage":4.0,"enemies":"Transient","floor":47.0,"turns":5.0},{"damage":24.0,"enemies":"4 Shapes","floor":48.0,"turns":1.0},{"damage":7.0,"enemies":"Nemesis","floor":49.0,"turns":5.0},{"damage":7.0,"enemies":"Spire Growth","floor":50.0,"turns":3.0},{"damage":44,"enemies":"Replay:Hell Engine","floor":52,"turns":2}],"seed_played":"963514801800210586","potions_obtained":[{"floor":3.0,"key":"SkillPotion"},{"floor":6.0,"key":"EssenceOfSteel"},{"floor":11.0,"key":"Death Potion"},{"floor":18.0,"key":"Weak Potion"},{"floor":20.0,"key":"ColorlessPotion"},{"floor":27.0,"key":"Dexterity Potion"},{"floor":29.0,"key":"Energy Potion"},{"floor":30.0,"key":"DestinyDice"},{"floor":32.0,"key":"LiquidMemories"},{"floor":33.0,"key":"EssenceOfSteel"},{"floor":35.0,"key":"DistilledChaos"},{"floor":39.0,"key":"Strength Potion"},{"floor":41.0,"key":"DistilledChaos"},{"floor":44.0,"key":"DistilledChaos"},{"floor":47.0,"key":"LiquidMemories"},{"floor":48.0,"key":"Energy Potion"}],"is_trial":false,"path_per_floor":["M","?","M","M","?","E","R","M","T","R","E","?","PTL","PTL","E","$","R","B",null,"M","$","?","$","?","E","M","M","T","E","M","$","E","M","R","B",null,"M","$","M","?","M","E","R","E","T","$","M","M","E","M","R","B",null],"character_chosen":"REMILIA","items_purchased":["MastersStateliness","Guide Book","MerchantsRug","MastersStateliness","ScarletImprint","Replay:Multitool","MastersStateliness","Mummified Hand","MastersStateliness","Iron Hammer"],"campfire_rested":0,"item_purchase_floors":[16,21,21,21,23,31,31,38,38,46],"current_hp_per_floor":[75,75,77,77,77,68,68,68,68,68,58,51,51,51,50,50,50,75,80,80,80,80,80,80,82,82,82,82,74,73,73,67,69,81,82,87,87,87,87,87,75,43,58,61,61,61,87,63,72,65,80,45],"gold":68,"neow_bonus":"TEN_PERCENT_HP_BONUS","is_daily":false,"chose_seed":false,"campfire_upgraded":3,"win_rate":0.0,"timestamp":1607745823,"path_taken":["M","?","?","?","?","E","R","?","T","R","E","?","PTL","PTL","E","?","R","BOSS","M","$","?","?","?","E","M","?","T","E","M","$","E","M","R","BOSS","M","?","M","?","M","E","R","E","T","$","M","?","E","M","R","BOSS"],"items_purchased_type":["Card","Relic","Relic","Card","Card","Relic","Card","Relic","Card","Relic"],"build_version":"2020-11-30","purchased_purges":6,"victory":true,"max_hp_per_floor":[82,82,82,82,82,82,82,82,82,82,82,82,82,82,82,82,82,82,82,82,82,82,82,82,82,82,82,82,82,82,82,82,82,82,82,87,87,87,87,87,87,87,87,87,87,87,87,87,87,87,87,87],"card_choices":[{"not_picked":["BlasphemousPunishment","ScarletImprint"],"picked":"DiffusionOfMisfortune","floor":1.0},{"not_picked":["ScarletDevil","UnstableMagic"],"picked":"EndlessAdversity","floor":3.0},{"not_picked":["NightDance","BloodyMagicSquare"],"picked":"EndlessAdversity","floor":4.0},{"not_picked":["UnstableMagic","NightLord","HeartBreak"],"picked":"SKIP","floor":6.0},{"not_picked":["Stigmanizer","UnstableMagic","SuperhumanBloodyKnife"],"picked":"SKIP","floor":8.0},{"not_picked":["EndlessAdversity","FavorOfDestiny"],"picked":"DiffusionOfMisfortune","floor":11.0},{"not_picked":["FavorOfDestiny","UnderTheZenith","RedMagic"],"picked":"SKIP","floor":15.0},{"not_picked":["Septette+1","UnderTheZenith"],"picked":"Stigmanizer+1","floor":20.0},{"not_picked":["VampireKiss","FavorOfDestiny+1"],"picked":"ScarletSymphony","floor":25.0},{"not_picked":["BadLadyScramble","BloodyTrap+1","DevilSight+1"],"picked":"SKIP","floor":26.0},{"not_picked":["SuperhumanBloodyKnife","EternalNight"],"picked":"BombardNight","floor":27.0},{"not_picked":["BloodAndWine","BloodyHallows","TwelveNightmare+1"],"picked":"SKIP","floor":29.0},{"not_picked":["Ultimatum","BlasphemousPunishment"],"picked":"BombardNight","floor":30.0},{"not_picked":["ScarletMeister","VampireKiss+1"],"picked":"HunterOfTheNight+1","floor":32.0},{"not_picked":["EndlessAdversity","UnderTheZenith+1","RedMagic"],"picked":"SKIP","floor":33.0},{"not_picked":["BloodySeventeenLaser","BatForm"],"picked":"BloodyCatastrophe","floor":35.0},{"not_picked":["VampireKiss","FavorOfDestiny+1"],"picked":"GlobalNightmare+1","floor":37.0},{"not_picked":["FavorOfDestiny","NightLord","RedRainbow"],"picked":"SKIP","floor":39.0},{"not_picked":["BloodHunter","MillenniumVampire+1"],"picked":"NightLord+1","floor":41.0},{"not_picked":["CharismaGuard","ScarletDevil"],"picked":"ScarletSymphony+1","floor":42.0},{"not_picked":["DiffusionOfMisfortune","ScarletImprint"],"picked":"HunterOfTheNight","floor":44.0},{"not_picked":["BadLadyScramble+1","ForbiddenFruit+1"],"picked":"ScarletImprint+1","floor":47.0},{"not_picked":["StarOfDavid+1","FavorOfDestiny+1"],"picked":"DiffusionOfMisfortune+1","floor":48.0},{"not_picked":["CharismaGuard","EternalNight"],"picked":"TransientEternity","floor":49.0},{"not_picked":["Maim","EmergencyRegeneration+1","BloodHunter"],"picked":"SKIP","floor":50.0}],"player_experience":173326,"relics_obtained":[{"floor":6.0,"key":"Potion Belt"},{"floor":9.0,"key":"Orichalcum"},{"floor":11.0,"key":"Smiling Mask"},{"floor":15.0,"key":"InkBottle"},{"floor":25.0,"key":"Eternal Feather"},{"floor":28.0,"key":"White Beast Statue"},{"floor":29.0,"key":"Old Coin"},{"floor":32.0,"key":"Lizard Tail"},{"floor":42.0,"key":"PreservedInsect"},{"floor":43.0,"key":"Du-Vu Doll"},{"floor":45.0,"key":"Blue Doll"},{"floor":49.0,"key":"Bottled Flame"}],"event_choices":[{"damage_healed":0.0,"max_hp_gain":0.0,"max_hp_loss":0.0,"gold_gain":0.0,"event_name":"Upgrade Shrine","player_choice":"Upgraded","floor":2.0,"gold_loss":0.0,"damage_taken":0.0,"cards_upgraded":["DiffusionOfMisfortune"]},{"damage_healed":0.0,"max_hp_gain":0.0,"max_hp_loss":0.0,"gold_gain":0.0,"event_name":"The Woman in Blue","player_choice":"Bought 0 Potions","floor":5.0,"gold_loss":0.0,"damage_taken":0.0},{"damage_healed":0.0,"max_hp_gain":0.0,"max_hp_loss":0.0,"gold_gain":0.0,"event_name":"Scrap Ooze","player_choice":"Success","floor":12.0,"gold_loss":0.0,"damage_taken":7.0,"relics_obtained":["Ancient Tea Set"]},{"damage_healed":0.0,"max_hp_gain":0.0,"max_hp_loss":0.0,"gold_gain":100.0,"event_name":"Golden Shrine","player_choice":"Pray","floor":22.0,"gold_loss":0.0,"damage_taken":0.0},{"damage_healed":0.0,"max_hp_gain":0.0,"max_hp_loss":0.0,"gold_gain":0.0,"event_name":"WeMeetAgain","player_choice":"Ignored","floor":24.0,"gold_loss":0.0,"damage_taken":0.0},{"damage_healed":0.0,"max_hp_gain":0.0,"max_hp_loss":0.0,"gold_gain":0.0,"event_name":"SecretPortal","player_choice":"Ignored","floor":40.0,"gold_loss":0.0,"damage_taken":0.0}],"is_beta":false,"boss_relics":[{"not_picked":["Busted Crown","Velvet Choker"],"picked":"Abe\u0027s Treasure"},{"not_picked":["Runic Pyramid","Snecko Eye"],"picked":"Tiny House"}],"items_purged_floors":[16,21,23,31,38,46],"is_endless":false,"potions_floor_spawned":[3,6,11,18,20,27,29,30,32,33,35,37,39,41,42,44,47,48,49,50],"ascension_level":10}}