{"host":"avjwtc49fhlk6kym","time":1607796011,"event":{"mods":["AchievementEnabler","BaseMod","Better Match","Better Note","Better Third Choice","Colored Map","Colored Powertips","Displayed Cursed Tome","Highlight Path","Minty Spire (QoL Compilation)","Permanent Neow","Quick Restart","StSLib"],"gold_per_floor":[109,121,91,111,127,127,159,171,243,243,257,277,277,105,105,202,252,271,8,8,27,27,27,56,56,128,138,138,42,0,0,0,0,0],"floor_reached":33,"playtime":901,"items_purged":[],"score":344,"play_id":"16190974-57ad-4e6c-857f-f5fe9379f784","local_time":"20201212130011","is_ascension_mode":true,"campfire_choices":[{"data":"Eruption","floor":6.0,"key":"SMITH"},{"data":"ReachHeaven","floor":10.0,"key":"SMITH"},{"data":"BowlingBash","floor":13,"key":"SMITH"},{"data":"Evaluate","floor":15,"key":"SMITH"},{"data":"Bandage Up","floor":23,"key":"SMITH"},{"floor":25,"key":"REST"},{"data":"LessonLearned","floor":28,"key":"SMITH"},{"data":"Judgement","floor":32,"key":"SMITH"}],"circlet_count":0,"master_deck":["Defend_P","Defend_P","Defend_P","Defend_P","Eruption+1","Vigilance","Consecrate+1","ReachHeaven+1","BowlingBash+1","Halt","FollowUp","PathToVictory","Evaluate+1","FollowUp","Judgement+1","Wallop","InnerPeace","FlyingSleeves","Jack Of All Trades","Bandage Up+1","Evaluate","Bite","Bite","Bite","Bite","Bite","LessonLearned+1","WindmillStrike+1","FollowUp","Wallop"],"relics":["PureWater","Ginger","StrikeDummy","Whetstone","Tiny House","Eternal Feather","Unceasing Top","Mercury Hourglass"],"acts_visited":["Exordium","TheCity"],"potions_floor_usage":[12,18,21,24,33],"damage_taken":[{"damage":0.0,"enemies":"Cultist","floor":1.0,"turns":2.0},{"damage":2.0,"enemies":"Small Slimes","floor":2.0,"turns":3.0},{"damage":0.0,"enemies":"2 Louse","floor":4.0,"turns":1.0},{"damage":0.0,"enemies":"2 Fungi Beasts","floor":5.0,"turns":3.0},{"damage":0.0,"enemies":"Gremlin Nob","floor":7.0,"turns":2.0},{"damage":0.0,"enemies":"Exordium Wildlife","floor":8.0,"turns":2.0},{"damage":0.0,"enemies":"Exordium Thugs","floor":11.0,"turns":3.0},{"damage":2,"enemies":"3 Louse","floor":12,"turns":2},{"damage":40,"enemies":"Hexaghost","floor":16,"turns":6},{"damage":4,"enemies":"3 Byrds","floor":18,"turns":3},{"damage":0,"enemies":"Spheric Guardian","floor":21,"turns":1},{"damage":49,"enemies":"Gremlin Leader","floor":24,"turns":7},{"damage":21,"enemies":"Snake Plant","floor":27,"turns":4},{"damage":83,"enemies":"Collector","floor":33,"turns":7}],"seed_played":"-5257865835288022385","potions_obtained":[{"floor":1.0,"key":"GamblersBrew"},{"floor":3.0,"key":"DuplicationPotion"},{"floor":3.0,"key":"GamblersBrew"},{"floor":8.0,"key":"Regen Potion"},{"floor":11.0,"key":"GamblersBrew"},{"floor":17,"key":"LiquidMemories"},{"floor":18,"key":"Ancient Potion"},{"floor":21,"key":"Fruit Juice"},{"floor":27,"key":"AttackPotion"}],"is_trial":false,"path_per_floor":["M","M","?","M","M","R","E","M","T","R","M","M","R","$","R","B",null,"M","$","?","M","?","R","E","R","T","M","R","$","?","$","R","B"],"character_chosen":"WATCHER","items_purchased":["Whetstone","FollowUp","Eternal Feather","FlyingSleeves","FollowUp","Wallop"],"campfire_rested":1,"item_purchase_floors":[14,14,19,19,29,29],"current_hp_per_floor":[51,49,49,49,49,49,49,49,49,49,58,56,56,56,56,16,77,73,73,54,59,57,57,14,46,46,35,50,50,50,50,57,0,0],"gold":0,"neow_bonus":"ONE_RARE_RELIC","is_daily":false,"chose_seed":false,"campfire_upgraded":7,"win_rate":0.0,"timestamp":1607796011,"path_taken":["M","M","?","M","?","R","E","M","T","R","M","M","R","?","R","BOSS","M","$","?","?","?","R","E","R","T","M","R","$","?","?","R","BOSS"],"items_purchased_type":["Relic","Card","Relic","Card","Card","Card"],"build_version":"2020-11-30","purchased_purges":0,"victory":false,"max_hp_per_floor":[72,72,72,72,72,72,72,72,72,72,72,72,72,72,72,72,77,77,77,77,82,57,57,57,57,57,57,57,57,57,57,57,57,57],"card_choices":[{"not_picked":["WreathOfFlame","Nirvana"],"picked":"Consecrate","floor":1.0},{"not_picked":["EmptyFist","Crescendo","JustLucky"],"picked":"SKIP","floor":2.0},{"not_picked":["WindmillStrike","BowlingBash"],"picked":"ReachHeaven","floor":4.0},{"not_picked":["EmptyBody","Perseverance"],"picked":"BowlingBash","floor":5.0},{"not_picked":["Omniscience","MentalFortress"],"picked":"Halt","floor":7.0},{"not_picked":["CutThroughFate","Prostrate"],"picked":"FollowUp","floor":8.0},{"not_picked":["CutThroughFate","JustLucky"],"picked":"PathToVictory","floor":11.0},{"not_picked":["Halt","Weave"],"picked":"Evaluate","floor":12},{"not_picked":["Blasphemy","Ragnarok"],"picked":"Judgement","floor":16},{"not_picked":["ThirdEye","SandsOfTime"],"picked":"Wallop","floor":17},{"not_picked":["Tantrum","Perseverance"],"picked":"InnerPeace","floor":18},{"not_picked":["Vengeance+1","FlyingSleeves"],"picked":"Evaluate","floor":21},{"not_picked":["ReachHeaven+1","FlyingSleeves"],"picked":"LessonLearned","floor":24},{"not_picked":["FlyingSleeves","Consecrate"],"picked":"WindmillStrike+1","floor":27}],"player_experience":492810,"relics_obtained":[{"floor":7.0,"key":"StrikeDummy"},{"floor":24,"key":"Unceasing Top"},{"floor":26,"key":"Mercury Hourglass"}],"event_choices":[{"damage_healed":0.0,"max_hp_gain":0.0,"max_hp_loss":0.0,"gold_gain":0.0,"event_name":"The Woman in Blue","player_choice":"Bought 2 Potions","floor":3.0,"gold_loss":0.0,"damage_taken":0.0},{"damage_healed":0,"gold_gain":0,"player_choice":"CARD CARD ","damage_taken":19,"max_hp_gain":0,"max_hp_loss":0,"event_name":"Knowing Skull","floor":20,"potions_obtained":[],"gold_loss":0,"cards_obtained":["Jack Of All Trades","Bandage Up"]},{"damage_healed":0,"gold_gain":0,"player_choice":"Became a vampire","damage_taken":0,"max_hp_gain":0,"max_hp_loss":25,"event_name":"Vampires","floor":22,"gold_loss":0,"cards_obtained":["Bite","Bite","Bite","Bite","Bite"]},{"damage_healed":0,"gold_gain":0,"player_choice":"Paid Fearfully","damage_taken":0,"max_hp_gain":0,"max_hp_loss":0,"event_name":"Masked Bandits","floor":30,"gold_loss":42}],"is_beta":false,"boss_relics":[{"not_picked":["VioletLotus","Busted Crown"],"picked":"Tiny House"}],"items_purged_floors":[],"is_endless":false,"potions_floor_spawned":[1,4,8,11,18,21,27],"killed_by":"Collector","ascension_level":2}}