{"host":"danq4vzudt77osor","time":1607768304,"event":{"mods":["BaseMod","Colored Map","Custom Start","Minty Spire (QoL Compilation)","StSLib","SuperFastMode"],"gold_per_floor":[12,12,12,12,30,57,72,97,150,169,197,197,197,232,232,232,232],"floor_reached":16,"playtime":409,"items_purged":[],"score":128,"play_id":"21b1116d-5719-40ff-bfca-6b6f973cbb3a","local_time":"20201212191824","is_ascension_mode":false,"campfire_choices":[{"data":"Cloak And Dagger","floor":15,"key":"SMITH"}],"circlet_count":0,"master_deck":["Strike_G","Strike_G","Strike_G","Defend_G","Defend_G","Defend_G","Survivor","Neutralize+1","Phantasmal Killer+1","Backflip","Blade Dance","Cloak And Dagger+1","Leg Sweep","Dagger Throw","Masterful Stab+1","Backflip","Flying Knee"],"relics":["Ring of the Snake","Letter Opener","Ginger","Potion Belt","Ornamental Fan","Art of War"],"acts_visited":["Exordium"],"potions_floor_usage":[11],"damage_taken":[{"damage":0,"enemies":"Small Slimes","floor":1,"turns":2},{"damage":0,"enemies":"Jaw Worm","floor":5,"turns":3},{"damage":5,"enemies":"Lagavulin","floor":6,"turns":6},{"damage":0,"enemies":"2 Louse","floor":7,"turns":2},{"damage":8,"enemies":"3 Sentries","floor":8,"turns":8},{"damage":0,"enemies":"Large Slime","floor":10,"turns":5},{"damage":2,"enemies":"Gremlin Nob","floor":11,"turns":3},{"damage":8,"enemies":"3 Sentries","floor":14,"turns":6},{"damage":0,"enemies":"Hexaghost","floor":16,"turns":1}],"seed_played":"-1358319435129960956","potions_obtained":[{"floor":5,"key":"Regen Potion"},{"floor":6,"key":"SkillPotion"},{"floor":10,"key":"BlessingOfTheForge"}],"is_trial":false,"path_per_floor":["M","?","T","$","M","E","M","E","T","M","E","?","?","E","R","B"],"character_chosen":"THE_SILENT","items_purchased":[],"campfire_rested":0,"item_purchase_floors":[],"current_hp_per_floor":[70,70,70,70,70,65,65,57,57,57,55,41,34,26,26,26,26],"gold":232,"neow_bonus":"THREE_RARE_CARDS","is_daily":false,"chose_seed":false,"campfire_upgraded":1,"win_rate":0.0,"timestamp":1607768304,"path_taken":["M","?","?","?","M","E","M","E","T","M","E","?","?","E","R","BOSS"],"items_purchased_type":[],"build_version":"2020-11-30","purchased_purges":0,"victory":false,"max_hp_per_floor":[70,70,70,70,70,70,70,70,70,70,70,70,70,70,70,70,70],"card_choices":[{"not_picked":["Tools of the Trade","Glass Knife"],"picked":"Phantasmal Killer","floor":0},{"not_picked":["PiercingWail","Quick Slash"],"picked":"Backflip","floor":1},{"not_picked":["Concentrate","Escape Plan"],"picked":"Blade Dance","floor":5},{"not_picked":["All Out Attack","Well Laid Plans"],"picked":"Cloak And Dagger","floor":6},{"not_picked":["Sucker Punch","Catalyst"],"picked":"Leg Sweep","floor":7},{"not_picked":["Riddle With Holes","Backstab"],"picked":"Dagger Throw","floor":8},{"not_picked":["Endless Agony","Flechettes"],"picked":"Masterful Stab","floor":10},{"not_picked":["Dodge and Roll","Underhanded Strike"],"picked":"Backflip","floor":11},{"not_picked":["Setup","Sucker Punch"],"picked":"Flying Knee","floor":14}],"player_experience":1656028,"relics_obtained":[{"floor":3,"key":"Letter Opener"},{"floor":6,"key":"Ginger"},{"floor":8,"key":"Potion Belt"},{"floor":11,"key":"Ornamental Fan"},{"floor":14,"key":"Art of War"}],"event_choices":[{"damage_healed":0,"gold_gain":0,"player_choice":"Grow","damage_taken":0,"max_hp_gain":0,"max_hp_loss":0,"event_name":"Living Wall","floor":2,"gold_loss":0,"cards_upgraded":["Phantasmal Killer"]},{"damage_healed":0,"gold_gain":0,"player_choice":"Entered Light","damage_taken":14,"max_hp_gain":0,"max_hp_loss":0,"event_name":"Shining Light","floor":12,"gold_loss":0,"cards_upgraded":["Neutralize","Masterful Stab"]},{"cards_removed":["Strike_G"],"damage_healed":0,"gold_gain":0,"player_choice":"Card Removal","damage_taken":7,"max_hp_gain":0,"max_hp_loss":0,"event_name":"Golden Wing","floor":13,"gold_loss":0}],"is_beta":false,"boss_relics":[],"items_purged_floors":[],"is_endless":false,"potions_floor_spawned":[5,6,10],"killed_by":"Hexaghost","ascension_level":0}}