{"host":"2pgz2fctomabfk86","time":1607775623,"event":{"mods":["AchievementEnabler","BaseMod","Colored Map","DeckTracker","Minty Spire (QoL Compilation)","StSLib","SuperFastMode"],"gold_per_floor":[116,24,24,44,44,85,85,98,98,111,129,129,163,186,186,186,186],"floor_reached":16,"playtime":535,"items_purged":[],"score":260,"play_id":"6569d03c-9879-4f07-81d3-6cf6a515f544","local_time":"20201212212023","is_ascension_mode":true,"campfire_choices":[{"data":"Dualcast","floor":7,"key":"SMITH"},{"data":"Loop","floor":15,"key":"SMITH"}],"circlet_count":0,"master_deck":["AscendersBane","Strike_B","Strike_B","Strike_B","Strike_B","Defend_B","Defend_B","Defend_B","Defend_B+1","Zap","Dualcast+1","Ball Lightning","Panacea+1","Consume+1","Cold Snap","Glacier","Self Repair","Rebound","Loop+1","Conserve Battery"],"relics":["Cracked Core","NeowsBlessing","Golden Idol","Question Card","Happy Flower","The Courier"],"acts_visited":["Exordium"],"potions_floor_usage":[8,11,13,13],"damage_taken":[{"damage":0,"enemies":"Small Slimes","floor":1,"turns":1},{"damage":0,"enemies":"Jaw Worm","floor":4,"turns":1},{"damage":0,"enemies":"3 Sentries","floor":6,"turns":1},{"damage":0,"enemies":"2 Louse","floor":8,"turns":1},{"damage":14,"enemies":"Exordium Thugs","floor":10,"turns":4},{"damage":11,"enemies":"Gremlin Gang","floor":11,"turns":5},{"damage":22,"enemies":"Lagavulin","floor":13,"turns":6},{"damage":4,"enemies":"Red Slaver","floor":14,"turns":5},{"damage":13,"enemies":"Hexaghost","floor":16,"turns":7}],"seed_played":"-2758886564419252392","potions_obtained":[{"floor":4,"key":"GamblersBrew"},{"floor":6,"key":"AttackPotion"},{"floor":8,"key":"Energy Potion"},{"floor":11,"key":"FocusPotion"}],"is_trial":false,"path_per_floor":["M","$","?","M","?","E","R","M","T","M","M","?","E","M","R","B"],"character_chosen":"DEFECT","items_purchased":["Panacea"],"campfire_rested":0,"item_purchase_floors":[2],"current_hp_per_floor":[64,64,43,43,43,43,43,43,43,29,25,25,10,13,13,0,0],"gold":186,"neow_bonus":"THREE_ENEMY_KILL","is_daily":false,"chose_seed":false,"campfire_upgraded":2,"win_rate":0.0,"timestamp":1607775623,"path_taken":["M","$","?","M","?","E","R","M","T","M","M","?","E","M","R","BOSS"],"items_purchased_type":["Card"],"build_version":"2020-11-30","purchased_purges":0,"victory":false,"max_hp_per_floor":[71,71,71,71,64,64,64,64,64,64,64,64,64,64,64,64,64],"card_choices":[{"not_picked":["Compile Driver","Steam Power"],"picked":"Ball Lightning","floor":1},{"not_picked":["Scrape","Hologram"],"picked":"Consume","floor":4},{"not_picked":["Meteor Strike","Melter"],"picked":"Cold Snap","floor":6},{"not_picked":["Beam Cell","Heatsinks","Loop"],"picked":"Glacier","floor":8},{"not_picked":["Rebound","Sweeping Beam","Aggregate"],"picked":"Self Repair","floor":10},{"not_picked":["Force Field","Heatsinks","Hologram"],"picked":"Rebound","floor":11},{"not_picked":["Beam Cell","Reprogram","Rip and Tear"],"picked":"Loop","floor":13},{"not_picked":["Steam Power","Hologram","Beam Cell"],"picked":"Conserve Battery","floor":14}],"player_experience":925949,"relics_obtained":[{"floor":6,"key":"Question Card"},{"floor":9,"key":"Happy Flower"},{"floor":13,"key":"The Courier"}],"event_choices":[{"damage_healed":0,"gold_gain":0,"player_choice":"Entered Light","damage_taken":21,"max_hp_gain":0,"max_hp_loss":0,"event_name":"Shining Light","floor":3,"gold_loss":0,"cards_upgraded":["Defend_B","Panacea"]},{"damage_healed":0,"gold_gain":0,"player_choice":"Lose Max HP","damage_taken":0,"relics_obtained":["Golden Idol"],"max_hp_gain":0,"max_hp_loss":7,"event_name":"Golden Idol","floor":5,"gold_loss":0},{"damage_healed":0,"gold_gain":0,"player_choice":"Forge","damage_taken":0,"max_hp_gain":0,"max_hp_loss":0,"event_name":"Accursed Blacksmith","floor":12,"gold_loss":0,"cards_upgraded":["Consume"]}],"is_beta":false,"boss_relics":[],"items_purged_floors":[],"is_endless":false,"potions_floor_spawned":[4,6,8,11],"killed_by":"Hexaghost","ascension_level":18}}