{"host":"j06fkfseroga8i8e","time":1607807155,"event":{"mods":["BaseMod","Bestiary","Colored Map","Colored Powertips","Minty Spire (QoL Compilation)","Permanent Neow","Relic Stats","StSLib"],"gold_per_floor":[117,137,62,62,112,112,125,150,176,191,191,225,237,237,237,237,237],"floor_reached":16,"playtime":397,"items_purged":["Strike_R"],"score":190,"play_id":"db94929d-ef87-4cac-aaf7-6b1aaedd4683","local_time":"20201212160555","is_ascension_mode":true,"campfire_choices":[{"data":"Feed","floor":6,"key":"SMITH"},{"data":"Seeing Red","floor":11,"key":"SMITH"},{"data":"Seeing Red","floor":15,"key":"SMITH"}],"circlet_count":0,"master_deck":["AscendersBane","Strike_R","Strike_R","Strike_R","Strike_R","Defend_R","Defend_R","Defend_R","Defend_R","Bash","Feed+1","Spot Weakness","Hemokinesis","Hemokinesis","Bludgeon","Seeing Red+1","Seeing Red+1","Flex"],"relics":["Burning Blood","Bronze Scales","Blood Vial","Mummified Hand"],"acts_visited":["Exordium"],"potions_floor_usage":[12,16],"damage_taken":[{"damage":4,"enemies":"Jaw Worm","floor":1,"turns":4},{"damage":1,"enemies":"2 Louse","floor":2,"turns":3},{"damage":10,"enemies":"Small Slimes","floor":7,"turns":2},{"damage":36,"enemies":"Lagavulin","floor":8,"turns":7},{"damage":0,"enemies":"Exordium Wildlife","floor":10,"turns":3},{"damage":26,"enemies":"3 Sentries","floor":12,"turns":6},{"damage":16,"enemies":"Red Slaver","floor":13,"turns":2},{"damage":86,"enemies":"Hexaghost","floor":16,"turns":9}],"seed_played":"5839427965554811811","potions_obtained":[{"floor":7,"key":"Strength Potion"},{"floor":10,"key":"CultistPotion"},{"floor":13,"key":"PowerPotion"}],"is_trial":false,"path_per_floor":["M","M","$","?","?","R","M","E","T","M","R","E","M","?","R","B"],"character_chosen":"IRONCLAD","items_purchased":[],"campfire_rested":0,"item_purchase_floors":[],"current_hp_per_floor":[77,85,85,85,85,85,85,59,59,71,71,57,49,83,83,0,0],"gold":237,"neow_bonus":"ONE_RANDOM_RARE_CARD","is_daily":false,"chose_seed":false,"campfire_upgraded":3,"win_rate":0.0,"timestamp":1607807155,"path_taken":["M","M","$","?","?","R","M","E","T","M","R","E","M","?","R","BOSS"],"items_purchased_type":[],"build_version":"2020-11-30","purchased_purges":1,"victory":false,"max_hp_per_floor":[83,86,86,86,86,86,90,94,94,98,98,102,102,102,102,102,102],"relic_stats":{"Blood Vial":8,"counters":[8,36],"Mummified Hand":[1],"Bronze Scales":[62],"obtain_stats":[{"Blood Vial":9,"Mummified Hand":12,"Bronze Scales":8,"Burning Blood":0},{"Blood Vial":4,"Mummified Hand":6,"Bronze Scales":4,"Burning Blood":0},{"Blood Vial":16,"Mummified Hand":25,"Bronze Scales":16,"Burning Blood":0}],"Burning Blood":42},"card_choices":[{"not_picked":["Perfected Strike","Twin Strike"],"picked":"Spot Weakness","floor":1},{"not_picked":["Body Slam","Rupture"],"picked":"Hemokinesis","floor":2},{"not_picked":["Perfected Strike","Sentinel"],"picked":"Hemokinesis","floor":7},{"not_picked":["Combust","Dropkick"],"picked":"Bludgeon","floor":8},{"not_picked":["Perfected Strike","Carnage"],"picked":"Seeing Red","floor":10},{"not_picked":["Clothesline","Searing Blow"],"picked":"Seeing Red","floor":12},{"not_picked":["Pummel","Dual Wield"],"picked":"Flex","floor":13}],"player_experience":496739,"relics_obtained":[{"floor":8,"key":"Bronze Scales"},{"floor":9,"key":"Blood Vial"},{"floor":12,"key":"Mummified Hand"}],"event_choices":[{"damage_healed":0,"gold_gain":0,"player_choice":"Ignored","damage_taken":0,"max_hp_gain":0,"max_hp_loss":0,"event_name":"Liars Game","floor":4,"gold_loss":0},{"damage_healed":0,"gold_gain":50,"player_choice":"Gained Gold","damage_taken":0,"max_hp_gain":0,"max_hp_loss":0,"event_name":"Golden Wing","floor":5,"gold_loss":0},{"damage_healed":34,"gold_gain":0,"player_choice":"Banana","damage_taken":0,"max_hp_gain":0,"max_hp_loss":0,"event_name":"Big Fish","floor":14,"gold_loss":0}],"is_beta":false,"boss_relics":[],"items_purged_floors":[3],"is_endless":false,"potions_floor_spawned":[7,10,13],"killed_by":"Hexaghost","ascension_level":10}}