{"host":"DOLBYTIME","time":1607785658,"event":{"mods":["BaseMod","Block Reminder","Minty Spire (QoL Compilation)"],"gold_per_floor":[114,134,148,22,22,22,22,22,22,22,33,65,65,83,83,154,154,109,109,121,121,141,141,141,141],"floor_reached":24,"playtime":811,"items_purged":["Strike_B"],"score":392,"play_id":"fefb19af-4125-4eeb-bdef-347c002a3d5a","local_time":"20201212090738","is_ascension_mode":true,"campfire_choices":[{"data":"Chaos","floor":6.0,"key":"SMITH"},{"data":"Zap","floor":10.0,"key":"SMITH"},{"floor":15.0,"key":"REST"},{"floor":23,"key":"REST"}],"circlet_count":0,"master_deck":["AscendersBane","Strike_B","Defend_B","Defend_B","Defend_B","Defend_B","Zap+1","Dualcast","Coolheaded","Rebound","Chaos+1","Sweeping Beam","Compile Driver","Steam","Reinforced Body","Echo Form","Chaos+1","Beam Cell","Buffer"],"relics":["Cracked Core","The Courier","Inserter"],"acts_visited":["Exordium","TheCity"],"potions_floor_usage":[16],"damage_taken":[{"damage":6.0,"enemies":"Cultist","floor":1.0,"turns":4.0},{"damage":5.0,"enemies":"Small Slimes","floor":2.0,"turns":3.0},{"damage":2.0,"enemies":"Jaw Worm","floor":3.0,"turns":4.0},{"damage":26.0,"enemies":"Large Slime","floor":11.0,"turns":4.0},{"damage":11.0,"enemies":"Lagavulin","floor":12.0,"turns":6.0},{"damage":6.0,"enemies":"Exordium Thugs","floor":14.0,"turns":5.0},{"damage":24,"enemies":"The Guardian","floor":16,"turns":13},{"damage":24,"enemies":"2 Thieves","floor":18,"turns":5},{"damage":10,"enemies":"Spheric Guardian","floor":20,"turns":4},{"damage":40,"enemies":"Snake Plant","floor":22,"turns":4},{"damage":57,"enemies":"Gremlin Leader","floor":24,"turns":2}],"seed_played":"1088962262768025633","potions_obtained":[{"floor":2.0,"key":"AttackPotion"},{"floor":11.0,"key":"DistilledChaos"},{"floor":12.0,"key":"LiquidMemories"},{"floor":13.0,"key":"FairyPotion"}],"is_trial":false,"path_per_floor":["M","M","M","$","$","R","?","?","T","R","M","E","?","M","R","B",null,"M","?","M","?","M","R","E"],"character_chosen":"DEFECT","items_purchased":["Sweeping Beam"],"campfire_rested":2,"item_purchase_floors":[4],"current_hp_per_floor":[65,60,58,58,58,58,58,63,63,63,37,26,26,20,44,20,67,43,43,33,33,24,48,0,0],"gold":141,"neow_bonus":"TEN_PERCENT_HP_BONUS","is_daily":false,"chose_seed":false,"campfire_upgraded":2,"win_rate":0.0,"timestamp":1607785658,"path_taken":["M","M","M","?","$","R","?","?","T","R","?","E","?","M","R","BOSS","M","?","?","?","M","R","E"],"items_purchased_type":["Card"],"build_version":"2020-12-07","purchased_purges":1,"victory":false,"max_hp_per_floor":[78,78,78,78,78,78,78,83,83,83,83,83,83,83,83,83,83,83,83,83,83,83,83,83,83],"card_choices":[{"not_picked":["Blizzard","Redo"],"picked":"Coolheaded","floor":1.0},{"not_picked":["Stack","Redo"],"picked":"Rebound","floor":2.0},{"not_picked":["Stack","Ball Lightning"],"picked":"Chaos","floor":3.0},{"not_picked":["Stack","Consume"],"picked":"Compile Driver","floor":11.0},{"not_picked":["Leap","Streamline"],"picked":"Steam","floor":12.0},{"not_picked":["Leap","Ball Lightning"],"picked":"Reinforced Body","floor":14.0},{"not_picked":["Meteor Strike","Fission"],"picked":"Echo Form","floor":16},{"not_picked":["Turbo","Melter","Force Field"],"picked":"SKIP","floor":18},{"not_picked":["Rebound+1","Reinforced Body","Cold Snap"],"picked":"SKIP","floor":20},{"not_picked":["Coolheaded","Turbo","Streamline+1"],"picked":"SKIP","floor":22}],"player_experience":1696676,"relics_obtained":[{"floor":12.0,"key":"The Courier"}],"event_choices":[{"damage_healed":0.0,"max_hp_gain":0.0,"max_hp_loss":0.0,"gold_gain":0.0,"event_name":"Liars Game","player_choice":"Ignored","floor":7.0,"gold_loss":0.0,"damage_taken":0.0},{"damage_healed":0.0,"max_hp_gain":5.0,"max_hp_loss":0.0,"gold_gain":0.0,"event_name":"Big Fish","player_choice":"Donut","floor":8.0,"gold_loss":0.0,"damage_taken":0.0},{"damage_healed":0.0,"max_hp_gain":0.0,"max_hp_loss":0.0,"gold_gain":0.0,"event_name":"Lab","player_choice":"Got Potions","floor":13.0,"gold_loss":0.0,"damage_taken":0.0},{"damage_healed":0,"gold_gain":0,"player_choice":"Copied","damage_taken":0,"max_hp_gain":0,"max_hp_loss":0,"event_name":"Duplicator","floor":19,"gold_loss":0,"cards_obtained":["Chaos"]},{"damage_healed":0,"gold_gain":0,"cards_transformed":["Strike_B","Strike_B"],"player_choice":"Became Test Subject","damage_taken":0,"max_hp_gain":0,"max_hp_loss":0,"event_name":"Drug Dealer","floor":21,"gold_loss":0,"cards_obtained":["Beam Cell","Buffer"]}],"is_beta":true,"boss_relics":[{"not_picked":["Nuclear Battery","Runic Dome"],"picked":"Inserter"}],"items_purged_floors":[4],"is_endless":false,"potions_floor_spawned":[2,11,12,14],"killed_by":"Gremlin Leader","ascension_level":20}}