{"host":"6fbjdsiu9jij34p7","time":1607738672,"event":{"mods":["2.2 Compatiblity","AchievementEnabler","BaseMod","Colored Map","DeckTracker","Highlight Path","Keyboard Shortcuts","Minty Spire (QoL Compilation)","Permanent Neow","Quick Restart","StSLib","SuperFastMode"],"gold_per_floor":[212,231,30,105,124,124,136,136,136,148,158,170,170,170,170,248,248,262,262,262,262,262],"floor_reached":21,"playtime":410,"items_purged":[],"score":308,"play_id":"d4fe282e-53e0-4c26-958d-cdf87e5f515b","local_time":"20201212110432","is_ascension_mode":true,"campfire_choices":[{"floor":6.0,"key":"REST"},{"floor":8.0,"key":"REST"},{"data":"Reprogram","floor":15,"key":"SMITH"}],"circlet_count":0,"master_deck":["AscendersBane","Strike_B","Strike_B","Strike_B","Defend_B","Defend_B","Defend_B","Defend_B","Leap","Compile Driver","Hyperbeam","Leap","Conserve Battery","Sweeping Beam","Reprogram+1","Scrape","Hologram"],"relics":["Cracked Core","Lizard Tail","Molten Egg 2","Empty Cage","Bag of Preparation"],"acts_visited":["Exordium","TheCity"],"potions_floor_usage":[16,16,18],"damage_taken":[{"damage":1.0,"enemies":"Cultist","floor":1.0,"turns":3.0},{"damage":8.0,"enemies":"Small Slimes","floor":2.0,"turns":4.0},{"damage":3.0,"enemies":"Jaw Worm","floor":5.0,"turns":3.0},{"damage":14.0,"enemies":"Red Slaver","floor":7.0,"turns":3.0},{"damage":4.0,"enemies":"Blue Slaver","floor":10.0,"turns":4.0},{"damage":3.0,"enemies":"Looter","floor":11.0,"turns":3.0},{"damage":8.0,"enemies":"3 Louse","floor":12.0,"turns":3.0},{"damage":38,"enemies":"Slime Boss","floor":16,"turns":10},{"damage":32,"enemies":"2 Thieves","floor":18,"turns":3},{"damage":36,"enemies":"Shell Parasite","floor":21,"turns":9}],"seed_played":"5196543747315893452","potions_obtained":[{"floor":2.0,"key":"DuplicationPotion"},{"floor":5.0,"key":"EssenceOfDarkness"},{"floor":16,"key":"LiquidBronze"}],"is_trial":false,"path_per_floor":["M","M","$","?","M","R","M","R","T","M","M","M","?","T","R","B",null,"M","T","?","M"],"character_chosen":"DEFECT","items_purchased":["Hyperbeam","Leap"],"campfire_rested":2,"item_purchase_floors":[3,3],"current_hp_per_floor":[63,55,55,44,41,62,48,69,69,65,62,54,54,54,54,16,57,25,25,39,3,3],"gold":262,"neow_bonus":"HUNDRED_GOLD","is_daily":false,"chose_seed":false,"campfire_upgraded":1,"win_rate":0.0,"timestamp":1607738672,"path_taken":["M","M","$","?","M","R","M","R","T","M","M","M","?","?","R","BOSS","M","?","?","M"],"items_purchased_type":["Card","Card"],"build_version":"2020-11-30","purchased_purges":0,"victory":false,"max_hp_per_floor":[71,71,71,71,71,71,71,71,71,71,71,71,71,71,71,71,71,71,71,71,71,71],"card_choices":[{"not_picked":["Turbo","Rebound"],"picked":"Leap","floor":1.0},{"not_picked":["Go for the Eyes","Auto Shields"],"picked":"Compile Driver","floor":2.0},{"not_picked":["Skim","Coolheaded"],"picked":"Conserve Battery","floor":5.0},{"not_picked":["Streamline","Ball Lightning"],"picked":"Sweeping Beam","floor":7.0},{"not_picked":["Darkness","Compile Driver"],"picked":"Reprogram","floor":10.0},{"not_picked":["Steam Power","Streamline"],"picked":"Scrape","floor":11.0},{"not_picked":["Tempest","Sweeping Beam"],"picked":"Hologram","floor":12.0},{"not_picked":["Storm","Chaos","Capacitor"],"picked":"SKIP","floor":18}],"player_experience":223328,"relics_obtained":[{"floor":9.0,"key":"Lizard Tail"},{"floor":14,"key":"Molten Egg 2"},{"floor":19,"key":"Bag of Preparation"}],"event_choices":[{"damage_healed":0.0,"max_hp_gain":0.0,"max_hp_loss":0.0,"gold_gain":75.0,"event_name":"World of Goop","player_choice":"Gather Gold","floor":4.0,"gold_loss":0.0,"damage_taken":11.0},{"cards_removed":["Strike_B"],"damage_healed":0.0,"max_hp_gain":0.0,"max_hp_loss":0.0,"gold_gain":0.0,"event_name":"Living Wall","player_choice":"Forget","floor":13.0,"gold_loss":0.0,"damage_taken":0.0},{"damage_healed":14,"gold_gain":0,"player_choice":"Heal","damage_taken":0,"max_hp_gain":0,"max_hp_loss":0,"event_name":"The Library","floor":20,"gold_loss":0}],"is_beta":false,"boss_relics":[{"not_picked":["Pandora\u0027s Box","SlaversCollar"],"picked":"Empty Cage"}],"items_purged_floors":[],"is_endless":false,"potions_floor_spawned":[2,5,16],"killed_by":"Shell Parasite","ascension_level":16}}