{"host":"nmyw38vkdf8owddb","time":1607761537,"event":{"mods":["BaseMod","Bestiary","Colored Map","Colored Powertips","DeckTracker","Minty Spire (QoL Compilation)","StSLib","Waifu the Spire"],"gold_per_floor":[114,64,76,36,54,88,106,106,132,132,132,171,171,171,171,291,291,307,307,112,137,176,176,210,210,210,210,223,223,223],"floor_reached":29,"playtime":1290,"items_purged":[],"score":299,"play_id":"17c64948-a147-4bd8-9d5b-63196be44b94","local_time":"20201212172537","is_ascension_mode":true,"campfire_choices":[{"floor":8,"key":"REST"},{"data":"Noxious Fumes","floor":13,"key":"SMITH"},{"floor":15,"key":"REST"},{"data":"Apotheosis","floor":23,"key":"SMITH"},{"data":"Neutralize","floor":25,"key":"SMITH"},{"data":"Panache","floor":27,"key":"SMITH"}],"circlet_count":0,"master_deck":["Strike_G","Strike_G","Strike_G","Strike_G","Defend_G","Defend_G","Defend_G","Defend_G+1","Defend_G","Survivor","Neutralize+1","Panache+1","Dagger Throw","Acrobatics","Noxious Fumes+1","Skewer+1","Dodge and Roll","Blade Dance","Burst","Dagger Throw","Leg Sweep","Phantasmal Killer","Backflip","Apotheosis+1","Catalyst","PiercingWail","Deflect+1"],"relics":["Ring of the Serpent","Dream Catcher","Happy Flower","Golden Idol","Nunchaku","Bronze Scales","Red Mask","MealTicket","Molten Egg 2"],"acts_visited":["Exordium","TheCity"],"potions_floor_usage":[7,22],"damage_taken":[{"damage":4,"enemies":"Small Slimes","floor":1,"turns":5},{"damage":0,"enemies":"Jaw Worm","floor":3,"turns":4},{"damage":0,"enemies":"2 Louse","floor":5,"turns":3},{"damage":33,"enemies":"Gremlin Nob","floor":6,"turns":5},{"damage":0,"enemies":"Gremlin Gang","floor":7,"turns":3},{"damage":10,"enemies":"3 Sentries","floor":12,"turns":5},{"damage":18,"enemies":"Slime Boss","floor":16,"turns":9},{"damage":2,"enemies":"3 Byrds","floor":18,"turns":5},{"damage":3,"enemies":"Spheric Guardian","floor":21,"turns":3},{"damage":34,"enemies":"Masked Bandits","floor":22,"turns":4},{"damage":3,"enemies":"Book of Stabbing","floor":24,"turns":4},{"damage":2,"enemies":"Snake Plant","floor":28,"turns":6},{"damage":18,"enemies":"Colosseum Slavers","floor":29,"turns":3},{"damage":15,"enemies":"Colosseum Nobs","floor":29,"turns":2}],"seed_played":"571453465935330852","potions_obtained":[{"floor":6,"key":"Explosive Potion"},{"floor":16,"key":"BlessingOfTheForge"},{"floor":21,"key":"Regen Potion"},{"floor":24,"key":"FearPotion"}],"is_trial":false,"path_per_floor":["M","?","M","$","M","E","M","R","T","?","?","E","R","?","R","B",null,"M","?","$","M","?","R","E","R","T","R","M","?"],"character_chosen":"THE_SILENT","items_purchased":["Noxious Fumes","Apotheosis"],"campfire_rested":2,"item_purchase_floors":[4,20],"current_hp_per_floor":[66,66,66,66,66,33,33,54,54,54,41,31,31,31,50,32,65,63,63,63,60,35,35,32,32,32,32,30,0,0],"gold":223,"neow_bonus":"RANDOM_COLORLESS_2","is_daily":false,"chose_seed":false,"campfire_upgraded":4,"win_rate":0.0,"timestamp":1607761537,"path_taken":["M","?","M","$","M","E","M","R","T","?","?","E","R","?","R","BOSS","M","?","$","?","?","R","E","R","T","R","M","?"],"items_purchased_type":["Card","Card"],"build_version":"2020-11-30","purchased_purges":0,"victory":false,"max_hp_per_floor":[70,70,70,70,70,70,70,70,70,65,65,65,65,65,65,65,65,65,65,65,65,65,65,65,65,65,65,65,65,65],"card_choices":[{"not_picked":["Sadistic Nature","Thinking Ahead"],"picked":"Panache","floor":0},{"not_picked":["Masterful Stab","Accuracy"],"picked":"Dagger Throw","floor":1},{"not_picked":["Slice","Outmaneuver"],"picked":"Acrobatics","floor":3},{"not_picked":["Infinite Blades","Slice"],"picked":"Skewer","floor":5},{"not_picked":["Setup","Cloak And Dagger"],"picked":"Dodge and Roll","floor":6},{"not_picked":["Crippling Poison","Cloak And Dagger"],"picked":"Blade Dance","floor":7},{"not_picked":["Cloak And Dagger","Outmaneuver"],"picked":"Burst","floor":12},{"not_picked":["Prepared","Slice"],"picked":"Leg Sweep","floor":15},{"not_picked":["Burst","Wraith Form v2"],"picked":"Phantasmal Killer","floor":16},{"not_picked":["Sucker Punch","Dagger Throw"],"picked":"Backflip","floor":18},{"not_picked":["Accuracy","Infinite Blades"],"picked":"Catalyst","floor":21},{"not_picked":["Poisoned Stab+1","Backflip"],"picked":"PiercingWail","floor":22},{"not_picked":["Prepared","Die Die Die"],"picked":"Deflect+1","floor":24},{"not_picked":["Outmaneuver","Slice+1","Bane+1"],"picked":"SKIP","floor":28}],"player_experience":310298,"relics_obtained":[{"floor":6,"key":"Dream Catcher"},{"floor":9,"key":"Happy Flower"},{"floor":12,"key":"Nunchaku"},{"floor":22,"key":"Red Mask"},{"floor":24,"key":"MealTicket"},{"floor":26,"key":"Molten Egg 2"}],"event_choices":[{"cards_removed":["Regret"],"damage_healed":0,"gold_gain":0,"player_choice":"Card Removal","damage_taken":0,"max_hp_gain":0,"max_hp_loss":0,"event_name":"The Cleric","floor":2,"gold_loss":50},{"damage_healed":0,"gold_gain":0,"player_choice":"Lose Max HP","damage_taken":0,"relics_obtained":["Golden Idol"],"max_hp_gain":0,"max_hp_loss":5,"event_name":"Golden Idol","floor":10,"gold_loss":0},{"damage_healed":0,"gold_gain":0,"player_choice":"Entered Light","damage_taken":13,"max_hp_gain":0,"max_hp_loss":0,"event_name":"Shining Light","floor":11,"gold_loss":0,"cards_upgraded":["Skewer","Defend_G"]},{"damage_healed":0,"gold_gain":0,"cards_transformed":["Strike_G"],"player_choice":"Change","damage_taken":0,"max_hp_gain":0,"max_hp_loss":0,"event_name":"Living Wall","floor":14,"gold_loss":0,"cards_obtained":["Dagger Throw"]},{"damage_healed":0,"gold_gain":0,"player_choice":"Gave Potion","damage_taken":0,"relics_obtained":["Bronze Scales"],"max_hp_gain":0,"max_hp_loss":0,"event_name":"WeMeetAgain","floor":19,"gold_loss":0},{"damage_healed":0,"gold_gain":0,"player_choice":"Fought Bandits","damage_taken":0,"max_hp_gain":0,"max_hp_loss":0,"event_name":"Masked Bandits","floor":22,"gold_loss":0},{"damage_healed":0,"gold_gain":0,"player_choice":"Fight","damage_taken":0,"max_hp_gain":0,"max_hp_loss":0,"event_name":"Colosseum","floor":29,"gold_loss":0},{"damage_healed":0,"gold_gain":0,"player_choice":"Fought Nobs","damage_taken":0,"max_hp_gain":0,"max_hp_loss":0,"event_name":"Colosseum","floor":29,"gold_loss":0}],"is_beta":false,"boss_relics":[{"not_picked":["Coffee Dripper","Empty Cage"],"picked":"Ring of the Serpent"}],"items_purged_floors":[],"is_endless":false,"potions_floor_spawned":[6,16,21,24],"killed_by":"Colosseum Nobs","ascension_level":4}}