{"host":"aovv4e73998kgan0","time":1607737314,"event":{"mods":["BaseMod","Minty Spire (QoL Compilation)","StSLib"],"gold_per_floor":[117,117,128,78,58,88,88,107,130,146,174,74,90,100,100,202,202,213,7,18,37,37,52,52,52],"floor_reached":24,"playtime":1463,"items_purged":["Strike_R","Strike_R"],"score":328,"play_id":"23dd58c2-c553-4824-82bd-414466f4f3fc","local_time":"20201211204154","is_ascension_mode":true,"campfire_choices":[{"data":"Pommel Strike","floor":7,"key":"SMITH"},{"data":"Armaments","floor":15,"key":"SMITH"}],"circlet_count":0,"master_deck":["Strike_R+1","Strike_R+1","Defend_R","Defend_R","Defend_R","Defend_R","Bash+1","Armaments+1","Warcry","Pommel Strike+1","Sentinel","Iron Wave","Reckless Charge","Iron Wave","Battle Trance","Body Slam","Barricade","Rage","Ghostly Armor","Second Wind","Corruption","Flex"],"relics":["Burning Blood","NeowsBlessing","Regal Pillow","Bag of Preparation","Whetstone","Sozu"],"acts_visited":["Exordium","TheCity"],"potions_floor_usage":[5,11,16,16,16,16,16],"damage_taken":[{"damage":0,"enemies":"Small Slimes","floor":1,"turns":1},{"damage":0,"enemies":"2 Louse","floor":3,"turns":1},{"damage":0,"enemies":"Lagavulin","floor":6,"turns":1},{"damage":1,"enemies":"Cultist","floor":8,"turns":3},{"damage":1,"enemies":"Exordium Wildlife","floor":10,"turns":4},{"damage":16,"enemies":"Gremlin Nob","floor":11,"turns":3},{"damage":11,"enemies":"Lots of Slimes","floor":13,"turns":6},{"damage":2,"enemies":"Red Slaver","floor":14,"turns":3},{"damage":0,"enemies":"Slime Boss","floor":16,"turns":4},{"damage":9,"enemies":"Shell Parasite","floor":18,"turns":4},{"damage":31,"enemies":"Spheric Guardian","floor":20,"turns":6},{"damage":14,"enemies":"Snake Plant","floor":21,"turns":6},{"damage":26,"enemies":"Shelled Parasite and Fungi","floor":23,"turns":9},{"damage":19,"enemies":"Cultist and Chosen","floor":24,"turns":7}],"seed_played":"-8258270787660700054","potions_obtained":[{"floor":1,"key":"Swift Potion"},{"floor":3,"key":"PowerPotion"},{"floor":5,"key":"Fruit Juice"},{"floor":13,"key":"EntropicBrew"},{"floor":14,"key":"GamblersBrew"}],"is_trial":false,"path_per_floor":["M","?","M","?","?","E","R","M","T","M","E","$","M","M","R","B",null,"M","$","M","M","?","M","M"],"character_chosen":"IRONCLAD","items_purchased":["Iron Wave","Ghostly Armor","Second Wind"],"campfire_rested":0,"item_purchase_floors":[12,19,19],"current_hp_per_floor":[80,80,80,80,85,85,85,85,85,85,75,75,70,74,74,80,85,82,82,57,49,41,21,2,2],"gold":52,"neow_bonus":"THREE_ENEMY_KILL","is_daily":false,"chose_seed":false,"campfire_upgraded":2,"win_rate":0.0,"timestamp":1607737314,"path_taken":["M","?","M","?","?","E","R","M","T","M","E","$","M","M","R","BOSS","M","?","M","M","?","?","M"],"items_purchased_type":["Card","Card","Card"],"build_version":"2020-11-30","purchased_purges":2,"victory":false,"max_hp_per_floor":[80,80,80,80,85,85,85,85,85,85,85,85,85,85,85,85,85,85,85,85,85,85,85,85,85],"card_choices":[{"not_picked":["Battle Trance","Whirlwind"],"picked":"Armaments","floor":1},{"not_picked":["Dual Wield","Armaments"],"picked":"Warcry","floor":3},{"not_picked":["Thunderclap","Flex"],"picked":"Pommel Strike","floor":6},{"not_picked":["Clash","Battle Trance"],"picked":"Sentinel","floor":8},{"not_picked":["Clash","Headbutt"],"picked":"Iron Wave","floor":10},{"not_picked":["Carnage","Clash"],"picked":"Reckless Charge","floor":11},{"not_picked":["Pommel Strike","Clothesline"],"picked":"Battle Trance","floor":13},{"not_picked":["Clothesline","Sentinel"],"picked":"Body Slam","floor":14},{"not_picked":["Reaper","Immolate"],"picked":"Barricade","floor":16},{"not_picked":["Clothesline+1","Heavy Blade"],"picked":"Rage","floor":18},{"not_picked":["Perfected Strike+1","Pummel","Armaments+1"],"picked":"SKIP","floor":20},{"not_picked":["Heavy Blade","Warcry"],"picked":"Corruption","floor":21},{"not_picked":["Wild Strike","Sever Soul"],"picked":"Flex","floor":23}],"player_experience":117048,"relics_obtained":[{"floor":6,"key":"Regal Pillow"},{"floor":9,"key":"Bag of Preparation"},{"floor":11,"key":"Whetstone"}],"event_choices":[{"damage_healed":0,"gold_gain":0,"player_choice":"Grow","damage_taken":0,"max_hp_gain":0,"max_hp_loss":0,"event_name":"Living Wall","floor":2,"gold_loss":0,"cards_upgraded":["Bash"]},{"cards_removed":["Strike_R"],"damage_healed":0,"gold_gain":0,"player_choice":"Card Removal","damage_taken":0,"max_hp_gain":0,"max_hp_loss":0,"event_name":"The Cleric","floor":4,"gold_loss":50},{"damage_healed":0,"gold_gain":0,"player_choice":"Bought 1 Potion","damage_taken":0,"max_hp_gain":0,"max_hp_loss":0,"event_name":"The Woman in Blue","floor":5,"gold_loss":0},{"damage_healed":0,"gold_gain":0,"player_choice":"Damaged","damage_taken":8,"max_hp_gain":0,"max_hp_loss":0,"event_name":"Wheel of Change","floor":22,"gold_loss":0}],"is_beta":false,"boss_relics":[{"not_picked":["Snecko Eye","Calling Bell"],"picked":"Sozu"}],"items_purged_floors":[12,19],"is_endless":false,"potions_floor_spawned":[1,3,13,14,20,23],"killed_by":"Cultist and Chosen","ascension_level":3}}