{"host":"inrqn0jglgjaorlx","time":1607782053,"event":{"mods":["2.2 Compatiblity","Abigail Mod","AchievementEnabler","Act Like it!","BaseMod","CapriCore","Friendly Minions","Gensokyo","Marisa（霧雨　魔理沙）","Minty Spire (QoL Compilation)","Prisma Mod","Reimu（博??梦）","Remilia（蕾米莉?）","StSLib","SuperFastMode","The Alterego","The Immortal"],"gold_per_floor":[19,19,38,48,62,95,25,54,80,114,131,163,163,173,173,276,276,294,294,254,254,254,288,298,317,317,348,367,367,42,292,292,292,292],"floor_reached":33,"playtime":1504,"items_purged":["Strike_RM"],"score":522,"play_id":"eb711597-eb3a-4b50-b9be-48550dab9905","local_time":"20201212140733","is_ascension_mode":true,"campfire_choices":[{"data":"TwelveNightmare","floor":13,"key":"SMITH"},{"data":"BloodRain","floor":15,"key":"SMITH"},{"data":"SuperhumanBloodyKnife","floor":29,"key":"SMITH"},{"data":"MastersStateliness","floor":32,"key":"SMITH"}],"circlet_count":0,"master_deck":["AscendersBane","Strike_RM","Strike_RM","Strike_RM","Defend_RM","Defend_RM","Defend_RM","Defend_RM","ScarletShoot","ScarletDevil","VampirishNight","BloodRain+1","MastersStateliness+1","StarOfDavid","Ultimatum","Ultimatum","VampireSweep+1","TwelveNightmare+1","ForecastOfChange","SuperhumanBloodyKnife+1","DiffusionOfMisfortune","BombardNight","ScarletImprint","NightLord+1","MillenniumVampire"],"relics":["ScarletHat","Turnip","Gensokyo:Justice","Art of War","Oddly Smooth Stone","Happy Flower","Bag of Marbles","Centennial Puzzle","Shuriken","Coffee Dripper","CaptainsWheel","Bronze Scales","Incense Burner","Mummified Hand"],"acts_visited":["Exordium","Gensokyo:Gensokyo"],"potions_floor_usage":[5,16,16,23,25,27,33],"damage_taken":[{"damage":0,"enemies":"Gensokyo:3_Fairies","floor":1,"turns":5},{"damage":9,"enemies":"Gensokyo:2_Kodama","floor":3,"turns":3},{"damage":2,"enemies":"Gensokyo:Python","floor":4,"turns":4},{"damage":2,"enemies":"Gensokyo:3_Kodama","floor":5,"turns":3},{"damage":3,"enemies":"Gensokyo:Cirno","floor":6,"turns":5},{"damage":1,"enemies":"Gensokyo:Mamizou","floor":8,"turns":7},{"damage":0,"enemies":"Gensokyo:Cirno","floor":10,"turns":4},{"damage":0,"enemies":"Gensokyo:LivingMonolith","floor":11,"turns":1},{"damage":0,"enemies":"Gensokyo:Aya","floor":12,"turns":2},{"damage":0,"enemies":"Gensokyo:Kitsune","floor":14,"turns":2},{"damage":13,"enemies":"Gensokyo:Reimu","floor":16,"turns":5},{"damage":0,"enemies":"Gensokyo:CosmicMonolith","floor":18,"turns":2},{"damage":18,"enemies":"Gensokyo:Koishi","floor":23,"turns":5},{"damage":0,"enemies":"Gensokyo:Chomper","floor":24,"turns":3},{"damage":10,"enemies":"Gensokyo:Slime_Group","floor":25,"turns":3},{"damage":6,"enemies":"Gensokyo:Reisen","floor":27,"turns":4},{"damage":0,"enemies":"Gensokyo:3_Gloops","floor":28,"turns":4},{"damage":91,"enemies":"Gensokyo:Kaguya","floor":33,"turns":7}],"seed_played":"-6216022571959760907","potions_obtained":[{"floor":3,"key":"LiquidMemories"},{"floor":4,"key":"SpeedPotion"},{"floor":8,"key":"LiquidBronze"},{"floor":16,"key":"ColorlessPotion"},{"floor":18,"key":"GrandPatriotsElixir:ReiMu"},{"floor":24,"key":"ColorlessPotion"},{"floor":28,"key":"SteroidPotion"}],"is_trial":false,"path_per_floor":["M","?","M","M","M","E","?","E","T","E","M","E","R","M","R","B",null,"M","?","?","?","?","E","M","M","T","E","M","R","$","?","R","B"],"character_chosen":"REMILIA","items_purchased":["Mummified Hand"],"campfire_rested":0,"item_purchase_floors":[30],"current_hp_per_floor":[68,68,59,60,63,68,68,71,71,75,75,75,75,75,75,69,74,75,75,75,75,75,57,61,56,56,54,54,54,54,54,54,0,0],"gold":292,"neow_bonus":"ONE_RARE_RELIC","is_daily":false,"chose_seed":false,"campfire_upgraded":4,"win_rate":0.0,"timestamp":1607782053,"path_taken":["M","?","M","M","M","E","?","E","T","E","M","E","R","M","R","BOSS","M","?","?","?","?","E","?","M","T","E","M","R","?","?","R","BOSS"],"items_purchased_type":["Relic"],"build_version":"2020-11-30","purchased_purges":1,"victory":false,"max_hp_per_floor":[75,75,75,75,75,75,75,75,75,75,75,75,75,75,75,75,75,75,75,75,75,75,75,75,75,75,75,75,75,75,71,71,71,71],"card_choices":[{"not_picked":["VampireKiss","BlasphemousPunishment"],"picked":"ScarletDevil","floor":1},{"not_picked":["FavorOfDestiny","ForbiddenFruit"],"picked":"VampirishNight","floor":3},{"not_picked":["StarOfDavid","BadLadyScramble"],"picked":"BloodRain","floor":4},{"not_picked":["VampireKiss","UnderTheZenith"],"picked":"MastersStateliness","floor":5},{"not_picked":["Maim","BloodyCatastrophe"],"picked":"StarOfDavid","floor":6},{"not_picked":["VampireClaw","BloodHunter"],"picked":"Ultimatum","floor":8},{"not_picked":["BlasphemousPunishment","ScarletDevilSign"],"picked":"Ultimatum","floor":10},{"not_picked":["BlasphemousPunishment","BadLadyScramble","UnderTheZenith"],"picked":"SKIP","floor":11},{"not_picked":["RedRainbow","Ultimatum"],"picked":"VampireSweep","floor":12},{"not_picked":["VampirishNight","EternalNight"],"picked":"TwelveNightmare","floor":12},{"not_picked":["VampireSweep","Stigmanizer","CharismaGuard"],"picked":"SKIP","floor":14},{"not_picked":["QueenOfMidnight","CurseOfVladTepes"],"picked":"ForecastOfChange","floor":16},{"not_picked":["UnstableMagic","BombardNight"],"picked":"SuperhumanBloodyKnife","floor":18},{"not_picked":["MastersStateliness","ScarletDevil"],"picked":"DiffusionOfMisfortune","floor":23},{"not_picked":["ReincarnationDial","RedRainbow"],"picked":"BombardNight","floor":23},{"not_picked":["BloodHunter","NightDance"],"picked":"ScarletImprint","floor":24},{"not_picked":["UnstableMagic","DiffusionOfMisfortune","VampireClaw"],"picked":"SKIP","floor":24},{"not_picked":["ScarletNetherworld","BombardNight","Maim"],"picked":"SKIP","floor":25},{"not_picked":["DiffusionOfMisfortune+1","LeisurelyOfLord"],"picked":"NightLord+1","floor":27},{"not_picked":["ScarletDevil","TwelveNightmare+1"],"picked":"MillenniumVampire","floor":28}],"player_experience":360705,"relics_obtained":[{"floor":6,"key":"Art of War"},{"floor":8,"key":"Happy Flower"},{"floor":9,"key":"Bag of Marbles"},{"floor":10,"key":"Centennial Puzzle"},{"floor":12,"key":"Shuriken"},{"floor":23,"key":"CaptainsWheel"},{"floor":26,"key":"Bronze Scales"},{"floor":27,"key":"Incense Burner"}],"event_choices":[],"is_beta":false,"boss_relics":[{"not_picked":["Calling Bell","Tiny House"],"picked":"Coffee Dripper"}],"items_purged_floors":[30],"is_endless":false,"potions_floor_spawned":[3,4,8,11,12,16,18,24,28],"killed_by":"Gensokyo:Kaguya","ascension_level":11}}