{"host":"rbk1qdcjpzmlze2h","time":1607740916,"event":{"mods":["2.2 Compatiblity","Act Like it!","Ascension Reborn","Aspiration","BaseMod","Beaked The Cultist","Better Match","Better Note","Better Sensory Stone","Better Third Choice","Better-Laid Plans","Card Forge","Colored Powertips","Conspire","Curses Come First","Dio Mod","Displayed Cursed Tome","Filter the Spire","Friendly Minions","Gensokyo","GifTheSpireLib","Gold Saver","Halation","Hallownest","Hermit","Highlight Path","Infinite Spire","Marisa（霧雨　魔理沙）","Minty Spire (QoL Compilation)","Quick Restart","Random Character Mod","Rare Cards Sparkle","Replay The Spire","Ryuuou龙王","Shade Mod","Shop Mod","Spicy Shops","StSLib","The Bug Knight","The Jungle","The Wild Card","TheArtist","TheBandit","TheVacant","Thieving Mod","Transform Curses","Waifu the Spire","WarShipGirlsR/战舰少女R mod"],"gold_per_floor":[110,110,127,417,417,417,417,0,0,9,9,52,79,105,105,207,342,359,359,468,468,428,437,462,482,482,79,124,85,104,30,30,134,134,158,158,158,174,174,217,258,258,258],"floor_reached":42,"playtime":3640,"items_purged":["conspire:NecroticWound","Clumsy"],"score":705,"play_id":"cb6348f9-50d6-411f-93ba-e0ad0465dba2","local_time":"20201211214156","daily_mods":["Heirloom","Flight"],"is_ascension_mode":true,"campfire_choices":[{"data":"rmod:ammunitionsupply","floor":6,"key":"SMITH"},{"floor":15,"key":"DIG"},{"floor":23,"key":"REST"},{"floor":32,"key":"DIG"}],"circlet_count":0,"master_deck":["rmod:strick+1","rmod:strick+1","rmod:strick+1","rmod:strick+1","rmod:defend+1","rmod:defend+1","rmod:defend+1","rmod:defend+1","rmod:basicallowance+1","rmod:maingunfire+1","rmod:ammunitionsupply+1","rmod:luckystar+1","rmod:aluminumsupply+1","rmod:u235+1","The Bomb+1","rmod:diamondstrike+1","Rainbow+1","dioMod:BlendIn+1","WheelKick+1","ReplayTheSpireMod:Brewmster+1","rmod:firesupport+1","rmod:lonelyqueen","rmod:firesupport+1","rmod:slowdown","ReplayUltimateDefense","rmod:mineteam+1","rmod:fletcherpendant","rmod:sl","Good Instincts","Ghostly","Ghostly","Ghostly","Ghostly","Ghostly","Mayhem","rmod:diamondstrike","rmod:circuitoustactics","rmod:maintain","rmod:seals","rmod:firesupport+1","rmod:firesupport+1","rmod:diamondstrike+1"],"relics":["rmod:firstchargereward","Hammer of Thor","Seething Fire","Anvil of the Gods","Unceasing Top","MerchantsRug","CeramicFish","Onion Ring","rmod:extraamm","Dream Catcher","Replay:Wax Seal","beaked:ShinyBauble","infinitespire:Cupcake","aspiration:Stabinomicon","halation:PromiseList","Membership Card","Meat on the Bone","halation:BottledLove","Chemical X","Mango","Fusion Hammer","Pantograph","Omamori","Pear","Prayer Wheel","Letter Opener"],"acts_visited":["Exordium","TheCity","TheBeyond"],"potions_floor_usage":[24,25,30,31,31,33,33,33,35,40,40],"damage_taken":[{"damage":0,"enemies":"2 Louse","floor":1,"turns":2},{"damage":0,"enemies":"conspire:RoseBush","floor":3,"turns":2},{"damage":0,"enemies":"Gremlin Nob","floor":12,"turns":3},{"damage":4,"enemies":"Lagavulin","floor":13,"turns":4},{"damage":0,"enemies":"Small Slimes","floor":14,"turns":2},{"damage":29,"enemies":"Slime Boss","floor":16,"turns":6},{"damage":28,"enemies":"2 Thieves","floor":18,"turns":3},{"damage":12,"enemies":"Shell Parasite","floor":24,"turns":4},{"damage":15,"enemies":"Centurion and Healer","floor":25,"turns":3},{"damage":9,"enemies":"3 Cultists","floor":30,"turns":7},{"damage":13,"enemies":"conspire:HollyBat","floor":31,"turns":9},{"damage":31,"enemies":"StardustCrusaders","floor":33,"turns":9},{"damage":11,"enemies":"Orb Walker","floor":35,"turns":3},{"damage":1,"enemies":"3 Shapes","floor":38,"turns":3},{"damage":10,"enemies":"R_Hoarder","floor":40,"turns":4},{"damage":34,"enemies":"conspire:MimicChest","floor":41,"turns":3},{"damage":24,"enemies":"Writhing Mass","floor":42,"turns":1}],"seed_played":"-1433267751111172917","potions_obtained":[{"floor":12,"key":"LifebloodPotion"},{"floor":13,"key":"Strength Potion"},{"floor":14,"key":"Strength Potion"},{"floor":16,"key":"SmokeBomb"},{"floor":22,"key":"GamblersBrew"},{"floor":22,"key":"SpeedPotion"},{"floor":22,"key":"Milkshake"},{"floor":25,"key":"Ancient Potion"},{"floor":30,"key":"DuplicationPotion"},{"floor":41,"key":"Toxic Potion"}],"is_trial":true,"path_per_floor":["M","?","M","?","?","R","?","$","T","?","?","E","E","M","R","B",null,"M","?","$","?","?","R","M","M","T","$","?","$","M","M","R","B",null,"M","T","?","M","T","E","?","M"],"character_chosen":"PRAEFECT","items_purchased":["MerchantsRug","rmod:diamondstrike","CeramicFish","ReplayTheSpireMod:Brewmster","aspiration:Nostalgia","rmod:slowdown","Membership Card","Meat on the Bone","ReplayUltimateDefense","rmod:mineteam","rmod:fletcherpendant","rmod:sl","halation:BottledLove","Good Instincts","Mayhem","rmod:diamondstrike","Chemical X"],"campfire_rested":1,"item_purchase_floors":[8,8,8,20,20,27,27,27,27,27,27,27,27,27,29,29,29],"current_hp_per_floor":[75,75,76,76,76,76,76,76,76,67,67,67,63,63,63,34,76,48,48,48,32,32,54,42,27,27,27,27,27,30,29,43,24,52,41,41,41,40,50,40,18,0,0],"gold":258,"neow_bonus":"","is_daily":false,"chose_seed":false,"campfire_upgraded":1,"win_rate":0.0,"timestamp":1607740916,"path_taken":["M","?","?","?","?","R","?","$","T","?","?","E","E","M","R","BOSS","M","?","$","?","?","R","M","?","T","?","?","?","?","M","R","BOSS","M","?","?","?","?","E","?","M"],"items_purchased_type":["Relic","Card","Relic","Card","Relic","Card","Relic","Relic","Card","Card","Card","Card","Relic","Card","Card","Card","Relic"],"build_version":"2020-11-30","purchased_purges":2,"victory":false,"max_hp_per_floor":[75,75,76,76,76,76,76,76,76,76,76,76,76,76,76,76,76,76,76,76,76,76,76,76,76,76,76,38,38,38,38,52,52,52,52,52,52,52,62,62,62,62,62],"card_choices":[{"not_picked":["rmod:sl","rmod:aluminumsupply"],"picked":"rmod:ammunitionsupply","floor":1},{"not_picked":["rmod:victimresponsibility","rmod:robin"],"picked":"rmod:luckystar","floor":3},{"not_picked":[],"picked":"rmod:aluminumsupply","floor":4},{"not_picked":["Replay:Sssssssssshield","Survey Options"],"picked":"The Bomb","floor":7},{"not_picked":["Burning Pact","Shade:ClawBack"],"picked":"dioMod:BlendIn","floor":12},{"not_picked":["ShootingEcho","wariomod:Bombtime","wariomod:BlastDash"],"picked":"SKIP","floor":13},{"not_picked":["Poisoned Stab","EmptyFist"],"picked":"WheelKick","floor":14},{"not_picked":["Defy Death+1","ChargeUpSpray","wariomod:AwfulLook+1"],"picked":"SKIP","floor":18},{"not_picked":["rmod:openingtorpedo","rmod:supportescort"],"picked":"rmod:firesupport","floor":23},{"not_picked":["rmod:circuitoustactics","rmod:rockthrower"],"picked":"rmod:lonelyqueen","floor":24},{"not_picked":["rmod:luckystar+1","rmod:ammunitionsupply"],"picked":"rmod:firesupport","floor":25},{"not_picked":["rmod:unsinkable","rmod:diamondstrike"],"picked":"rmod:circuitoustactics","floor":30},{"not_picked":["rmod:u235","rmod:selfconfidence"],"picked":"rmod:maintain","floor":31},{"not_picked":["rmod:expeditionaryescort","rmod:supriseattacks"],"picked":"rmod:seals","floor":33},{"not_picked":["rmod:tearstotiara","rmod:spoils+1"],"picked":"rmod:firesupport+1","floor":35},{"not_picked":["rmod:luckystar","rmod:intelligenceanalysis","rmod:generalist+1"],"picked":"SKIP","floor":38},{"not_picked":["rmod:slowdown","rmod:gendarmerie"],"picked":"rmod:firesupport+1","floor":40},{"not_picked":["rmod:supportescort","rmod:victimresponsibility"],"picked":"rmod:diamondstrike+1","floor":41}],"player_experience":162866,"relics_obtained":[{"floor":9,"key":"Onion Ring"},{"floor":12,"key":"Dream Catcher"},{"floor":13,"key":"Replay:Wax Seal"},{"floor":15,"key":"beaked:ShinyBauble"},{"floor":26,"key":"halation:PromiseList"},{"floor":32,"key":"Mango"},{"floor":36,"key":"Pantograph"},{"floor":39,"key":"Pear"},{"floor":40,"key":"Prayer Wheel"},{"floor":41,"key":"Letter Opener"}],"event_choices":[{"damage_healed":0,"gold_gain":0,"player_choice":"Trade","damage_taken":0,"relics_obtained":["FaceOfCleric"],"max_hp_gain":0,"max_hp_loss":0,"event_name":"FaceTrader","floor":2,"gold_loss":0},{"damage_healed":0,"gold_gain":1,"player_choice":"1","damage_taken":0,"max_hp_gain":0,"max_hp_loss":0,"event_name":"betterStone:BetterStone","floor":7,"gold_loss":0},{"damage_healed":0,"gold_gain":0,"player_choice":"Ignored","damage_taken":0,"max_hp_gain":0,"max_hp_loss":0,"event_name":"Golden Wing","floor":11,"gold_loss":0},{"damage_healed":0,"gold_gain":0,"player_choice":"Ignored","damage_taken":0,"max_hp_gain":0,"max_hp_loss":0,"event_name":"betterNote:BetterNote","floor":19,"gold_loss":0,"cards_obtained":["beaked:AwakenedForm"]},{"damage_healed":0,"gold_gain":0,"player_choice":"Obtained Book","damage_taken":16,"max_hp_gain":0,"max_hp_loss":0,"event_name":"Cursed Tome","floor":21,"gold_loss":0},{"damage_healed":0,"gold_gain":0,"player_choice":"Bought 3 Potions","damage_taken":0,"max_hp_gain":0,"max_hp_loss":0,"event_name":"The Woman in Blue","floor":22,"gold_loss":0},{"damage_healed":0,"gold_gain":0,"player_choice":"Became a Ghost","damage_taken":0,"max_hp_gain":0,"max_hp_loss":38,"event_name":"Ghosts","floor":28,"gold_loss":0,"cards_obtained":["Ghostly","Ghostly","Ghostly","Ghostly","Ghostly"]},{"damage_healed":0,"gold_gain":0,"player_choice":"Gave Potion","damage_taken":0,"relics_obtained":["Omamori"],"max_hp_gain":0,"max_hp_loss":0,"event_name":"WeMeetAgain","floor":37,"gold_loss":0}],"is_beta":false,"boss_relics":[{"not_picked":["aspiration:RitualDagger","ReplayTheSpireMod:SealedPack"],"picked":"infinitespire:Cupcake"},{"not_picked":["Abe\u0027s Treasure","Empty Cage"],"picked":"Fusion Hammer"}],"items_purged_floors":[8,29],"is_endless":false,"potions_floor_spawned":[12,13,14,16,24,25,30,35,41],"killed_by":"Writhing Mass","ascension_level":0}}