{"host":"ldgvv9pwaeljxtz7","time":1607806816,"event":{"mods":["Act Like it!","Aspiration","BaseMod","Better Altar","Better Third Choice","BetterRewards","CapriCore","Conspire","DeckTracker","Dio Mod","Dota2Spire","Downfall","Energized Spire","Fireblade Mod","Friendly Minions","Hermit","HexUI Lib","Hubris","Infinite Spire","Ironclad Rager","Jorbs\u0027s Wanderer Trilogy","Luminous","Minty Spire (QoL Compilation)","Prisma Mod","Quarter Circle Forward PUNCH!","QueenMod","Shade Mod","Shop Mod","StSLib","Steal the Spire","The Blue Laboratory","The Immortal","The Jester","The Wild Card","TheFirefly","TheHero","TheSwordswoman","TheVacant","Trackpad","Watcher Patcher","vexMod","Åy?ï˚ìÒéü?çÏÅzî™â]éámod"],"gold_per_floor":[113,113,127,141,161,188,188,221,248,248,248,259,272,284,284,388,388,400,415,432,432,432,432],"floor_reached":22,"playtime":801,"items_purged":[],"score":200,"play_id":"ae4e37dd-adc0-4e01-a606-b16a229aa134","local_time":"20201213070016","is_ascension_mode":false,"campfire_choices":[{"floor":10,"key":"REST"},{"floor":15,"key":"REST"}],"circlet_count":0,"master_deck":["FireBladeMod:StrikeFireBlade","FireBladeMod:StrikeFireBlade","FireBladeMod:StrikeFireBlade","FireBladeMod:StrikeFireBlade","FireBladeMod:DefendFireBlade","FireBladeMod:DefendFireBlade","FireBladeMod:DefendFireBlade","FireBladeMod:DefendFireBlade","FireBladeMod:FlamingSword+1","FireBladeMod:FireBarrier","FireBladeMod:SoulStrike","FireBladeMod:Flames","FireBladeMod:ComboSlashes","FireBladeMod:ComplexAttack","FireBladeMod:ScorchingCleave","Regret","FireBladeMod:ScorchingStrike","FireBladeMod:ComboCleave","FireBladeMod:StunningBlow","FireBladeMod:QuickJabs","FireBladeMod:BattleMage","FireBladeMod:BasicSmash","FireBladeMod:BasicSmash+1","FireBladeMod:FerventSlash"],"relics":["FireBladeMod:DuelistLocket","Dota2Spire:AssaultCuirass","conspire:Flyswatter","hubris:Metronome","hubris:ToyBattleship","trackpad:SappingStone","vexMod:DeviousBotling","Dota2Spire:DivineRapier"],"acts_visited":["Exordium","TheCity"],"potions_floor_usage":[16,16,22,22],"damage_taken":[{"damage":2,"enemies":"Small Slimes","floor":1,"turns":3},{"damage":10,"enemies":"conspire:RoseBush","floor":3,"turns":2},{"damage":1,"enemies":"Jaw Worm","floor":4,"turns":2},{"damage":15,"enemies":"Lots of Slimes","floor":5,"turns":3},{"damage":6,"enemies":"Gremlin Nob","floor":6,"turns":3},{"damage":38,"enemies":"Lagavulin","floor":8,"turns":4},{"damage":4,"enemies":"Gremlin Gang","floor":12,"turns":3},{"damage":2,"enemies":"Large Slime","floor":13,"turns":4},{"damage":0,"enemies":"3 Louse","floor":14,"turns":2},{"damage":32,"enemies":"Slime Boss","floor":16,"turns":5},{"damage":14,"enemies":"3 Byrds","floor":18,"turns":4},{"damage":6,"enemies":"conspire:FuzzyDice","floor":19,"turns":4},{"damage":26,"enemies":"Snake Plant","floor":20,"turns":3},{"damage":11,"enemies":"conspire:MimicChest","floor":22,"turns":2}],"seed_played":"-159166062785737890","potions_obtained":[{"floor":3,"key":"AttackPotion"},{"floor":6,"key":"Dota2Spire:Clarity"},{"floor":13,"key":"Fire Potion"},{"floor":16,"key":"LiquidBronze"},{"floor":19,"key":"CultistPotion"}],"is_trial":false,"path_per_floor":["M","?","M","M","M","E","?","E","T","R","T","M","M","M","R","B",null,"M","M","M","$","?"],"character_chosen":"THE_FIREBLADE","items_purchased":["Dota2Spire:DivineRapier"],"campfire_rested":2,"item_purchase_floors":[21],"current_hp_per_floor":[75,75,65,64,49,43,43,5,5,28,28,24,22,22,45,13,77,63,57,31,11,0,0],"gold":432,"neow_bonus":"TEN_PERCENT_HP_BONUS","is_daily":false,"chose_seed":false,"campfire_upgraded":0,"win_rate":0.0,"timestamp":1607806816,"path_taken":["M","?","M","M","M","E","?","E","T","R","?","M","M","?","R","BOSS","M","?","M","?","?"],"items_purchased_type":["Relic"],"build_version":"2020-11-30","purchased_purges":0,"victory":false,"max_hp_per_floor":[77,77,77,77,77,77,77,77,77,77,77,77,77,77,77,77,77,77,77,77,77,77,77],"card_choices":[{"not_picked":["FireBladeMod:FlashBang","FireBladeMod:Speed"],"picked":"FireBladeMod:SoulStrike","floor":1},{"not_picked":["FireBladeMod:ComplexDefense","FireBladeMod:Shove"],"picked":"FireBladeMod:Flames","floor":3},{"not_picked":["FireBladeMod:RapidDodges","FireBladeMod:ComplexAttack"],"picked":"FireBladeMod:ComboSlashes","floor":4},{"not_picked":["FireBladeMod:Shove","FireBladeMod:SoulStrike"],"picked":"FireBladeMod:ComplexAttack","floor":5},{"not_picked":["FireBladeMod:HealthyEndurance","FireBladeMod:Accelerant"],"picked":"FireBladeMod:ScorchingCleave","floor":6},{"not_picked":["FireBladeMod:Refreshment","FireBladeMod:Ignition"],"picked":"FireBladeMod:ScorchingStrike","floor":8},{"not_picked":["FireBladeMod:FerventSlash","FireBladeMod:SmashingEndurance"],"picked":"FireBladeMod:ComboCleave","floor":12},{"not_picked":["FireBladeMod:SpiritEndurance","FireBladeMod:ComboSlashes"],"picked":"FireBladeMod:StunningBlow","floor":13},{"not_picked":["FireBladeMod:ComplexDefense","FireBladeMod:AbsorbEnergy"],"picked":"FireBladeMod:QuickJabs","floor":14},{"not_picked":["FireBladeMod:Improvise","FireBladeMod:Ignition"],"picked":"FireBladeMod:BattleMage","floor":16},{"not_picked":["FireBladeMod:ComplexDefense+1","FireBladeMod:WellPrepared+1"],"picked":"FireBladeMod:BasicSmash","floor":18},{"not_picked":["FireBladeMod:Turtle+1","FireBladeMod:SmashingEndurance"],"picked":"FireBladeMod:BasicSmash+1","floor":19},{"not_picked":["FireBladeMod:Shove+1","FireBladeMod:Flames"],"picked":"FireBladeMod:FerventSlash","floor":20}],"player_experience":261956,"relics_obtained":[{"floor":6,"key":"Dota2Spire:AssaultCuirass"},{"floor":8,"key":"hubris:Metronome"},{"floor":9,"key":"hubris:ToyBattleship"},{"floor":11,"key":"trackpad:SappingStone"}],"event_choices":[{"damage_healed":0,"gold_gain":0,"player_choice":"Box","damage_taken":0,"relics_obtained":["conspire:Flyswatter"],"max_hp_gain":0,"max_hp_loss":0,"event_name":"Big Fish","floor":7,"gold_loss":0,"cards_obtained":["Regret"]}],"is_beta":false,"boss_relics":[{"not_picked":["trackpad:Coffee","energizedSpire:StickyHand"],"picked":"vexMod:DeviousBotling"}],"items_purged_floors":[],"is_endless":false,"potions_floor_spawned":[3,6,8,13,14,16,18,19],"killed_by":"conspire:MimicChest","ascension_level":0}}