{"host":"xodzlm10r37577ou","time":1607746791,"event":{"mods":["Act Like it!","BaseMod","Marisa£®ÏF”Í°°ƒß¿Ì…≥£©","Minty Spire (QoL Compilation)","Remilia£®¿Ÿ√◊¿Ú—«£©","Replay The Spire","StSLib","The Servant 0.9.4","Youmu£®ªÍ∆«—˝√Œ£©"],"gold_per_floor":[115,165,8,8,24,52,69,69,94,94,94,94,110,129,129,206,206,226,226,226,240,258,258,258],"floor_reached":23,"playtime":1883,"items_purged":["Delirium"],"score":432,"play_id":"180202f4-148f-4e0e-b5fc-7287d9aef769","local_time":"20201212121951","is_ascension_mode":true,"campfire_choices":[{"data":"HumanGodSword","floor":11,"key":"SMITH"},{"data":"TurningAngelCut","floor":15,"key":"SMITH"}],"circlet_count":0,"master_deck":["AscendersBane","Strike_YM","Strike_YM","Strike_YM+1","Strike_YM","Defend_YM","Defend_YM","Defend_YM","Defend_YM","SlashOfPresentWorld","WheelOfPainOfLivingAndDead+1","LifeCuttingSword","HumanGodSword+1","HumanGodSword+1","SanzenSekai","TenKingsRetributionOnThePreta","TurningAngelCut+1","ReplayTheSpireMod:Splinters","HeavenSword","HellFireSword","VoidnessSword","BizarrenessOfSixRealms","BizarrenessOfSixRealms","HellFireSword","HellFireSword","ReplayTheSpireMod:Faulty Equipment","TwoHundredYojanaInOneSlash"],"relics":["HalfPhantom","NeowsBlessing","Ring of Searing","Ring of Greed","The Courier","Tiny Chest","ScarletDevilRocket","Wakizashi","Potion Belt","Kunai","Cursed Key"],"acts_visited":["Exordium","TheCity"],"potions_floor_usage":[],"damage_taken":[{"damage":0.0,"enemies":"Jaw Worm","floor":1.0,"turns":1.0},{"damage":0,"enemies":"Small Slimes","floor":5,"turns":1},{"damage":0,"enemies":"Gremlin Nob","floor":6,"turns":1},{"damage":5,"enemies":"2 Louse","floor":7,"turns":2},{"damage":0,"enemies":"Looter","floor":13,"turns":4},{"damage":0,"enemies":"Exordium Thugs","floor":14,"turns":4},{"damage":9,"enemies":"The Guardian","floor":16,"turns":9},{"damage":19,"enemies":"Shell Parasite","floor":18,"turns":4},{"damage":6,"enemies":"2 Thieves","floor":21,"turns":3},{"damage":27,"enemies":"Shelled Parasite and Fungi","floor":22,"turns":4},{"damage":0,"enemies":"Replay:Snechameleon","floor":23,"turns":1}],"seed_played":"464912283015133557","potions_obtained":[{"floor":1.0,"key":"PowerPotion"},{"floor":6,"key":"Doom Potion"},{"floor":14,"key":"Explosive Potion"},{"floor":22,"key":"Languid Potion"}],"is_trial":false,"path_per_floor":["M","?","$","?","M","E","M","?","T","?","R","T","M","M","R","B",null,"M","?","?","M","M","E"],"character_chosen":"YOUMU","items_purchased":["HumanGodSword","SanzenSekai"],"campfire_rested":0,"item_purchase_floors":[3,3],"current_hp_per_floor":[63,63,63,42,42,42,37,19,19,19,19,19,19,19,19,10,55,36,36,36,30,3,3,3],"gold":258,"neow_bonus":"THREE_ENEMY_KILL","is_daily":false,"chose_seed":false,"campfire_upgraded":2,"win_rate":0.0,"timestamp":1607746791,"path_taken":["M","?","$","?","M","E","M","?","T","?","R","?","M","M","R","BOSS","M","?","?","M","?","E"],"items_purchased_type":["Card","Card"],"build_version":"2020-11-30","purchased_purges":1,"victory":false,"max_hp_per_floor":[70,70,70,70,70,70,70,70,70,70,70,70,70,70,70,70,70,70,70,70,70,70,70,70],"card_choices":[{"not_picked":["EchoesOfTheInclemencyOfAllBeings","SuddenPhantomFormationSlashOfKarmicWind"],"picked":"LifeCuttingSword","floor":1.0},{"not_picked":["ConstancyOfTheConventionalTruth","FlashingScatteredFlowers"],"picked":"TenKingsRetributionOnThePreta","floor":5},{"not_picked":["SlashOfMeditation","PreachingAvici"],"picked":"TurningAngelCut","floor":6},{"not_picked":["TwoHundredYojanaInOneSlash","ObsessionWithThePresentWorld","CherryBlossomFlashing"],"picked":"SKIP","floor":7},{"not_picked":["ConstancyOfTheConventionalTruth","CrescentMoonSlash"],"picked":"HeavenSword","floor":13},{"not_picked":["CrescentMoonSlash","ObsessionWithThePresentWorld"],"picked":"HellFireSword","floor":14},{"not_picked":["SlashOfSaigyouSpringWind","HeavenGodSword"],"picked":"VoidnessSword","floor":16},{"not_picked":["PretaSword","CrescentMoonSlash"],"picked":"BizarrenessOfSixRealms","floor":18},{"not_picked":["SlashOfMeditation","HiganSword"],"picked":"HellFireSword","floor":21},{"not_picked":["HellFireSword","SanzenSekai"],"picked":"TwoHundredYojanaInOneSlash","floor":22}],"player_experience":777561,"relics_obtained":[{"floor":2.0,"key":"Ring of Searing"},{"floor":2.0,"key":"Ring of Greed"},{"floor":2.0,"key":"The Courier"},{"floor":2.0,"key":"Tiny Chest"},{"floor":6,"key":"ScarletDevilRocket"},{"floor":9,"key":"Potion Belt"},{"floor":12,"key":"Kunai"}],"event_choices":[{"damage_healed":0.0,"max_hp_gain":0.0,"max_hp_loss":0.0,"gold_gain":0.0,"event_name":"Shining Light","player_choice":"Entered Light","floor":4.0,"gold_loss":0.0,"damage_taken":21.0,"cards_upgraded":["Strike_YM","WheelOfPainOfLivingAndDead"]},{"damage_healed":0,"gold_gain":0,"player_choice":"Success","damage_taken":18,"relics_obtained":["Wakizashi"],"max_hp_gain":0,"max_hp_loss":0,"event_name":"Scrap Ooze","floor":8,"gold_loss":0},{"damage_healed":0,"gold_gain":0,"player_choice":"Grow","damage_taken":0,"max_hp_gain":0,"max_hp_loss":0,"event_name":"Living Wall","floor":10,"gold_loss":0,"cards_upgraded":["HumanGodSword"]},{"damage_healed":0,"gold_gain":0,"player_choice":"Read","damage_taken":0,"max_hp_gain":0,"max_hp_loss":0,"event_name":"The Library","floor":19,"gold_loss":0,"cards_obtained":["BizarrenessOfSixRealms"]},{"damage_healed":0,"gold_gain":0,"player_choice":"Copied","damage_taken":0,"max_hp_gain":0,"max_hp_loss":0,"event_name":"Duplicator","floor":20,"gold_loss":0,"cards_obtained":["HellFireSword"]}],"is_beta":false,"boss_relics":[{"not_picked":["Fusion Hammer","Astrolabe"],"picked":"Cursed Key"}],"items_purged_floors":[3],"is_endless":false,"potions_floor_spawned":[1,6,14,22],"killed_by":"Replay:Snechameleon","ascension_level":20}}