{"host":"msepye59htvs4aw4","time":1607769963,"event":{"mods":["BaseMod","Colored Map","DeckTracker","Highlight Path","Minty Spire (QoL Compilation)","Shop Mod","StSLib","SuperFastMode"],"gold_per_floor":[218,140,158,176,251,251,276,288,377,389,401,426,438,463,475,560,572,594,606,618,613,14,14,48,48,48,76,76,1,1,18,18,92,92,108,108,119,129,142,142,157,157,237,255,275,275,292,161,161,161,161],"floor_reached":50,"playtime":3174,"items_purged":[],"score":845,"play_id":"5595399b-26d7-476b-b668-64eb9adcd46e","local_time":"20201212114603","is_ascension_mode":true,"campfire_choices":[{"data":"Noxious Fumes","floor":6,"key":"SMITH"},{"floor":8,"key":"REST"},{"floor":10,"key":"REST"},{"data":"Deadly Poison","floor":15,"key":"SMITH"},{"data":"Apotheosis","floor":23,"key":"SMITH"},{"data":"Discovery","floor":25,"key":"SMITH"},{"data":"Wraith Form v2","floor":28,"key":"SMITH"},{"floor":32,"key":"REST"},{"data":"Backflip","floor":40,"key":"SMITH"},{"data":"Die Die Die","floor":42,"key":"SMITH"},{"data":"Bite","floor":46,"key":"SMITH"},{"data":"Bite","floor":49,"key":"SMITH"}],"circlet_count":0,"master_deck":["AscendersBane","Defend_G","Defend_G","Survivor","Neutralize","Well Laid Plans","PiercingWail","Noxious Fumes+1","Deadly Poison+1","Wraith Form v2+1","Bite","Bite","Bite","Bite+1","Bite+1","Apotheosis+1","Discovery+1","Backflip+1","Die Die Die+1"],"relics":["Ring of the Snake","HornCleat","GremlinMask","Busted Crown","Mummified Hand","MerchantsRug","Toy Ornithopter","Kunai","Torii","Enchiridion","Empty Cage","Pantograph","Bag of Preparation"],"acts_visited":["Exordium","TheCity","TheBeyond"],"potions_floor_usage":[3,16,27,37,38,45],"damage_taken":[{"damage":1,"enemies":"Cultist","floor":1,"turns":5},{"damage":0,"enemies":"Jaw Worm","floor":3,"turns":7},{"damage":0,"enemies":"2 Louse","floor":4,"turns":4},{"damage":56,"enemies":"Gremlin Nob","floor":7,"turns":7},{"damage":0,"enemies":"Looter","floor":12,"turns":4},{"damage":3,"enemies":"3 Louse","floor":14,"turns":3},{"damage":11,"enemies":"The Guardian","floor":16,"turns":8},{"damage":13,"enemies":"Chosen","floor":18,"turns":5},{"damage":5,"enemies":"2 Thieves","floor":21,"turns":4},{"damage":19,"enemies":"Slavers","floor":24,"turns":7},{"damage":2,"enemies":"Book of Stabbing","floor":27,"turns":6},{"damage":0,"enemies":"Snake Plant","floor":31,"turns":6},{"damage":24,"enemies":"Automaton","floor":33,"turns":9},{"damage":1,"enemies":"3 Shapes","floor":35,"turns":5},{"damage":9,"enemies":"Orb Walker","floor":37,"turns":4},{"damage":0,"enemies":"Jaw Worm Horde","floor":38,"turns":5},{"damage":17,"enemies":"3 Darklings","floor":39,"turns":5},{"damage":8,"enemies":"4 Shapes","floor":41,"turns":4},{"damage":1,"enemies":"Writhing Mass","floor":44,"turns":7},{"damage":8,"enemies":"Sphere and 2 Shapes","floor":45,"turns":6},{"damage":12,"enemies":"Spire Growth","floor":47,"turns":7},{"damage":94,"enemies":"Time Eater","floor":50,"turns":12}],"seed_played":"1676302227390971622","potions_obtained":[{"floor":1,"key":"GamblersBrew"},{"floor":14,"key":"Swift Potion"},{"floor":16,"key":"Block Potion"},{"floor":24,"key":"DuplicationPotion"},{"floor":31,"key":"Swift Potion"},{"floor":37,"key":"Explosive Potion"},{"floor":41,"key":"GamblersBrew"},{"floor":44,"key":"SpeedPotion"}],"is_trial":false,"path_per_floor":["M","$","M","M","T","R","E","R","T","R","?","M","?","M","R","B",null,"M","?","?","M","$","R","E","R","T","E","R","?","?","M","R","B",null,"M","?","M","M","M","R","M","R","T","M","M","R","M","?","R","B"],"character_chosen":"THE_SILENT","items_purchased":["Well Laid Plans","Apotheosis","Mummified Hand","MerchantsRug","Discovery","Poisoned Stab"],"campfire_rested":3,"item_purchase_floors":[2,22,22,22,22,22],"current_hp_per_floor":[62,62,62,62,62,62,6,27,27,48,48,48,70,67,67,56,67,54,49,43,48,48,48,43,43,43,49,49,49,33,49,49,46,48,49,49,43,49,44,44,36,36,36,49,49,49,41,41,41,0,0],"gold":161,"neow_bonus":"HUNDRED_GOLD","is_daily":false,"chose_seed":false,"campfire_upgraded":9,"win_rate":0.0,"timestamp":1607769963,"path_taken":["M","$","?","M","?","R","E","R","T","R","?","?","?","M","R","BOSS","M","?","?","?","$","R","E","R","T","E","R","?","?","M","R","BOSS","M","?","M","M","M","R","M","R","T","?","M","R","M","?","R","BOSS"],"items_purchased_type":["Card","Card","Relic","Relic","Card","Card"],"build_version":"2020-11-30","purchased_purges":0,"victory":false,"max_hp_per_floor":[70,70,70,70,70,70,70,70,70,70,70,70,70,70,70,70,70,70,49,49,49,49,49,49,49,49,49,49,49,49,49,49,49,49,49,49,49,49,49,49,49,49,49,49,49,49,49,49,49,49,49],"card_choices":[{"not_picked":["Infinite Blades","Blade Dance","Distraction"],"picked":"SKIP","floor":1},{"not_picked":["Underhanded Strike","Escape Plan"],"picked":"PiercingWail","floor":3},{"not_picked":["Endless Agony","Poisoned Stab"],"picked":"Noxious Fumes","floor":4},{"not_picked":["Prepared","Bane","All Out Attack"],"picked":"SKIP","floor":7},{"not_picked":["Dagger Spray","Expertise"],"picked":"Deadly Poison","floor":12},{"not_picked":["Sucker Punch","Slice","Blade Dance"],"picked":"SKIP","floor":14},{"not_picked":["Night Terror","Bullet Time"],"picked":"Wraith Form v2","floor":16},{"not_picked":["Blade Dance"],"picked":"SKIP","floor":18},{"not_picked":["Outmaneuver+1"],"picked":"SKIP","floor":21},{"not_picked":["Acrobatics"],"picked":"SKIP","floor":24},{"not_picked":["Grand Finale"],"picked":"SKIP","floor":27},{"not_picked":[],"picked":"Backflip","floor":31},{"not_picked":[],"picked":"Die Die Die","floor":33},{"not_picked":["Acrobatics"],"picked":"SKIP","floor":35},{"not_picked":["Dagger Spray"],"picked":"SKIP","floor":37},{"not_picked":["Finisher"],"picked":"SKIP","floor":38},{"not_picked":["Expertise"],"picked":"SKIP","floor":39},{"not_picked":["Dagger Spray"],"picked":"SKIP","floor":41},{"not_picked":["Expertise+1"],"picked":"SKIP","floor":44},{"not_picked":["Masterful Stab"],"picked":"SKIP","floor":45},{"not_picked":["Terror"],"picked":"SKIP","floor":47}],"player_experience":1565877,"relics_obtained":[{"floor":5,"key":"HornCleat"},{"floor":7,"key":"MawBank"},{"floor":9,"key":"StrikeDummy"},{"floor":24,"key":"Toy Ornithopter"},{"floor":26,"key":"Kunai"},{"floor":27,"key":"Torii"},{"floor":30,"key":"Enchiridion"},{"floor":43,"key":"Pantograph"}],"event_choices":[{"damage_healed":0,"gold_gain":0,"player_choice":"Trade","damage_taken":0,"relics_obtained":["GremlinMask"],"max_hp_gain":0,"max_hp_loss":0,"event_name":"FaceTrader","floor":11,"gold_loss":0},{"damage_healed":23,"gold_gain":0,"player_choice":"Banana","damage_taken":0,"max_hp_gain":0,"max_hp_loss":0,"event_name":"Big Fish","floor":13,"gold_loss":0},{"damage_healed":0,"gold_gain":0,"player_choice":"Became a vampire","damage_taken":0,"max_hp_gain":0,"max_hp_loss":21,"event_name":"Vampires","floor":19,"gold_loss":0,"cards_obtained":["Bite","Bite","Bite","Bite","Bite"]},{"damage_healed":0,"gold_gain":0,"player_choice":"","damage_taken":6,"max_hp_gain":0,"max_hp_loss":0,"event_name":"Knowing Skull","floor":20,"potions_obtained":[],"gold_loss":0,"cards_obtained":[]},{"cards_removed":["Defend_G"],"damage_healed":0,"gold_gain":0,"player_choice":"Gave Gold","damage_taken":0,"max_hp_gain":0,"max_hp_loss":0,"event_name":"Beggar","floor":29,"gold_loss":75},{"damage_healed":0,"gold_gain":0,"player_choice":"Obtained Book","damage_taken":16,"max_hp_gain":0,"max_hp_loss":0,"event_name":"Cursed Tome","floor":30,"gold_loss":0},{"cards_removed":["Poisoned Stab"],"damage_healed":5,"gold_gain":0,"player_choice":"Offered Common","damage_taken":0,"max_hp_gain":0,"max_hp_loss":0,"event_name":"Bonfire Elementals","floor":36,"gold_loss":0},{"cards_removed":["Poisoned Stab"],"damage_healed":5,"gold_gain":0,"player_choice":"Offered Special","damage_taken":0,"max_hp_gain":0,"max_hp_loss":0,"event_name":"Bonfire Elementals","floor":36,"gold_loss":0},{"damage_healed":0,"gold_gain":0,"player_choice":"Paid Gold","damage_taken":0,"relics_obtained":["Bag of Preparation"],"max_hp_gain":0,"max_hp_loss":0,"event_name":"WeMeetAgain","floor":48,"gold_loss":131}],"is_beta":false,"boss_relics":[{"not_picked":["Sozu","SacredBark"],"picked":"Busted Crown"},{"not_picked":["WristBlade","Pandora\u0027s Box"],"picked":"Empty Cage"}],"items_purged_floors":[],"is_endless":false,"potions_floor_spawned":[1,14,16,24,31,33,37,41,44],"killed_by":"Time Eater","ascension_level":13}}