{"host":"0vd2boh2oi7jm085","time":1607774413,"event":{"mods":["BaseMod","Colored Map","Colored Powertips","Highlight Path","Minty Spire (QoL Compilation)","Quick Restart","StSLib","The IronCluck"],"gold_per_floor":[116,116,116,116,189,217,217,230,230,249,278,278,353,372,372,451,451,467,235,247,247,247],"floor_reached":21,"playtime":515,"items_purged":["Parasite"],"score":346,"play_id":"e54236f4-a9c2-4147-9f68-3076398a64e5","local_time":"20201212040013","is_ascension_mode":true,"campfire_choices":[{"floor":7.0,"key":"REST"},{"floor":15.0,"key":"REST"}],"circlet_count":0,"master_deck":["AscendersBane","Strike_R","Strike_R","Strike_R","Strike_R","Strike_R","Defend_R","Defend_R","Defend_R","Defend_R","Bash","Perfected Strike","Intimidate","Pommel Strike","Twin Strike","Demon Form","Twin Strike"],"relics":["Burning Blood","Blood Vial","Kunai","Happy Flower","Bottled Flame","Bottled Lightning","Philosopher\u0027s Stone","Nunchaku"],"acts_visited":["Exordium","TheCity"],"potions_floor_usage":[16,16,20,20],"damage_taken":[{"damage":2.0,"enemies":"Cultist","floor":1.0,"turns":4.0},{"damage":56.0,"enemies":"Lagavulin","floor":6.0,"turns":7.0},{"damage":10.0,"enemies":"2 Louse","floor":8.0,"turns":3.0},{"damage":12.0,"enemies":"Jaw Worm","floor":10.0,"turns":3.0},{"damage":4.0,"enemies":"3 Sentries","floor":11.0,"turns":3.0},{"damage":7.0,"enemies":"Blue Slaver","floor":14.0,"turns":3.0},{"damage":69,"enemies":"Slime Boss","floor":16,"turns":9},{"damage":46,"enemies":"Shell Parasite","floor":18,"turns":5},{"damage":21,"enemies":"3 Byrds","floor":20,"turns":6}],"seed_played":"-5332937683966280703","potions_obtained":[{"floor":6.0,"key":"EntropicBrew"},{"floor":11.0,"key":"Swift Potion"},{"floor":14.0,"key":"SkillPotion"},{"floor":16,"key":"GamblersBrew"},{"floor":18,"key":"Weak Potion"}],"is_trial":false,"path_per_floor":["M","$","?","?","T","E","R","M","T","M","E","?","?","M","R","B",null,"M","$","M","?"],"character_chosen":"IRONCLAD","items_purchased":["Nunchaku"],"campfire_rested":2,"item_purchase_floors":[19],"current_hp_per_floor":[74,74,74,74,74,25,47,45,45,41,45,63,52,53,75,12,59,21,21,8,0,0],"gold":247,"neow_bonus":"RANDOM_COMMON_RELIC","is_daily":false,"chose_seed":false,"campfire_upgraded":0,"win_rate":0.0,"timestamp":1607774413,"path_taken":["M","$","?","?","?","E","R","?","T","M","E","?","?","M","R","BOSS","M","$","M","?"],"items_purchased_type":["Relic"],"build_version":"2020-11-30","purchased_purges":1,"victory":false,"max_hp_per_floor":[75,75,75,75,75,75,75,75,75,75,75,75,75,75,75,75,75,75,72,72,72,72],"card_choices":[{"not_picked":["True Grit","Inflame"],"picked":"Perfected Strike","floor":1.0},{"not_picked":["Clash","Combust"],"picked":"Intimidate","floor":6.0},{"not_picked":["Dropkick","Sever Soul","Uppercut"],"picked":"SKIP","floor":8.0},{"not_picked":["Anger","Burning Pact"],"picked":"Pommel Strike","floor":10.0},{"not_picked":["Juggernaut","Body Slam"],"picked":"Twin Strike","floor":11.0},{"not_picked":["Sever Soul","Battle Trance","Dual Wield"],"picked":"SKIP","floor":14.0},{"not_picked":["Barricade","Offering"],"picked":"Demon Form","floor":16},{"not_picked":["Thunderclap","Sentinel"],"picked":"Twin Strike","floor":18},{"not_picked":["Second Wind","Feel No Pain","Dual Wield"],"picked":"SKIP","floor":20}],"player_experience":78427,"relics_obtained":[{"floor":5.0,"key":"Kunai"},{"floor":6.0,"key":"Happy Flower"},{"floor":9.0,"key":"Bottled Flame"},{"floor":11.0,"key":"Bottled Lightning"}],"event_choices":[{"damage_healed":0.0,"max_hp_gain":0.0,"max_hp_loss":0.0,"gold_gain":0.0,"event_name":"Golden Wing","player_choice":"Ignored","floor":3.0,"gold_loss":0.0,"damage_taken":0.0},{"damage_healed":0.0,"max_hp_gain":0.0,"max_hp_loss":0.0,"gold_gain":0.0,"event_name":"The Cleric","player_choice":"Leave","floor":4.0,"gold_loss":0.0,"damage_taken":0.0},{"damage_healed":18.0,"max_hp_gain":0.0,"max_hp_loss":0.0,"gold_gain":0.0,"event_name":"Mushrooms","player_choice":"Healed and dodged fight","floor":12.0,"gold_loss":0.0,"damage_taken":0.0,"cards_obtained":["Parasite"]},{"damage_healed":0.0,"max_hp_gain":0.0,"max_hp_loss":0.0,"gold_gain":75.0,"event_name":"World of Goop","player_choice":"Gather Gold","floor":13.0,"gold_loss":0.0,"damage_taken":11.0}],"is_beta":false,"boss_relics":[{"not_picked":["Astrolabe","Empty Cage"],"picked":"Philosopher\u0027s Stone"}],"items_purged_floors":[19],"is_endless":false,"potions_floor_spawned":[6,11,14,16,18],"ascension_level":17}}