{"host":"rofpq4i3w7d0zqjh","time":1607786381,"event":{"mods":["BaseMod","Minty Spire (QoL Compilation)"],"gold_per_floor":[111,124,199,211,226,226,274,274,274,224,224,258,258,274,274,376,376,388,399,79,97,22,22,22],"floor_reached":23,"playtime":1071,"items_purged":["Lockon"],"score":289,"play_id":"a8022e5e-1996-4a3f-8607-1311e8a2550b","local_time":"20201212081941","is_ascension_mode":true,"campfire_choices":[{"data":"FTL","floor":6,"key":"SMITH"},{"data":"Seek","floor":8,"key":"SMITH"},{"data":"Streamline","floor":13,"key":"SMITH"},{"floor":15,"key":"REST"}],"circlet_count":0,"master_deck":["Zap","Dualcast","Seek+1","Coolheaded","Conserve Battery","FTL+1","Hologram","Streamline+1","Gash","Biased Cognition","Genetic Algorithm","Loop","Coolheaded","Reboot","Loop","Capacitor","Scrape","Cold Snap+1","Apotheosis","Turbo","Melter","Streamline","Chill"],"relics":["Cracked Core","Whetstone","Kunai","Vajra","Pandora\u0027s Box"],"acts_visited":["Exordium","TheCity"],"potions_floor_usage":[21],"damage_taken":[{"damage":1,"enemies":"2 Louse","floor":1,"turns":3},{"damage":0,"enemies":"Jaw Worm","floor":2,"turns":4},{"damage":7,"enemies":"Small Slimes","floor":4,"turns":3},{"damage":6,"enemies":"Looter","floor":5,"turns":4},{"damage":8,"enemies":"3 Sentries","floor":12,"turns":9},{"damage":0,"enemies":"Large Slime","floor":14,"turns":3},{"damage":0,"enemies":"Slime Boss","floor":16,"turns":6},{"damage":13,"enemies":"Spheric Guardian","floor":18,"turns":4},{"damage":40,"enemies":"3 Byrds","floor":19,"turns":5},{"damage":10,"enemies":"Snecko","floor":21,"turns":5},{"damage":12,"enemies":"Book of Stabbing","floor":23,"turns":1}],"seed_played":"1839766686935161668","potions_obtained":[{"floor":1,"key":"SkillPotion"},{"floor":5,"key":"Strength Potion"},{"floor":14,"key":"SkillPotion"},{"floor":21,"key":"Swift Potion"}],"is_trial":false,"path_per_floor":["M","M","?","M","M","R","T","R","T","?","?","E","R","M","R","B",null,"M","M","$","M","$","E"],"character_chosen":"DEFECT","items_purchased":["Apotheosis","Turbo","Melter","Streamline"],"campfire_rested":1,"item_purchase_floors":[20,20,20,20],"current_hp_per_floor":[67,67,56,49,43,43,43,43,43,43,48,40,40,40,61,61,73,60,20,20,10,10,0,0],"gold":22,"neow_bonus":"THREE_RARE_CARDS","is_daily":false,"chose_seed":false,"campfire_upgraded":3,"win_rate":0.0,"timestamp":1607786381,"path_taken":["M","M","?","M","M","R","?","R","T","?","?","E","R","M","R","BOSS","M","M","$","M","$","E"],"items_purchased_type":["Card","Card","Card","Card"],"build_version":"2020-11-30","purchased_purges":1,"victory":false,"max_hp_per_floor":[68,68,68,68,68,68,68,68,68,68,73,73,73,73,73,73,73,73,73,73,73,73,73,73],"card_choices":[{"not_picked":["Creative AI","Multi-Cast"],"picked":"Seek","floor":0},{"not_picked":["Double Energy","Beam Cell"],"picked":"Coolheaded","floor":1},{"not_picked":["Compile Driver","Force Field"],"picked":"Conserve Battery","floor":2},{"not_picked":["Rip and Tear","Leap"],"picked":"FTL","floor":4},{"not_picked":["Rip and Tear","Coolheaded"],"picked":"Hologram","floor":5},{"not_picked":["Conserve Battery","Auto Shields"],"picked":"Streamline","floor":12},{"not_picked":["Skim","Redo"],"picked":"Gash","floor":14},{"not_picked":["Creative AI","Electrodynamics"],"picked":"Biased Cognition","floor":16},{"not_picked":["Hologram","Rip and Tear"],"picked":"Scrape","floor":18},{"not_picked":["Steam","Redo"],"picked":"Cold Snap+1","floor":19},{"not_picked":["Beam Cell","Melter"],"picked":"Chill","floor":21}],"player_experience":209925,"relics_obtained":[{"floor":7,"key":"Whetstone"},{"floor":9,"key":"Kunai"},{"floor":12,"key":"Vajra"}],"event_choices":[{"damage_healed":0,"gold_gain":75,"player_choice":"Gather Gold","damage_taken":11,"max_hp_gain":0,"max_hp_loss":0,"event_name":"World of Goop","floor":3,"gold_loss":0},{"cards_removed":["Strike_B"],"damage_healed":0,"gold_gain":0,"player_choice":"Card Removal","damage_taken":0,"max_hp_gain":0,"max_hp_loss":0,"event_name":"The Cleric","floor":10,"gold_loss":50},{"damage_healed":0,"gold_gain":0,"player_choice":"Donut","damage_taken":0,"max_hp_gain":5,"max_hp_loss":0,"event_name":"Big Fish","floor":11,"gold_loss":0}],"is_beta":false,"boss_relics":[{"not_picked":["Coffee Dripper","Nuclear Battery"],"picked":"Pandora\u0027s Box"}],"items_purged_floors":[22],"is_endless":false,"potions_floor_spawned":[1,5,14,18,21],"killed_by":"Book of Stabbing","ascension_level":4}}