{"host":"ixi9s7btvirxogme","time":1607794207,"event":{"mods":["BaseMod","Colored Map","Colored Powertips","Highlight Path","Minty Spire (QoL Compilation)"],"gold_per_floor":[117,129,147,162,162,162,196,196,223,240,240,269,330,349,349,454,454,468,487,487,171,181,212,112,146,170,202,202,249,249,260,260,359,359,373,393,404,423,50,77,77,87,112,140,150,198,198,198,198,198],"floor_reached":51,"playtime":4636,"items_purged":["Defend_B","Strike_B","Strike_B"],"score":727,"play_id":"5226a410-1000-4b88-af87-103c1a62a5d5","local_time":"20201212183007","is_ascension_mode":false,"campfire_choices":[{"floor":6,"key":"REST"},{"data":"Go for the Eyes","floor":8,"key":"SMITH"},{"data":"Zap","floor":11,"key":"SMITH"},{"floor":15,"key":"REST"},{"data":"Electrodynamics","floor":28,"key":"SMITH"},{"data":"Genetic Algorithm","floor":30,"key":"SMITH"},{"data":"Dualcast","floor":32,"key":"SMITH"},{"data":"Thunder Strike","floor":41,"key":"SMITH"},{"data":"Barrage","floor":47,"key":"SMITH"},{"floor":49,"key":"REST"}],"circlet_count":0,"master_deck":["Defend_B+1","Defend_B+1","Zap+1","Dualcast+1","Leap+1","Go for the Eyes+1","Compile Driver+1","Barrage+1","Conserve Battery+1","Beam Cell+1","Barrage+1","Genetic Algorithm+1","Thunder Strike+1","Stack+1","Ball Lightning+1","Electrodynamics+1","Tempest+1","Capacitor+1","Leap+1","Ball Lightning+1","Reboot+1","CurseOfTheBell","Consume+1","Ball Lightning+1","Conserve Battery+1","Go for the Eyes+1","Capacitor+1","Defragment+1"],"relics":["Cracked Core","MealTicket","Bronze Scales","Regal Pillow","Calipers","Nuclear Battery","Mercury Hourglass","Eternal Feather","Oddly Smooth Stone","Centennial Puzzle","Shuriken","PreservedInsect","Calling Bell","Bag of Preparation","InkBottle","Ice Cream","HornCleat","Potion Belt","Smiling Mask","Juzu Bracelet","Torii","Mark of the Bloom"],"acts_visited":["Exordium","TheCity","TheBeyond"],"potions_floor_usage":[7,12,12,16,22,23,23,36,36,50,50],"damage_taken":[{"damage":0,"enemies":"Small Slimes","floor":1,"turns":4},{"damage":0,"enemies":"Jaw Worm","floor":2,"turns":4},{"damage":0,"enemies":"Cultist","floor":3,"turns":4},{"damage":2,"enemies":"Exordium Wildlife","floor":4,"turns":4},{"damage":14,"enemies":"Gremlin Nob","floor":7,"turns":5},{"damage":0,"enemies":"2 Fungi Beasts","floor":10,"turns":3},{"damage":2,"enemies":"3 Sentries","floor":12,"turns":4},{"damage":23,"enemies":"3 Sentries","floor":13,"turns":6},{"damage":4,"enemies":"Blue Slaver","floor":14,"turns":2},{"damage":47,"enemies":"Slime Boss","floor":16,"turns":11},{"damage":7,"enemies":"Spheric Guardian","floor":18,"turns":3},{"damage":5,"enemies":"3 Byrds","floor":19,"turns":3},{"damage":4,"enemies":"Sentry and Sphere","floor":22,"turns":6},{"damage":1,"enemies":"Book of Stabbing","floor":23,"turns":4},{"damage":18,"enemies":"Slavers","floor":25,"turns":3},{"damage":19,"enemies":"Book of Stabbing","floor":27,"turns":4},{"damage":9,"enemies":"Snake Plant","floor":31,"turns":2},{"damage":42,"enemies":"Champ","floor":33,"turns":9},{"damage":0,"enemies":"Orb Walker","floor":35,"turns":3},{"damage":0,"enemies":"3 Shapes","floor":36,"turns":3},{"damage":24,"enemies":"Transient","floor":37,"turns":5},{"damage":0,"enemies":"4 Shapes","floor":38,"turns":3},{"damage":2,"enemies":"Giant Head","floor":40,"turns":5},{"damage":4,"enemies":"Spire Growth","floor":42,"turns":4},{"damage":1,"enemies":"Reptomancer","floor":44,"turns":3},{"damage":0,"enemies":"Transient","floor":45,"turns":5},{"damage":13,"enemies":"2 Orb Walkers","floor":46,"turns":2},{"damage":24,"enemies":"Awakened One","floor":50,"turns":7}],"seed_played":"5801535259626022187","potions_obtained":[{"floor":1,"key":"LiquidBronze"},{"floor":4,"key":"Dexterity Potion"},{"floor":7,"key":"Explosive Potion"},{"floor":12,"key":"BlessingOfTheForge"},{"floor":13,"key":"Dexterity Potion"},{"floor":14,"key":"FocusPotion"},{"floor":18,"key":"Block Potion"},{"floor":27,"key":"Swift Potion"},{"floor":31,"key":"Strength Potion"},{"floor":35,"key":"PowerPotion"},{"floor":38,"key":"Regen Potion"},{"floor":44,"key":"SkillPotion"},{"floor":45,"key":"DuplicationPotion"}],"is_trial":false,"path_per_floor":["M","M","M","M","?","R","E","R","T","M","R","E","?","M","R","B",null,"M","M","?","$","M","E","$","E","T","E","R","T","R","M","R","B",null,"M","M","M","M","$","E","R","M","T","E","M","?","R","?","R","B",null],"character_chosen":"DEFECT","items_purchased":["Mercury Hourglass","HornCleat"],"campfire_rested":3,"item_purchase_floors":[21,39],"current_hp_per_floor":[54,54,54,52,37,59,45,45,45,45,45,43,20,16,53,6,75,68,63,63,75,71,70,75,57,57,38,50,50,62,53,65,23,75,75,75,51,51,66,64,75,71,71,70,70,57,72,72,72,48],"gold":198,"neow_bonus":"REMOVE_TWO","is_daily":false,"chose_seed":false,"campfire_upgraded":7,"win_rate":0.0,"timestamp":1607794207,"path_taken":["M","M","M","M","?","R","E","R","T","M","R","E","?","M","R","BOSS","M","M","?","$","M","E","?","E","T","E","R","?","R","M","R","BOSS","M","M","M","M","$","E","R","M","T","E","M","?","R","?","R","BOSS"],"items_purchased_type":["Relic","Relic"],"build_version":"2020-11-30","purchased_purges":3,"victory":true,"max_hp_per_floor":[75,75,75,75,75,75,75,75,75,75,75,75,75,75,75,75,75,75,75,75,75,75,75,75,75,75,75,75,75,75,75,75,75,75,75,75,75,75,75,75,75,75,75,75,75,75,75,75,75,75],"card_choices":[{"not_picked":["Auto Shields","Beam Cell"],"picked":"Leap","floor":1},{"not_picked":["Rip and Tear","Fusion"],"picked":"Go for the Eyes","floor":2},{"not_picked":["Force Field","Hologram"],"picked":"Compile Driver","floor":3},{"not_picked":["Streamline","Chill"],"picked":"Barrage","floor":4},{"not_picked":["Streamline","Gash"],"picked":"Conserve Battery","floor":7},{"not_picked":["Coolheaded","Gash"],"picked":"Beam Cell","floor":10},{"not_picked":["Beam Cell","Stack"],"picked":"Barrage","floor":12},{"not_picked":["Redo","Loop"],"picked":"Genetic Algorithm","floor":13},{"not_picked":["Barrage","Machine Learning","Go for the Eyes"],"picked":"SKIP","floor":14},{"not_picked":["Fission","Amplify"],"picked":"Thunder Strike","floor":16},{"not_picked":["Barrage","Hologram"],"picked":"Stack+1","floor":18},{"not_picked":["Beam Cell","Sweeping Beam"],"picked":"Ball Lightning","floor":19},{"not_picked":["Coolheaded","Conserve Battery"],"picked":"Electrodynamics","floor":22},{"not_picked":["Stack","Reinforced Body+1"],"picked":"Tempest+1","floor":23},{"not_picked":["Defragment","FTL"],"picked":"Capacitor+1","floor":25},{"not_picked":["Amplify","Self Repair"],"picked":"Leap","floor":27},{"not_picked":["Doom and Gloom","Leap"],"picked":"Ball Lightning","floor":31},{"not_picked":["Rainbow","Creative AI"],"picked":"Reboot","floor":33},{"not_picked":["Steam+1","Coolheaded"],"picked":"Consume+1","floor":35},{"not_picked":["Coolheaded","Rip and Tear"],"picked":"Ball Lightning+1","floor":36},{"not_picked":["Streamline","Machine Learning","Ball Lightning"],"picked":"SKIP","floor":37},{"not_picked":["Aggregate","Blizzard+1"],"picked":"Conserve Battery+1","floor":38},{"not_picked":["Streamline","All For One"],"picked":"Go for the Eyes+1","floor":40},{"not_picked":["Ball Lightning","Doom and Gloom+1","Steam+1"],"picked":"SKIP","floor":42},{"not_picked":["Reinforced Body+1","Aggregate"],"picked":"Capacitor+1","floor":44},{"not_picked":["Steam+1","Doom and Gloom","Beam Cell"],"picked":"SKIP","floor":45},{"not_picked":["Sweeping Beam+1","Hologram"],"picked":"Defragment+1","floor":46}],"player_experience":65120,"relics_obtained":[{"floor":7,"key":"MealTicket"},{"floor":9,"key":"Bronze Scales"},{"floor":12,"key":"Regal Pillow"},{"floor":23,"key":"Eternal Feather"},{"floor":25,"key":"Oddly Smooth Stone"},{"floor":26,"key":"Centennial Puzzle"},{"floor":27,"key":"Shuriken"},{"floor":29,"key":"PreservedInsect"},{"floor":34,"key":"Bag of Preparation"},{"floor":34,"key":"InkBottle"},{"floor":34,"key":"Ice Cream"},{"floor":40,"key":"Potion Belt"},{"floor":43,"key":"Smiling Mask"},{"floor":44,"key":"Juzu Bracelet"},{"floor":46,"key":"Torii"}],"event_choices":[{"damage_healed":0,"gold_gain":0,"player_choice":"Entered Light","damage_taken":15,"max_hp_gain":0,"max_hp_loss":0,"event_name":"Shining Light","floor":5,"gold_loss":0,"cards_upgraded":["Defend_B","Defend_B"]},{"damage_healed":0,"gold_gain":30,"player_choice":"Searched \u00273\u0027 times","damage_taken":0,"relics_obtained":["Calipers"],"max_hp_gain":0,"max_hp_loss":0,"event_name":"Dead Adventurer","floor":13,"gold_loss":0},{"cards_removed":["Defend_B"],"damage_healed":0,"gold_gain":0,"player_choice":"Purged","damage_taken":0,"max_hp_gain":0,"max_hp_loss":0,"event_name":"Purifier","floor":20,"gold_loss":0},{"damage_healed":0,"gold_gain":0,"player_choice":"Fight","damage_taken":0,"max_hp_gain":0,"max_hp_loss":0,"event_name":"Mysterious Sphere","floor":46,"gold_loss":0},{"damage_healed":0,"gold_gain":0,"player_choice":"Upgrade","damage_taken":0,"relics_obtained":["Mark of the Bloom"],"max_hp_gain":0,"max_hp_loss":0,"event_name":"MindBloom","floor":48,"gold_loss":0,"cards_upgraded":["Leap","Compile Driver","Conserve Battery","Beam Cell","Barrage","Ball Lightning","Leap","Ball Lightning","Reboot"]}],"is_beta":false,"boss_relics":[{"not_picked":["FrozenCore","Coffee Dripper"],"picked":"Nuclear Battery"},{"not_picked":["Tiny House","Runic Pyramid"],"picked":"Calling Bell"}],"items_purged_floors":[21,24,39],"is_endless":false,"potions_floor_spawned":[1,4,7,12,13,14,18,19,27,31,35,38,44,45],"ascension_level":0}}