{"host":"thn8o1tmql8xszd5","time":1607803365,"event":{"mods":["AchievementEnabler","BaseMod","Block Reminder","Colored Map","Highlight Path","Minty Spire (QoL Compilation)","Permanent Neow","Quick Restart","Relic Stats","Robot Space Explorer","StSLib"],"gold_per_floor":[113,113,124,135,135,135,151,185,185,185,202,202,220,251,251,358,358,384,395,0,13,24,24,24,24],"floor_reached":24,"playtime":10197,"items_purged":[],"score":259,"play_id":"28edeff0-7db4-4482-83e7-e2357d241e26","local_time":"20201212150245","is_ascension_mode":true,"campfire_choices":[{"data":"RobotSpaceExplorer:StarLightning","floor":6,"key":"SMITH"},{"data":"RobotSpaceExplorer:Pulsar","floor":12,"key":"SMITH"},{"data":"RobotSpaceExplorer:Counterblock","floor":15,"key":"SMITH"},{"floor":23,"key":"REST"}],"circlet_count":0,"master_deck":["RobotSpaceExplorer:Strike","RobotSpaceExplorer:Strike","RobotSpaceExplorer:Defend","RobotSpaceExplorer:Defend","RobotSpaceExplorer:Defend","RobotSpaceExplorer:Defend","RobotSpaceExplorer:Scan","RobotSpaceExplorer:MiniLasers","RobotSpaceExplorer:StarLightning+1","RobotSpaceExplorer:Counterblock+1","RobotSpaceExplorer:Pulsar+1","RobotSpaceExplorer:FranticSearch","RobotSpaceExplorer:DroneSwarm","RobotSpaceExplorer:StarDust"],"relics":["Philosopher\u0027s Stone","Mummified Hand","Darkstone Periapt","Blue Candle","CeramicFish","RobotSpaceExplorer:Reprocessor"],"acts_visited":["Exordium","TheCity"],"potions_floor_usage":[13],"damage_taken":[{"damage":1,"enemies":"Small Slimes","floor":1,"turns":4},{"damage":0,"enemies":"Cultist","floor":3,"turns":3},{"damage":0,"enemies":"Jaw Worm","floor":4,"turns":4},{"damage":0,"enemies":"3 Louse","floor":7,"turns":4},{"damage":16,"enemies":"Gremlin Nob","floor":8,"turns":5},{"damage":0,"enemies":"Lots of Slimes","floor":11,"turns":5},{"damage":0,"enemies":"Gremlin Gang","floor":13,"turns":3},{"damage":0,"enemies":"Lagavulin","floor":14,"turns":5},{"damage":11,"enemies":"The Guardian","floor":16,"turns":9},{"damage":0,"enemies":"Spheric Guardian","floor":18,"turns":5},{"damage":36,"enemies":"3 Byrds","floor":19,"turns":4},{"damage":21,"enemies":"3 Cultists","floor":21,"turns":5},{"damage":6,"enemies":"Snecko","floor":22,"turns":5},{"damage":37,"enemies":"Gremlin Leader","floor":24,"turns":5}],"seed_played":"5307346476360944205","potions_obtained":[{"floor":7,"key":"Swift Potion"},{"floor":8,"key":"Swift Potion"},{"floor":11,"key":"Explosive Potion"},{"floor":13,"key":"SteroidPotion"}],"is_trial":false,"path_per_floor":["M","?","M","M","?","R","M","E","T","?","M","R","M","E","R","B",null,"M","M","?","M","M","R","E"],"character_chosen":"RobotSpaceExplorer","items_purchased":[],"campfire_rested":1,"item_purchase_floors":[],"current_hp_per_floor":[74,74,74,74,62,62,62,46,46,46,46,46,46,46,46,35,75,75,39,39,18,12,34,0,0],"gold":24,"neow_bonus":"BOSS_RELIC","is_daily":false,"chose_seed":false,"campfire_upgraded":3,"win_rate":0.0,"timestamp":1607803365,"path_taken":["M","?","?","M","?","R","M","E","T","?","?","R","M","E","R","BOSS","M","?","?","M","M","R","E"],"items_purchased_type":[],"build_version":"2020-11-30","purchased_purges":0,"victory":false,"max_hp_per_floor":[75,75,75,75,75,75,75,75,75,75,75,75,75,75,75,75,75,75,75,75,75,75,75,75,75],"relic_stats":{"Darkstone Periapt":0,"counters":[14,66],"Mummified Hand":[10],"Blue Candle":[0],"CeramicFish":18,"obtain_stats":[{"Darkstone Periapt":8,"Mummified Hand":5,"Blue Candle":9,"CeramicFish":14,"RobotSpaceExplorer:RoboCore":0,"Philosopher\u0027s Stone":0,"RobotSpaceExplorer:Reprocessor":17},{"Darkstone Periapt":5,"Mummified Hand":3,"Blue Candle":5,"CeramicFish":8,"RobotSpaceExplorer:RoboCore":0,"Philosopher\u0027s Stone":0,"RobotSpaceExplorer:Reprocessor":9},{"Darkstone Periapt":20,"Mummified Hand":11,"Blue Candle":20,"CeramicFish":33,"RobotSpaceExplorer:RoboCore":0,"Philosopher\u0027s Stone":0,"RobotSpaceExplorer:Reprocessor":42}]},"card_choices":[{"not_picked":["RobotSpaceExplorer:MiniDrones","RobotSpaceExplorer:Ammunition"],"picked":"RobotSpaceExplorer:StarLightning","floor":1},{"not_picked":["RobotSpaceExplorer:Ammunition","RobotSpaceExplorer:MetalStrike"],"picked":"RobotSpaceExplorer:Counterblock","floor":3},{"not_picked":["RobotSpaceExplorer:SelfCleaning","RobotSpaceExplorer:ExhaustFan"],"picked":"RobotSpaceExplorer:Pulsar","floor":4},{"not_picked":["RobotSpaceExplorer:GearShield","RobotSpaceExplorer:ImprovisedAttack","RobotSpaceExplorer:Smokescreen"],"picked":"SKIP","floor":7},{"not_picked":["RobotSpaceExplorer:DualCore","RobotSpaceExplorer:ImprovisedAttack"],"picked":"RobotSpaceExplorer:FranticSearch","floor":8},{"not_picked":["RobotSpaceExplorer:ShockKick","RobotSpaceExplorer:SwiftStep","RobotSpaceExplorer:ChargingLaser"],"picked":"SKIP","floor":11},{"not_picked":["RobotSpaceExplorer:FranticSearch","RobotSpaceExplorer:SlimeMissile","RobotSpaceExplorer:SwiftStep"],"picked":"SKIP","floor":13},{"not_picked":["RobotSpaceExplorer:Counterblock","RobotSpaceExplorer:Discharger","RobotSpaceExplorer:SurgingStrike"],"picked":"SKIP","floor":14},{"not_picked":["RobotSpaceExplorer:Asteroid","RobotSpaceExplorer:Blaster"],"picked":"RobotSpaceExplorer:DroneSwarm","floor":16},{"not_picked":["RobotSpaceExplorer:DoubleFind","RobotSpaceExplorer:FrostMissile"],"picked":"RobotSpaceExplorer:StarDust","floor":18},{"not_picked":["RobotSpaceExplorer:StunGrenade","RobotSpaceExplorer:Ammunition","RobotSpaceExplorer:GlueShot"],"picked":"SKIP","floor":19},{"not_picked":["RobotSpaceExplorer:FranticSearch","RobotSpaceExplorer:MetalStrike","RobotSpaceExplorer:JunkDive+1"],"picked":"SKIP","floor":21},{"not_picked":["RobotSpaceExplorer:SurgingShield","RobotSpaceExplorer:ShovelStrike+1","RobotSpaceExplorer:GlueShot"],"picked":"SKIP","floor":22}],"player_experience":426624,"relics_obtained":[{"floor":8,"key":"Darkstone Periapt"},{"floor":9,"key":"Blue Candle"},{"floor":14,"key":"CeramicFish"}],"event_choices":[{"cards_removed":["RobotSpaceExplorer:Strike"],"damage_healed":0,"gold_gain":0,"player_choice":"Purged","damage_taken":0,"max_hp_gain":0,"max_hp_loss":0,"event_name":"Purifier","floor":2,"gold_loss":0},{"damage_healed":0,"gold_gain":0,"player_choice":"Success","damage_taken":12,"relics_obtained":["Mummified Hand"],"max_hp_gain":0,"max_hp_loss":0,"event_name":"Scrap Ooze","floor":5,"gold_loss":0},{"cards_removed":["RobotSpaceExplorer:Strike"],"damage_healed":0,"gold_gain":0,"player_choice":"Offered Basic","damage_taken":0,"max_hp_gain":0,"max_hp_loss":0,"event_name":"Bonfire Elementals","floor":10,"gold_loss":0},{"damage_healed":0,"gold_gain":0,"player_choice":"Paid Fearfully","damage_taken":0,"max_hp_gain":0,"max_hp_loss":0,"event_name":"Masked Bandits","floor":20,"gold_loss":395}],"is_beta":false,"boss_relics":[{"not_picked":["Empty Cage","Runic Pyramid"],"picked":"RobotSpaceExplorer:Reprocessor"}],"items_purged_floors":[],"is_endless":false,"potions_floor_spawned":[7,8,11,13],"killed_by":"Gremlin Leader","ascension_level":2}}