{"host":"j06fkfseroga8i8e","time":1607806521,"event":{"mods":["BaseMod","Bestiary","Colored Map","Colored Powertips","Minty Spire (QoL Compilation)","Permanent Neow","Relic Stats","StSLib"],"gold_per_floor":[114,134,209,31,47,73,93,93,93,125,152,164,176,176],"floor_reached":13,"playtime":281,"items_purged":[],"score":143,"play_id":"303ac96c-ca48-4b98-b072-b7517d3c45d6","local_time":"20201212155521","is_ascension_mode":true,"campfire_choices":[],"circlet_count":0,"master_deck":["AscendersBane","Strike_R","Strike_R","Strike_R","Strike_R","Strike_R","Defend_R","Defend_R","Defend_R","Defend_R","Bash","Perfected Strike","Perfected Strike","Wild Strike","Shrug It Off","Seeing Red","Cleave","Ghostly Armor+1","Sword Boomerang","Battle Trance+1","Pummel"],"relics":["Black Star","InkBottle","Toxic Egg 2","Pantograph","MawBank","Kunai"],"acts_visited":["Exordium"],"potions_floor_usage":[11,11],"damage_taken":[{"damage":12.0,"enemies":"Small Slimes","floor":1.0,"turns":4.0},{"damage":2.0,"enemies":"2 Louse","floor":2.0,"turns":4.0},{"damage":12.0,"enemies":"Jaw Worm","floor":5.0,"turns":3.0},{"damage":32.0,"enemies":"Gremlin Nob","floor":6.0,"turns":4.0},{"damage":1.0,"enemies":"Red Slaver","floor":7.0,"turns":2.0},{"damage":13,"enemies":"Lagavulin","floor":10,"turns":6},{"damage":2,"enemies":"Looter","floor":11,"turns":3},{"damage":40,"enemies":"Gremlin Nob","floor":13,"turns":3}],"seed_played":"2669022286554688466","potions_obtained":[{"floor":2.0,"key":"EssenceOfSteel"},{"floor":5.0,"key":"BloodPotion"},{"floor":10,"key":"Fruit Juice"},{"floor":11,"key":"CultistPotion"}],"is_trial":false,"path_per_floor":["M","M","?","$","M","E","M","?","T","E","M","?","E"],"character_chosen":"IRONCLAD","items_purchased":["Wild Strike","Shrug It Off","Seeing Red"],"campfire_rested":0,"item_purchase_floors":[4,4,4],"current_hp_per_floor":[60,58,47,47,35,19,18,15,15,2,5,5,0,0],"gold":176,"neow_bonus":"BOSS_RELIC","is_daily":false,"chose_seed":false,"campfire_upgraded":0,"win_rate":0.0,"timestamp":1607806521,"path_taken":["M","M","?","$","M","E","M","?","T","E","M","?","E"],"items_purchased_type":["Card","Card","Card"],"build_version":"2020-11-30","purchased_purges":0,"victory":false,"max_hp_per_floor":[80,80,80,80,80,80,80,80,80,80,85,85,85,85],"relic_stats":{"counters":[8,29],"Pantograph":0,"Black Star":2,"Kunai":[1],"MawBank":36,"obtain_stats":[{"Pantograph":9,"Black Star":0,"Kunai":10,"Toxic Egg 2":6,"MawBank":10,"Burning Blood":0,"InkBottle":6},{"Pantograph":5,"Black Star":0,"Kunai":6,"Toxic Egg 2":4,"MawBank":6,"Burning Blood":0,"InkBottle":4},{"Pantograph":17,"Black Star":0,"Kunai":23,"Toxic Egg 2":15,"MawBank":23,"Burning Blood":0,"InkBottle":15}],"InkBottle":[2]},"card_choices":[{"not_picked":["True Grit","Armaments"],"picked":"Perfected Strike","floor":1.0},{"not_picked":["Clothesline","Fire Breathing"],"picked":"Perfected Strike","floor":2.0},{"not_picked":["Shrug It Off","Body Slam"],"picked":"Cleave","floor":5.0},{"not_picked":["Brutality","Cleave"],"picked":"Ghostly Armor+1","floor":6.0},{"not_picked":["Rupture","Intimidate+1"],"picked":"Sword Boomerang","floor":7.0},{"not_picked":["Second Wind+1","Feel No Pain"],"picked":"Battle Trance+1","floor":10},{"not_picked":["Power Through+1","Warcry+1"],"picked":"Pummel","floor":11}],"player_experience":496257,"relics_obtained":[{"floor":6.0,"key":"InkBottle"},{"floor":6.0,"key":"Toxic Egg 2"},{"floor":9.0,"key":"Pantograph"},{"floor":10,"key":"MawBank"},{"floor":10,"key":"Kunai"}],"event_choices":[{"damage_healed":0.0,"max_hp_gain":0.0,"max_hp_loss":0.0,"gold_gain":75.0,"event_name":"World of Goop","player_choice":"Gather Gold","floor":3.0,"gold_loss":0.0,"damage_taken":11.0},{"damage_healed":0.0,"max_hp_gain":0.0,"max_hp_loss":0.0,"gold_gain":0.0,"event_name":"Scrap Ooze","player_choice":"Fled","floor":8.0,"gold_loss":0.0,"damage_taken":3.0},{"damage_healed":0,"gold_gain":0,"player_choice":"Ignored","damage_taken":0,"max_hp_gain":0,"max_hp_loss":0,"event_name":"Liars Game","floor":12,"gold_loss":0}],"is_beta":false,"boss_relics":[],"items_purged_floors":[],"is_endless":false,"potions_floor_spawned":[2,5,10,11],"killed_by":"Gremlin Nob","ascension_level":10}}