{"host":"Ian","time":1607802480,"event":{"mods":["BaseMod","Bestiary","Block Reminder","Colored Map","Highlight Path","Key Reminder","Minty Spire (QoL Compilation)","Relic Stats"],"gold_per_floor":[112,132,149,74,124,124,143,169,169,187,221,221,221,234,234,234,234],"floor_reached":16,"playtime":538,"items_purged":[],"score":224,"play_id":"4c06e02e-85a2-4f1f-94ce-c4bed63603d7","local_time":"20201212194800","is_ascension_mode":true,"campfire_choices":[{"data":"Carnage","floor":6,"key":"SMITH"},{"data":"Barricade","floor":12,"key":"SMITH"},{"data":"Dark Embrace","floor":13,"key":"SMITH"},{"floor":15,"key":"REST"}],"circlet_count":0,"master_deck":["AscendersBane","Strike_R","Strike_R","Strike_R","Strike_R","Defend_R","Defend_R","Defend_R","Defend_R","Bash","Carnage+1","Dark Embrace+1","True Grit","Barricade+1","Reaper","Uppercut"],"relics":["Mark of Pain","Ice Cream","keyreminder:keyreminder","WingedGreaves"],"acts_visited":["Exordium"],"potions_floor_usage":[7,11,14],"damage_taken":[{"damage":0,"enemies":"Small Slimes","floor":1,"turns":3},{"damage":2,"enemies":"Jaw Worm","floor":2,"turns":3},{"damage":0,"enemies":"Cultist","floor":3,"turns":2},{"damage":17,"enemies":"Exordium Thugs","floor":7,"turns":4},{"damage":8,"enemies":"Gremlin Nob","floor":8,"turns":3},{"damage":6,"enemies":"Looter","floor":10,"turns":3},{"damage":37,"enemies":"Lagavulin","floor":11,"turns":6},{"damage":33,"enemies":"Gremlin Gang","floor":14,"turns":6},{"damage":60,"enemies":"Hexaghost","floor":16,"turns":9}],"seed_played":"7706864376988053570","potions_obtained":[{"floor":1,"key":"Fire Potion"},{"floor":3,"key":"FairyPotion"},{"floor":8,"key":"Ancient Potion"},{"floor":10,"key":"BloodPotion"},{"floor":11,"key":"BloodPotion"}],"is_trial":false,"path_per_floor":["M","M","M","?","?","R","M","E","T","M","E","R","R","M","R","B"],"character_chosen":"IRONCLAD","items_purchased":[],"campfire_rested":1,"item_purchase_floors":[],"current_hp_per_floor":[68,66,66,66,66,66,49,41,41,35,13,13,13,12,34,0,0],"gold":234,"neow_bonus":"BOSS_RELIC","is_daily":false,"chose_seed":false,"campfire_upgraded":3,"win_rate":0.0,"timestamp":1607802480,"path_taken":["M","M","M","?","?","R","M","E","T","M","E","R","R","M","R","BOSS"],"items_purchased_type":[],"build_version":"2020-12-07","purchased_purges":0,"victory":false,"max_hp_per_floor":[75,75,75,75,75,75,75,75,75,75,75,75,75,75,75,75,75],"relic_stats":{"counters":[9,39],"obtain_stats":[{"Ice Cream":8,"keyreminder:keyreminder":9,"Mark of Pain":0,"WingedGreaves":11,"Burning Blood":0},{"Ice Cream":5,"keyreminder:keyreminder":5,"Mark of Pain":0,"WingedGreaves":7,"Burning Blood":0},{"Ice Cream":15,"keyreminder:keyreminder":15,"Mark of Pain":0,"WingedGreaves":24,"Burning Blood":0}]},"card_choices":[{"not_picked":["Dropkick","Heavy Blade"],"picked":"Carnage","floor":1},{"not_picked":["Ghostly Armor","Heavy Blade"],"picked":"Dark Embrace","floor":2},{"not_picked":["Dual Wield","Flex","Anger"],"picked":"SKIP","floor":3},{"not_picked":["Anger","Cleave"],"picked":"True Grit","floor":7},{"not_picked":["Carnage","True Grit"],"picked":"Barricade","floor":8},{"not_picked":["Warcry","Wild Strike","Heavy Blade"],"picked":"SKIP","floor":10},{"not_picked":["Intimidate","Flex"],"picked":"Reaper","floor":11},{"not_picked":["Rupture","Iron Wave"],"picked":"Uppercut","floor":14}],"player_experience":2508121,"relics_obtained":[{"floor":8,"key":"Ice Cream"},{"floor":11,"key":"WingedGreaves"}],"event_choices":[{"cards_removed":["Strike_R"],"damage_healed":0,"gold_gain":0,"player_choice":"Card Removal","damage_taken":0,"max_hp_gain":0,"max_hp_loss":0,"event_name":"The Cleric","floor":4,"gold_loss":75},{"damage_healed":0,"gold_gain":50,"player_choice":"Pray","damage_taken":0,"max_hp_gain":0,"max_hp_loss":0,"event_name":"Golden Shrine","floor":5,"gold_loss":0}],"is_beta":true,"boss_relics":[],"items_purged_floors":[],"is_endless":false,"potions_floor_spawned":[1,3,8,10,11],"killed_by":"Hexaghost","ascension_level":20}}