{"host":"vr9me2kif8p2xyyc","time":1607799292,"event":{"mods":["2.2 Compatiblity","A Magickal Journey","AchievementEnabler","Act Like it!","Ascension Reborn","Aspiration","Astrologer","Bard","Bartender","BaseMod","Beaked The Cultist","Best Route Mod","Better Match","Better Note","Better Skull","Better Third Choice","BetterRewards","Block Reminder","Booster Modes","CapriCore","Challenge The Spire","ChefMod","Clawfect","Colored Map","Colored Powertips","Conjunction","Conspire","Downfall","Elementarium","Energized Spire","Friendly Minions","GifTheSpireLib","Glutton Mod","Halation","Hallownest","Hermit","Hubris","Jorbs\u0027s Wanderer Trilogy","Kratos Character Expansion","Mad Scientist","Marisa????????","Minty Spire (QoL Compilation)","Pale of the Ancients","Permanent Neow","Potionbrewer","Puzzle Mod","QueenMod","Quick Restart","Random Character Button","Rare Cards Sparkle","Relic Stats","Remilia??????","Replay The Spire","Reworked Bosses","Robot Space Explorer","SCP261 Mod","SIMod","Shop Mod","Slumbering Mod","Spikes Relics","StSLib","Stuff the Spire","SuperFastMode","Td1madao Mod","The Alterego","The Animator","The Blackbeard","The Bladedancer","The Blue Laboratory","The Bug Knight","The Clintock","The Construct","The Cursed","The Death Knight","The Disciple","The Dragon Tamer","The Druid","The Elementalist","The Exalted","The Extravagant","The Fake Hero","The Florist","The Forsaken","The Gatherer","The Hayseed","The Hierophant","The Immortal","The Judge","The Jungle","The Kombatant","The Mystic","The Necromancer","The Poker Player","The Problem Sleuth","The Runesmith","The Sage","The Servant 0.9.4","The Spell Scribe","The Valiant","TheArtist","TheBandit","TheFirefly","TheLocksmith","TheVacant","TheWitcher","Wandering Minibosses","Yohane!","thorton"],"gold_per_floor":[115,27,27,39,79,100,100,143,170,226,282,282,319,384,384,466,416,458,509,25,25,24,101,165,165,189,287,436,436,607,616,616,894,894,1109,1118,976,1235,901,1073,909,909,909,918,918,702,702,969,969,959],"floor_reached":51,"playtime":8395,"items_purged":["hierophant:Strike_Hierophant","hierophant:Strike_Hierophant","hierophant:Defend_Hierophant","hierophant:MintersHammer","theForsaken:PlagueCurse"],"score":733,"play_id":"1e8d7067-1e9b-490a-b983-3434eb230ff8","local_time":"20201212125452","is_ascension_mode":true,"campfire_choices":[{"data":"Replay:SS_hec_2","floor":7.0,"key":"SMITH"},{"data":"hierophant:Dazzle","floor":12.0,"key":"SMITH"},{"data":"hierophant:LocustPlague","floor":15.0,"key":"SMITH"},{"data":"Midas Touch","floor":29.0,"key":"SMITH"},{"data":"expansioncontent:DefensiveStance","floor":42.0,"key":"SMITH"},{"data":"Violence","floor":47.0,"key":"SMITH"},{"floor":49,"key":"REST"}],"circlet_count":0,"master_deck":["hierophant:Punish","hierophant:Defend_Hierophant+1","hierophant:ChurchCoffers","hierophant:MirrorShield","Replay:SS_hec_2+1","hierophant:RustyCrate","hierophant:Doubloon+1","hierophant:Doubloon+1","hierophant:Doubloon+1","hierophant:CoinFling","hierophant:Doubloon+1","hierophant:Dazzle+1","hierophant:Doomsaying","hierophant:Flagellation","hierophant:Encroach","hierophant:LocustPlague+1","hierophant:Strike_Hierophant","hierophant:Racketeering","hierophant:Community+1","hierophant:Doubloon","hierophant:CoinFling","Midas Touch+1","hierophant:RustyCrate+1","hierophant:Doubloon+1","hierophant:Doubloon+1","hierophant:Doubloon","hierophant:RecallFunds","hierophant:LocustPlague","hierophant:BulkyChest","hierophant:DisplayOfPower+1","hierophant:BulkyChest+1","hierophant:Levitation","hierophant:Cornucopia","theSlumbering:SpectralDefender","hierophant:Refuge","hierophant:Doubloon+1","expansioncontent:DashGenerateEvil","hierophant:Flagellation+1","hierophant:Martyrdom","Mayhem","expansioncontent:DefensiveStance+1","hierophant:WrathOfGod","conspire:SpireCoStock","conspire:SpireCoStock","conspire:SpireCoStock","conspire:SpireCoStock","hierophant:Martyrdom","Violence+1"],"relics":["hierophant:PropheticMaskRelic","potionbrewer:MortarAndPestle","aspiration:ChemicalBlood","hubris:SlimyHat","DeathKnight:PutricidesVial","energizedSpire:HugeHouse","Membership Card","MerchantsRug","KratosMod:amulet","Pear","Bronze Scales","CeramicFish","energizedSpire:OgreHead","Blood Vial","halation:PeacePiece","Potion Belt","DeathKnight:SindragosasSkull","theForsaken:PlagueMask","halation:EternalFortune"],"acts_visited":["Exordium","TheCity","TheBeyond"],"potions_floor_usage":[48,48,48,48,48],"damage_taken":[{"damage":6.0,"enemies":"Jaw Worm","floor":1.0,"turns":3.0},{"damage":1.0,"enemies":"conspire:RoseBush","floor":4.0,"turns":5.0},{"damage":0.0,"enemies":"2 Louse","floor":5.0,"turns":4.0},{"damage":14.0,"enemies":"theSlumbering:Adrasteia","floor":6.0,"turns":9.0},{"damage":0.0,"enemies":"conspire:2 RoseBushes","floor":8.0,"turns":7.0},{"damage":0.0,"enemies":"Lagavulin","floor":10.0,"turns":17.0},{"damage":3.0,"enemies":"2 Fungi Beasts","floor":11.0,"turns":7.0},{"damage":11.0,"enemies":"Large Slime","floor":13.0,"turns":12.0},{"damage":7.0,"enemies":"3 Sentries","floor":14.0,"turns":14.0},{"damage":7.0,"enemies":"Slime Boss","floor":16.0,"turns":14.0},{"damage":1.0,"enemies":"conspire:FuzzyDice","floor":18.0,"turns":6.0},{"damage":15.0,"enemies":"Chosen","floor":19.0,"turns":12.0},{"damage":21.0,"enemies":"conspire:SneckoGhost","floor":23.0,"turns":11.0},{"damage":5.0,"enemies":"Centurion and Healer","floor":24.0,"turns":12.0},{"damage":24.0,"enemies":"Cultist and Chosen","floor":27.0,"turns":8.0},{"damage":21.0,"enemies":"Snake Plant","floor":28.0,"turns":8.0},{"damage":0.0,"enemies":"HollowMod:Nosk","floor":30.0,"turns":11.0},{"damage":13.0,"enemies":"conspire:MysteriousRune","floor":33.0,"turns":5.0},{"damage":14.0,"enemies":"3 Shapes","floor":35.0,"turns":4.0},{"damage":18.0,"enemies":"Orb Walker","floor":38.0,"turns":4.0},{"damage":12.0,"enemies":"HollowMod:StalkingDevout","floor":40.0,"turns":15.0},{"damage":13,"enemies":"Transient","floor":48,"turns":5},{"damage":36,"enemies":"conspire:OrnateMirror","floor":50,"turns":26}],"seed_played":"3114126587451794154","potions_obtained":[{"floor":1.0,"key":"blueLaboratory:RecallPotion"},{"floor":8.0,"key":"PowerPotion"},{"floor":10.0,"key":"SmokeBomb"},{"floor":11.0,"key":"potionbrewer:NoxiousPotion"},{"floor":16.0,"key":"SCP261:DewritoBlazePotion"},{"floor":19.0,"key":"Adrenaline Potion"},{"floor":21.0,"key":"potionbrewer:BlacksmithPotion"},{"floor":21.0,"key":"potionbrewer:BarricadePotion"},{"floor":21.0,"key":"Languid Potion"},{"floor":23.0,"key":"blueLaboratory:ArtificerPotion"},{"floor":24.0,"key":"Fire Potion"},{"floor":27.0,"key":"SCP261:DewritoBlazePotion"},{"floor":28.0,"key":"DeathKnight:RimePotion"},{"floor":33.0,"key":"BlessingOfTheForge"},{"floor":35.0,"key":"Weak Potion"},{"floor":40.0,"key":"CultistPotion"}],"is_trial":false,"path_per_floor":["M","$","?","M","M","E","R","M","T","E","M","R","M","E","R","B",null,"M","M","$","?","$","E","M","?","T","M","M","R","E","?","R_BF","B",null,"M","?","$","M","$","E","?","R","T","?","?","$","R","M","R","B",null],"character_chosen":"HIEROPHANT","items_purchased":["Replay:SS_hec_2","Membership Card","MerchantsRug","Midas Touch","KratosMod:amulet","hierophant:Refuge","expansioncontent:DashGenerateEvil","hierophant:Martyrdom","Mayhem","Blood Vial","halation:PeacePiece","expansioncontent:DefensiveStance","hierophant:Martyrdom","Violence","SCP261:BarrettColaPotion"],"campfire_rested":1,"item_purchase_floors":[2,20,20,20,20,37,37,39,39,39,39,39,46,46,46],"current_hp_per_floor":[62,62,65,64,64,50,50,50,50,50,52,52,41,34,34,27,66,65,50,50,56,56,52,53,53,53,35,20,20,20,20,43,36,76,62,62,62,44,44,35,35,35,35,35,39,39,39,38,62,29],"gold":959,"neow_bonus":"REMOVE_TWO","is_daily":false,"chose_seed":false,"campfire_upgraded":6,"win_rate":0.0,"timestamp":1607799292,"path_taken":["M","$","?","M","M","E","R","M","T","E","M","R","M","E","R","BOSS","M","M","$","?","?","E","M","?","T","M","M","R","E","?","R_BF","BOSS","M","?","?","?","$","E","?","R","T","?","?","$","R","M","R","BOSS"],"items_purchased_type":["Card","Relic","Relic","Card","Relic","Card","Card","Card","Card","Relic","Relic","Card","Card","Card","Potion"],"build_version":"2020-11-30","purchased_purges":5,"victory":true,"max_hp_per_floor":[68,68,71,71,71,71,71,71,71,71,71,71,71,71,71,71,66,66,66,66,66,66,76,76,76,76,76,76,76,76,76,76,76,76,76,76,76,76,76,76,76,76,76,76,79,79,79,79,79,79],"relic_stats":{"Blood Vial":9,"counters":[88,602],"Bronze Scales":[189],"CeramicFish":171,"obtain_stats":[{"hermit:ClaspedLocket":34,"conspire:RoyalGoblet":34,"Gremlin Horn":32,"CeramicFish":10,"potionbrewer:AlchemistFlask":19,"Conjunction:SoulLantern":46,"Whetstone":40,"Old Coin":38,"Blood Vial":39,"KratosMod:amulet":20,"Strawberry":42,"Honey Jar":17,"halation:KoshaPiece":26,"MerchantsRug":30,"Sneakers":0,"Pear":23,"Happy Flower":23,"wanderingMiniBosses:ThiefScarf":46,"aspiration:Nostalgia":0,"ReplayTheSpireMod:CursedCoin":13,"potionbrewer:MortarAndPestle":6,"energizedSpire:OgreHead":34,"Bromod:ArcaneConsequence":10,"SlaversCollar":17,"aspiration:EmptySkull":9,"ReplayTheSpireMod:Shallot":26,"Bronze Scales":26,"DeathKnight:PutricidesVial":14,"thethorton:CrushedCigarette":34,"hermit:Momento":0,"Abe\u0027s Treasure":17,"NlothsMask":21,"SnailShell":47,"hierophant:PropheticMaskRelic":0,"halation:TrafficLight":0,"BrokenLever":43,"halation:WeightlessCrab":50,"hubris:SlimyHat":10,"sagemod:Blowpipe":6,"sagemod:The_Guidebook_Guide":48,"theForsaken:PlagueMask":44,"Winged Necklace":46,"theForsaken:Kindling":25,"MiniBlackHole":14,"elementalistmod:YellowCirclet":4,"astrologer:SkyMirror":0,"energizedSpire:HugeHouse":17,"StuffTheSpire:RedRose":14,"aspiration:ChemicalBlood":9,"Potion Belt":40,"Golden Idol":3,"Guide Book":42,"Replay:WaspNest":8,"theSlumbering:SlimeShield":28,"hubris:Towel":7,"Frozen Egg 2":43,"Bromod:ArcaneMomentum":48,"halation:EternalFortune":39,"Snack Pack":9,"SpikesRelics:DaevaFist":38,"Runesmith:AutoHammer":50,"Membership Card":20,"halation:PinkSoulGem":3,"Toy Ornithopter":9,"halation:PeacePiece":39,"Huge Egg":26,"ReplayTheSpireMod:ShopPack":28,"DeathKnight:SindragosasSkull":43},{"hermit:ClaspedLocket":16,"conspire:RoyalGoblet":33,"Gremlin Horn":55,"CeramicFish":5,"potionbrewer:AlchemistFlask":27,"Conjunction:SoulLantern":41,"Whetstone":60,"Old Coin":36,"Blood Vial":85,"KratosMod:amulet":77,"Strawberry":39,"Honey Jar":26,"halation:KoshaPiece":30,"MerchantsRug":14,"Sneakers":0,"Pear":78,"Happy Flower":29,"wanderingMiniBosses:ThiefScarf":41,"aspiration:Nostalgia":0,"ReplayTheSpireMod:CursedCoin":48,"potionbrewer:MortarAndPestle":69,"energizedSpire:OgreHead":83,"Bromod:ArcaneConsequence":22,"SlaversCollar":49,"aspiration:EmptySkull":5,"ReplayTheSpireMod:Shallot":53,"Bronze Scales":79,"DeathKnight:PutricidesVial":74,"thethorton:CrushedCigarette":56,"hermit:Momento":0,"Abe\u0027s Treasure":9,"NlothsMask":27,"SnailShell":41,"hierophant:PropheticMaskRelic":0,"halation:TrafficLight":18,"BrokenLever":39,"halation:WeightlessCrab":42,"hubris:SlimyHat":71,"sagemod:Blowpipe":21,"sagemod:The_Guidebook_Guide":41,"theForsaken:PlagueMask":86,"Winged Necklace":41,"theForsaken:Kindling":30,"MiniBlackHole":8,"elementalistmod:YellowCirclet":20,"astrologer:SkyMirror":0,"energizedSpire:HugeHouse":75,"StuffTheSpire:RedRose":48,"aspiration:ChemicalBlood":70,"Potion Belt":86,"Golden Idol":44,"Guide Book":61,"Replay:WaspNest":47,"theSlumbering:SlimeShield":14,"hubris:Towel":21,"Frozen Egg 2":61,"Bromod:ArcaneMomentum":41,"halation:EternalFortune":59,"Snack Pack":21,"SpikesRelics:DaevaFist":59,"Runesmith:AutoHammer":42,"Membership Card":77,"halation:PinkSoulGem":2,"Toy Ornithopter":47,"halation:PeacePiece":85,"Huge Egg":12,"ReplayTheSpireMod:ShopPack":30,"DeathKnight:SindragosasSkull":86},{"hermit:ClaspedLocket":98,"conspire:RoyalGoblet":194,"Gremlin Horn":335,"CeramicFish":16,"potionbrewer:AlchemistFlask":145,"Conjunction:SoulLantern":257,"Whetstone":357,"Old Coin":213,"Blood Vial":556,"KratosMod:amulet":493,"Strawberry":240,"Honey Jar":143,"halation:KoshaPiece":166,"MerchantsRug":72,"Sneakers":0,"Pear":504,"Happy Flower":158,"wanderingMiniBosses:ThiefScarf":257,"aspiration:Nostalgia":0,"ReplayTheSpireMod:CursedCoin":289,"potionbrewer:MortarAndPestle":404,"energizedSpire:OgreHead":548,"Bromod:ArcaneConsequence":124,"SlaversCollar":295,"aspiration:EmptySkull":16,"ReplayTheSpireMod:Shallot":325,"Bronze Scales":516,"DeathKnight:PutricidesVial":461,"thethorton:CrushedCigarette":342,"hermit:Momento":0,"Abe\u0027s Treasure":38,"NlothsMask":145,"SnailShell":257,"hierophant:PropheticMaskRelic":0,"halation:TrafficLight":109,"BrokenLever":240,"halation:WeightlessCrab":263,"hubris:SlimyHat":428,"sagemod:Blowpipe":117,"sagemod:The_Guidebook_Guide":257,"theForsaken:PlagueMask":571,"Winged Necklace":257,"theForsaken:Kindling":166,"MiniBlackHole":27,"elementalistmod:YellowCirclet":113,"astrologer:SkyMirror":0,"energizedSpire:HugeHouse":475,"StuffTheSpire:RedRose":289,"aspiration:ChemicalBlood":411,"Potion Belt":571,"Golden Idol":274,"Guide Book":363,"Replay:WaspNest":285,"theSlumbering:SlimeShield":72,"hubris:Towel":117,"Frozen Egg 2":363,"Bromod:ArcaneMomentum":257,"halation:EternalFortune":352,"Snack Pack":117,"SpikesRelics:DaevaFist":352,"Runesmith:AutoHammer":263,"Membership Card":493,"halation:PinkSoulGem":7,"Toy Ornithopter":285,"halation:PeacePiece":556,"Huge Egg":57,"ReplayTheSpireMod:ShopPack":166,"DeathKnight:SindragosasSkull":571}]},"card_choices":[{"not_picked":["hierophant:OrnateBuckler","hierophant:RepressedViolence"],"picked":"hierophant:MirrorShield","floor":1.0},{"not_picked":["hierophant:DisplayOfPower","hierophant:Zeal"],"picked":"hierophant:RustyCrate","floor":4.0},{"not_picked":["hierophant:AuricBeam","hierophant:Endure"],"picked":"hierophant:CoinFling","floor":5.0},{"not_picked":["hierophant:Purify","hierophant:PassingBell"],"picked":"hierophant:Encroach","floor":6.0},{"not_picked":["hierophant:Patience","hierophant:OrnateBuckler"],"picked":"hierophant:Dazzle","floor":8.0},{"not_picked":["hierophant:DisplayOfPower","hierophant:FlamingChariot"],"picked":"hierophant:Doomsaying","floor":10.0},{"not_picked":["hierophant:Chorus","hierophant:Upheaval"],"picked":"hierophant:Flagellation","floor":11.0},{"not_picked":["hierophant:AuricBeam","hierophant:HolyVerse"],"picked":"hierophant:Encroach","floor":13.0},{"not_picked":["hierophant:Zeal","hierophant:DisplayOfPower"],"picked":"hierophant:LocustPlague","floor":14.0},{"not_picked":["hierophant:DeathKnell","hierophant:Cornucopia"],"picked":"hierophant:MintersHammer","floor":16.0},{"not_picked":["hierophant:Purify+1","hierophant:Encroach+1"],"picked":"hierophant:Community+1","floor":18.0},{"not_picked":["hierophant:AuricBeam","hierophant:Shelter"],"picked":"hierophant:CoinFling","floor":19.0},{"not_picked":["hierophant:Remorse+1","hierophant:CoinFling"],"picked":"hierophant:RustyCrate+1","floor":23.0},{"not_picked":["hierophant:Zeal+1","hierophant:Doubloon"],"picked":"hierophant:RecallFunds","floor":24.0},{"not_picked":["hierophant:Alms+1","hierophant:RustyCrate"],"picked":"hierophant:BulkyChest","floor":27.0},{"not_picked":["hierophant:Zeal+1","hierophant:Repentance+1"],"picked":"hierophant:DisplayOfPower+1","floor":28.0},{"not_picked":["hierophant:Endure","hierophant:DisplayOfPower+1"],"picked":"hierophant:BulkyChest","floor":30.0},{"not_picked":["hierophant:MintersHammer","hierophant:AuricForm"],"picked":"hierophant:Cornucopia","floor":33.0},{"not_picked":["hierophant:RepressedViolence","hierophant:DisplayOfPower","hierophant:ThreeLashes"],"picked":"SKIP","floor":35.0},{"not_picked":["hierophant:Sermon","hierophant:Doubloon"],"picked":"hierophant:Flagellation+1","floor":38.0},{"not_picked":["hierophant:Upheaval","hierophant:Mercenaries+1"],"picked":"hierophant:WrathOfGod","floor":40.0},{"not_picked":["hierophant:Doubloon","hierophant:AuricShield","hierophant:PassingBell"],"picked":"SKIP","floor":48}],"player_experience":1173407,"relics_obtained":[{"floor":6.0,"key":"potionbrewer:MortarAndPestle"},{"floor":9.0,"key":"aspiration:ChemicalBlood"},{"floor":10.0,"key":"hubris:SlimyHat"},{"floor":14.0,"key":"DeathKnight:PutricidesVial"},{"floor":23.0,"key":"Pear"},{"floor":26.0,"key":"Bronze Scales"},{"floor":30.0,"key":"CeramicFish"},{"floor":40.0,"key":"Potion Belt"},{"floor":43.0,"key":"DeathKnight:SindragosasSkull"}],"event_choices":[{"damage_healed":0.0,"max_hp_gain":0.0,"max_hp_loss":0.0,"gold_gain":0.0,"event_name":"Lab","player_choice":"Got Potions","floor":21.0,"gold_loss":0.0,"damage_taken":0.0},{"damage_healed":0.0,"max_hp_gain":0.0,"max_hp_loss":0.0,"gold_gain":0.0,"cards_transformed":["hierophant:Defend_Hierophant"],"event_name":"Transmorgrifier","player_choice":"Transformed","floor":25.0,"gold_loss":0.0,"damage_taken":0.0,"cards_obtained":["hierophant:LocustPlague"]},{"damage_healed":0.0,"max_hp_gain":0.0,"max_hp_loss":0.0,"gold_gain":0.0,"cards_transformed":["hierophant:Defend_Hierophant"],"event_name":"Transmorgrifier","player_choice":"Transformed","floor":31.0,"gold_loss":0.0,"damage_taken":0.0,"cards_obtained":["hierophant:Levitation"]},{"damage_healed":0.0,"max_hp_gain":0.0,"max_hp_loss":0.0,"gold_gain":0.0,"event_name":"conspire:Investor","player_choice":"Invest 4","floor":41.0,"gold_loss":0.0,"damage_taken":0.0},{"damage_healed":0.0,"max_hp_gain":0.0,"max_hp_loss":0.0,"gold_gain":0.0,"event_name":"Plague Doctor","player_choice":"Obtain Plague Curse","floor":44.0,"gold_loss":0.0,"damage_taken":0.0,"cards_obtained":["theForsaken:PlagueCurse"]}],"is_beta":false,"boss_relics":[{"not_picked":["beaked:MawFillet","energizedSpire:RedRose"],"picked":"energizedSpire:HugeHouse"},{"not_picked":["aspiration:DefectSkillbook","halation:Prosthetics"],"picked":"energizedSpire:OgreHead"}],"items_purged_floors":[20,22,37,39,46],"is_endless":false,"potions_floor_spawned":[1,8,10,11,16,19,23,24,35,40],"ascension_level":0}}