{"host":"f9xhx7hoqq8tf21i","time":1607784077,"event":{"mods":["AchievementEnabler","BaseMod","Block Reminder","Colored Map","Colored Powertips","GifTheSpireLib","Key Reminder","Minty Spire (QoL Compilation)","Quick Restart","StSLib","Synergy Search"],"gold_per_floor":[115,115,20,39,39,79,79,95,95,95,121,135,135,174,174,304,304,289,289],"floor_reached":18,"playtime":621,"items_purged":[],"score":193,"play_id":"26376fa4-b73f-4be3-8491-f2654216f638","local_time":"20201212144117","is_ascension_mode":false,"campfire_choices":[{"data":"Bash","floor":10,"key":"SMITH"},{"data":"Strike_R","floor":13,"key":"SMITH"},{"floor":15,"key":"REST"}],"circlet_count":0,"master_deck":["Bash+1","Trip+1","Limit Break"],"relics":["Burning Blood","NeowsBlessing","Golden Idol","Shuriken","Art of War","Odd Mushroom","Boot","Pandora\u0027s Box"],"acts_visited":["Exordium","TheCity"],"potions_floor_usage":[14,14],"damage_taken":[{"damage":0,"enemies":"Jaw Worm","floor":1,"turns":1},{"damage":0,"enemies":"2 Louse","floor":4,"turns":1},{"damage":0,"enemies":"Lagavulin","floor":6,"turns":1},{"damage":6,"enemies":"Cultist","floor":8,"turns":3},{"damage":14,"enemies":"The Mushroom Lair","floor":11,"turns":4},{"damage":3,"enemies":"2 Fungi Beasts","floor":12,"turns":4},{"damage":22,"enemies":"Gremlin Nob","floor":14,"turns":4},{"damage":41,"enemies":"The Guardian","floor":16,"turns":14},{"damage":10,"enemies":"2 Thieves","floor":18,"turns":1}],"seed_played":"-7219610903659110051","potions_obtained":[{"floor":8,"key":"Swift Potion"},{"floor":12,"key":"ColorlessPotion"},{"floor":14,"key":"EntropicBrew"}],"is_trial":false,"path_per_floor":["M","?","$","M","?","E","?","M","T","R","?","M","R","E","R","B",null,"M"],"character_chosen":"IRONCLAD","items_purchased":["Trip"],"campfire_rested":1,"item_purchase_floors":[3],"current_hp_per_floor":[80,64,64,70,50,56,56,56,56,56,48,51,51,35,59,24,80,70,70],"gold":289,"neow_bonus":"THREE_ENEMY_KILL","is_daily":false,"chose_seed":false,"campfire_upgraded":2,"win_rate":0.0,"timestamp":1607784077,"path_taken":["M","?","$","M","?","E","?","?","T","R","?","M","R","E","R","BOSS","M"],"items_purchased_type":["Card"],"build_version":"2020-11-30","purchased_purges":0,"victory":false,"max_hp_per_floor":[80,80,80,80,80,80,80,80,80,80,80,80,80,80,80,80,80,80,80],"card_choices":[{"not_picked":["Clothesline","Pummel","Entrench"],"picked":"SKIP","floor":1},{"not_picked":["Armaments","Rampage","Blood for Blood"],"picked":"SKIP","floor":4},{"not_picked":["Anger","Armaments","Heavy Blade"],"picked":"SKIP","floor":6},{"not_picked":["Entrench","Bloodletting","Inflame"],"picked":"SKIP","floor":8},{"not_picked":["Havoc","Anger","Combust"],"picked":"SKIP","floor":14},{"not_picked":["Barricade","Fiend Fire"],"picked":"Limit Break","floor":16}],"player_experience":82740,"relics_obtained":[{"floor":6,"key":"Shuriken"},{"floor":9,"key":"Art of War"},{"floor":11,"key":"Odd Mushroom"},{"floor":14,"key":"Boot"}],"event_choices":[{"damage_healed":0,"gold_gain":0,"player_choice":"Entered Light","damage_taken":16,"max_hp_gain":0,"max_hp_loss":0,"event_name":"Shining Light","floor":2,"gold_loss":0,"cards_upgraded":["Defend_R","Strike_R"]},{"damage_healed":0,"gold_gain":0,"player_choice":"Take Damage","damage_taken":20,"relics_obtained":["Golden Idol"],"max_hp_gain":0,"max_hp_loss":0,"event_name":"Golden Idol","floor":5,"gold_loss":0},{"damage_healed":0,"gold_gain":0,"player_choice":"Forge","damage_taken":0,"max_hp_gain":0,"max_hp_loss":0,"event_name":"Accursed Blacksmith","floor":7,"gold_loss":0,"cards_upgraded":["Trip"]},{"damage_healed":0,"gold_gain":0,"player_choice":"Fought Mushrooms","damage_taken":0,"max_hp_gain":0,"max_hp_loss":0,"event_name":"Mushrooms","floor":11,"gold_loss":0}],"is_beta":false,"boss_relics":[{"not_picked":["Snecko Eye","Velvet Choker"],"picked":"Pandora\u0027s Box"}],"items_purged_floors":[],"is_endless":false,"potions_floor_spawned":[8,12,14],"killed_by":"2 Thieves","ascension_level":0}}