{"host":"dekhxjxhillho72f","time":1607784109,"event":{"mods":["AchievementEnabler","BaseMod","Better Third Choice","Block Reminder","Colored Map","Colored Powertips","Hermit","Highlight Path","Minty Spire (QoL Compilation)","Permanent Neow","Quick Restart","Rare Cards Sparkle","Relic Stats","StSLib","slay the spire mod where everything is the same but ironclad has a cowboy hat"],"gold_per_floor":[369,379,396,240,256,270,10,30,57,57,57,57,68,146,146,146,146],"floor_reached":16,"playtime":1228,"items_purged":["hermit:Strike_Hermit"],"score":94,"play_id":"e8975fbc-d3b4-470b-95a7-ec31af704be3","local_time":"20201212154149","is_ascension_mode":false,"campfire_choices":[{"data":"hermit:Determination","floor":10,"key":"SMITH"},{"floor":12,"key":"REST"},{"floor":15,"key":"REST"}],"circlet_count":0,"master_deck":["hermit:Strike_Hermit","hermit:Strike_Hermit","hermit:Strike_Hermit","hermit:Defend_Hermit","hermit:Defend_Hermit","hermit:Defend_Hermit","hermit:Defend_Hermit","hermit:Snapshot","hermit:Covet","hermit:PistolWhip","hermit:Spite","hermit:Determination+1","hermit:PistolWhip","hermit:ShadowCloak","hermit:Deadeye","hermit:PistolWhip","hermit:WideOpen","Dark Shackles","hermit:GhostlyPresence"],"relics":["hermit:Momento","Toy Ornithopter","Juzu Bracelet"],"acts_visited":["Exordium"],"potions_floor_usage":[6],"damage_taken":[{"damage":0,"enemies":"Cultist","floor":1,"turns":3},{"damage":3,"enemies":"Jaw Worm","floor":2,"turns":3},{"damage":0,"enemies":"Small Slimes","floor":3,"turns":3},{"damage":0,"enemies":"2 Fungi Beasts","floor":5,"turns":2},{"damage":14,"enemies":"Exordium Wildlife","floor":6,"turns":4},{"damage":22,"enemies":"Large Slime","floor":8,"turns":5},{"damage":8,"enemies":"2 Fungi Beasts","floor":13,"turns":4},{"damage":55,"enemies":"Slime Boss","floor":16,"turns":10}],"seed_played":"7859668376277058884","potions_obtained":[{"floor":3,"key":"BlessingOfTheForge"},{"floor":5,"key":"hermit:Tonic"}],"is_trial":false,"path_per_floor":["M","M","M","$","M","M","$","M","T","R","?","R","M","?","R","B"],"character_chosen":"HERMIT","items_purchased":["hermit:Determination","hermit:ShadowCloak","hermit:Deadeye","Toy Ornithopter"],"campfire_rested":2,"item_purchase_floors":[4,7,7,7],"current_hp_per_floor":[54,51,51,51,51,37,37,15,15,15,15,37,29,29,51,0,0],"gold":146,"neow_bonus":"TWO_FIFTY_GOLD","is_daily":false,"chose_seed":false,"campfire_upgraded":1,"win_rate":0.0,"timestamp":1607784109,"path_taken":["M","M","M","$","M","?","$","M","T","R","?","R","M","?","R","BOSS"],"items_purchased_type":["Card","Card","Card","Relic"],"build_version":"2020-11-30","purchased_purges":1,"victory":false,"max_hp_per_floor":[75,75,75,75,75,75,75,75,75,75,75,75,75,75,75,75,75],"relic_stats":{"counters":[8,34],"Juzu Bracelet":1,"obtain_stats":[{"Juzu Bracelet":9,"hermit:Momento":0,"Toy Ornithopter":7},{"Juzu Bracelet":6,"hermit:Momento":0,"Toy Ornithopter":5},{"Juzu Bracelet":20,"hermit:Momento":0,"Toy Ornithopter":15}],"Toy Ornithopter":0},"card_choices":[{"not_picked":["hermit:Manifest","hermit:WideOpen"],"picked":"hermit:PistolWhip","floor":1},{"not_picked":["hermit:NoHoldsBarred","hermit:LowProfile"],"picked":"hermit:Spite","floor":2},{"not_picked":["hermit:TakeCover","hermit:HighCaliber","hermit:BigShot"],"picked":"SKIP","floor":3},{"not_picked":["hermit:Misfire","hermit:LuckOfTheDraw"],"picked":"hermit:PistolWhip","floor":5},{"not_picked":["hermit:NoHoldsBarred","hermit:Quickdraw","hermit:Manifest"],"picked":"SKIP","floor":6},{"not_picked":["hermit:LuckOfTheDraw","hermit:Manifest"],"picked":"hermit:PistolWhip","floor":8},{"not_picked":["hermit:Manifest","hermit:CalledShot"],"picked":"hermit:GhostlyPresence","floor":13}],"player_experience":253770,"relics_obtained":[{"floor":9,"key":"Juzu Bracelet"}],"event_choices":[{"damage_healed":0,"gold_gain":0,"player_choice":"2 cards matched","damage_taken":0,"max_hp_gain":0,"max_hp_loss":0,"event_name":"Match and Keep!","floor":11,"gold_loss":0,"cards_obtained":["hermit:WideOpen","Dark Shackles"]},{"damage_healed":0,"gold_gain":78,"player_choice":"Gained Gold","damage_taken":0,"max_hp_gain":0,"max_hp_loss":0,"event_name":"Golden Wing","floor":14,"gold_loss":0}],"is_beta":false,"boss_relics":[],"items_purged_floors":[4],"is_endless":false,"potions_floor_spawned":[3,5],"killed_by":"Slime Boss","ascension_level":0}}