{"host":"pivahb1bacxk2eup","time":1607770262,"event":{"mods":["AchievementEnabler","BaseMod","Colored Map","Colored Powertips","Downfall","Hermit","Hero for Fun","Hubris","Jedi Mod","Jorbs\u0027s Wanderer Trilogy","Lobotomy","Marisa????????","Minty Spire (QoL Compilation)","Remilia??????","StSLib","The Alterego","The Animator","The Construct","The Hierophant","The Runesmith","The Servant 0.9.4","TheBandit","TheFirefly","Yuri Mod","thorton"],"gold_per_floor":[115,126,144,144,156,156,156],"floor_reached":6,"playtime":747,"items_purged":[],"score":38,"play_id":"fa66046b-3c2e-4173-a67f-cf340af5b5f2","local_time":"20201212055102","is_ascension_mode":false,"campfire_choices":[],"circlet_count":0,"master_deck":["alterego_mod:Strike","alterego_mod:Strike","alterego_mod:Strike","alterego_mod:Strike","alterego_mod:Defend","alterego_mod:Defend","alterego_mod:Defend","alterego_mod:Defend","alterego_mod:Impale","alterego_mod:BigMeatyClaws","alterego_mod:BrynhildrsRune","hubris:EnhanceAbility","alterego_mod:GoddessCore","alterego_mod:BeGentle","alterego_mod:MagicResistance+1","alterego_mod:Belts"],"relics":["alterego_mod:MasochisticConstitution"],"acts_visited":["Exordium"],"potions_floor_usage":[],"damage_taken":[{"damage":20,"enemies":"2 Louse","floor":1,"turns":4},{"damage":17,"enemies":"Cultist","floor":2,"turns":5},{"damage":23,"enemies":"Jaw Worm","floor":3,"turns":6},{"damage":16,"enemies":"Lots of Slimes","floor":5,"turns":9},{"damage":39,"enemies":"Lagavulin","floor":6,"turns":7}],"seed_played":"-4808894369690272036","potions_obtained":[],"is_trial":false,"path_per_floor":["M","M","M","?","M","E"],"character_chosen":"The_Alterego","items_purchased":[],"campfire_rested":0,"item_purchase_floors":[],"current_hp_per_floor":[44,35,20,20,33,0,0],"gold":156,"neow_bonus":"RANDOM_COLORLESS_2","is_daily":false,"chose_seed":false,"campfire_upgraded":0,"win_rate":0.0,"timestamp":1607770262,"path_taken":["M","M","M","?","?","E"],"items_purchased_type":[],"build_version":"2020-11-30","purchased_purges":0,"victory":false,"max_hp_per_floor":[71,72,73,73,74,74,74],"card_choices":[{"not_picked":["Metamorphosis","Master of Strategy"],"picked":"hubris:EnhanceAbility","floor":0},{"not_picked":["alterego_mod:DiscoLights","alterego_mod:Punishment"],"picked":"alterego_mod:GoddessCore","floor":1},{"not_picked":["alterego_mod:BiFurious","alterego_mod:Skirt"],"picked":"alterego_mod:BeGentle","floor":2},{"not_picked":["alterego_mod:Swimsuit","alterego_mod:1TonWallop"],"picked":"alterego_mod:MagicResistance","floor":3},{"not_picked":["alterego_mod:SakuraFive","alterego_mod:PresenceConcealment"],"picked":"alterego_mod:Belts","floor":5}],"player_experience":497672,"relics_obtained":[],"event_choices":[{"damage_healed":0,"gold_gain":0,"player_choice":"Upgraded","damage_taken":0,"max_hp_gain":0,"max_hp_loss":0,"event_name":"Upgrade Shrine","floor":4,"gold_loss":0,"cards_upgraded":["alterego_mod:MagicResistance"]}],"is_beta":false,"boss_relics":[],"items_purged_floors":[],"is_endless":false,"potions_floor_spawned":[],"killed_by":"Lagavulin","ascension_level":0}}