{"host":"q9718omregw4er46","time":1607770268,"event":{"mods":["BaseMod","Bestiary","Colored Powertips","Custom Start","Highlight Path","Minty Spire (QoL Compilation)","Practice Mode","Quick Restart","Relic Stats"],"gold_per_floor":[111,121,134,134,152,152,182,182,207,207,218,248,266,277,277,277,277],"floor_reached":16,"playtime":661,"items_purged":[],"score":222,"play_id":"2ab30908-ef1e-487a-bcb0-3c536b8eb19f","local_time":"20201212155108","is_ascension_mode":true,"campfire_choices":[{"data":"SashWhip","floor":6,"key":"SMITH"},{"data":"EmptyFist","floor":8,"key":"SMITH"},{"data":"TalkToTheHand","floor":15,"key":"SMITH"}],"circlet_count":0,"master_deck":["AscendersBane","Strike_P","Strike_P","Strike_P","Defend_P","Defend_P","Defend_P","Defend_P","Eruption","Vigilance+1","EmptyFist+1","SashWhip+1","TalkToTheHand+1","MentalFortress"],"relics":["PureWater","Centennial Puzzle","Dream Catcher","Oddly Smooth Stone"],"acts_visited":["Exordium"],"potions_floor_usage":[5,7,7,13],"damage_taken":[{"damage":0,"enemies":"Jaw Worm","floor":1,"turns":4},{"damage":0,"enemies":"2 Louse","floor":2,"turns":3},{"damage":0,"enemies":"Cultist","floor":3,"turns":2},{"damage":5,"enemies":"Exordium Thugs","floor":5,"turns":4},{"damage":12,"enemies":"3 Sentries","floor":7,"turns":8},{"damage":0,"enemies":"Looter","floor":11,"turns":2},{"damage":3,"enemies":"Gremlin Nob","floor":12,"turns":3},{"damage":5,"enemies":"Gremlin Gang","floor":13,"turns":4},{"damage":0,"enemies":"Large Slime","floor":14,"turns":5},{"damage":38,"enemies":"Hexaghost","floor":16,"turns":14}],"seed_played":"2088829126382719969","potions_obtained":[{"floor":2,"key":"EntropicBrew"},{"floor":3,"key":"AttackPotion"},{"floor":13,"key":"Ancient Potion"}],"is_trial":false,"path_per_floor":["M","M","M","?","M","R","E","R","T","?","M","E","M","M","R","B"],"character_chosen":"WATCHER","items_purchased":[],"campfire_rested":0,"item_purchase_floors":[],"current_hp_per_floor":[67,67,67,60,55,55,43,43,43,43,43,40,35,35,35,0,0],"gold":277,"neow_bonus":"TEN_PERCENT_HP_BONUS","is_daily":false,"chose_seed":false,"campfire_upgraded":3,"win_rate":0.0,"timestamp":1607770268,"path_taken":["M","M","M","?","M","R","E","R","T","?","?","E","M","M","R","BOSS"],"items_purchased_type":[],"build_version":"2020-11-30","purchased_purges":0,"victory":false,"max_hp_per_floor":[74,74,74,74,74,74,74,74,74,74,74,74,74,74,74,74,74],"relic_stats":{"Centennial Puzzle":[9],"Dream Catcher":0,"counters":[10,49],"obtain_stats":[{"Centennial Puzzle":7,"Dream Catcher":9,"Oddly Smooth Stone":12,"PureWater":0},{"Centennial Puzzle":5,"Dream Catcher":5,"Oddly Smooth Stone":7,"PureWater":0},{"Centennial Puzzle":21,"Dream Catcher":21,"Oddly Smooth Stone":26,"PureWater":0}]},"card_choices":[{"not_picked":["PathToVictory","Fasting2"],"picked":"EmptyFist","floor":1},{"not_picked":["ForeignInfluence","FlurryOfBlows"],"picked":"SashWhip","floor":2},{"not_picked":["Evaluate","CrushJoints","Protect"],"picked":"SKIP","floor":3},{"not_picked":["JustLucky","CutThroughFate","Prostrate"],"picked":"SKIP","floor":5},{"not_picked":["Protect","Crescendo","Halt"],"picked":"SKIP","floor":7},{"not_picked":["SashWhip","FlyingSleeves"],"picked":"TalkToTheHand","floor":11},{"not_picked":["Brilliance","JustLucky","ClearTheMind"],"picked":"SKIP","floor":12},{"not_picked":["Prostrate","Protect"],"picked":"MentalFortress","floor":13},{"not_picked":["Pray","Consecrate","BowlingBash"],"picked":"SKIP","floor":14}],"player_experience":995157,"relics_obtained":[{"floor":7,"key":"Centennial Puzzle"},{"floor":9,"key":"Dream Catcher"},{"floor":12,"key":"Oddly Smooth Stone"}],"event_choices":[{"cards_removed":["Strike_P"],"damage_healed":0,"gold_gain":0,"player_choice":"Card Removal","damage_taken":7,"max_hp_gain":0,"max_hp_loss":0,"event_name":"Golden Wing","floor":4,"gold_loss":0},{"damage_healed":0,"gold_gain":0,"player_choice":"Upgraded","damage_taken":0,"max_hp_gain":0,"max_hp_loss":0,"event_name":"Upgrade Shrine","floor":10,"gold_loss":0,"cards_upgraded":["Vigilance"]}],"is_beta":false,"boss_relics":[],"items_purged_floors":[],"is_endless":false,"potions_floor_spawned":[2,3,13],"killed_by":"Hexaghost","ascension_level":19}}